4112 6428
315 451 444 506 1165

1385 447 1566 505 Ριιον
1578 445 1871 506 ERBIORU
1883 448 1931 503 Μ
1969 447 2145 506 CAPU
2157 449 2198 503 T
2236 447 2474 505 XXVIII.

3443 453 3580 510 1666

941 567 1114 628 Noun
1143 571 1208 628 et
1239 563 1431 626 varia;
1480 564 1796 626 lectiones
1834 561 1915 624 ad
1959 579 2094 642 cap.
2129 565 2375 625 XXVI!
2411 562 2935 627 Proverbiorum.

305 658 670 740 praepropere;
728 676 790 740 ut
841 667 1072 740 solebat,
1131 667 1455 739 exscripsit,
1500 667 1888 740 ὲνεχυράσατο,

302 737 588 801 vertitque,
614 737 855 793 abstulit.
969 738 1172 793 DBACII.

375 805 441 862 ν.
477 805 566 862 15.
597 805 764 863 Hebr.
797 806 1104 864 Secundum
1139 807 1286 872 Keri,
1317 816 1539 868 eum.

1998 666 2165 722 Thes.
2426 668 2628 740 ερλμος
2662 677 2718 722 et
2762 669 2943 740 ὸλμρς.
2988 667 3079 724 Sic
3115 670 3280 740 etiam
3314 669 3606 728 Trommii‘

1997 738 2419 793 concordantize.
2463 737 2606 793 Edit.
2654 737 2839 793 autem
2873 739 3030 793 Rom.
3077 747 3132 793 et
3169 739 3421 798 Kircheri
3450 758 3553 799 con

1614 806 1766 863 Ιοεκ.

370 876 437 933 ν.
470 877 562 934 22.
597 877 679 934 Ad
722 879 1006 935 lectionem
1037 878 1092 935 ‘A
1135 887 1190 934 et
1225 879 1313 942 8.,
1362 879 1771 934 Schleusnerns
1825 878 1879 932 in

1265 971 1922 1034 PROVERBIORUM
1990 971 2253 1034 CAPUT
2309 971 2614 1033 XXVIII.

623 1069 1028 1126 ΣΥΜΜΛΧΟΣ.

375 1323 412 1376 ’5

390 1485 731 1558 Ἀνεσχηκὼς
754 1486 848 1542 καὶ
871 1487 970 1542 οὐκ
988 1487 1138 1544 ἐστιν
1161 1487 1346 1560 ἄρτος.

380 1575 440 1632 5.

377 1741 426 1798 6.
456 1738 782 1811 Περιπατῶν
802 1741 860 1794 ὲν
879 1740 1144 1813 ἁπλότητι
1160 1741 1348 1796 αὐτοῦ.

378 1829 436 1886 7.

303 1923 428 2064 γμξὲ
464 1923 642 1995 Καίγε
667 1926 943 1998 προσευχὴ
970 1925 1136 1981 αὐτοῦ
1173 1925 1354 1996 βδέλυ-

389 2084 474 2140 10.

383 2174 473 2227 11.

377 2265 466 2319 15.
502 2265 930 2338 Εὐοδωθήσεται.

376 2355 486 2409 Καὶ
508 2356 867 2429 ἐξαγορεύων.

376 2447 465 2524 16.
510 2449 864 2524 ’1-1γούμενος,
892 2451 927 2524 ἢ
959 2451 1245 2523 δυνάστῃς,
1273 2452 1358 2504 ἐν·

305 2518 432 2587 δεὴς
453 2518 738 2578 συνέσεων.

385 2937 479 2997 17.

311 3239 325 3258 ⁸
386 3241 478 3298 18.

396 3323 510 3390 ω.

386 3430 476 3486 20.
511 3429 678 3502 Ἀνὴρ
698 3427 923 3501 ἀληθής.

615 3522 700 3580 ὃῖ
709 3521 998 3580 MMACHU
1009 3523 1067 3577 S.

387 3615 445 3671 2.

391 3705 447 3762 3.

393 3866 654 3924 Retinens
685 3879 765 3935 se,
792 3873 846 3922 et
872 3879 978 3921 non
1005 3871 1091 3920 est
1115 3863 1294 3934 panis.

396 3959 450 4014 5.

396 4122 450 4178 6.
473 4119 776 4178 Ambulans
798 4120 852 4177 in
877 4118 1225 4190 simplicitate
1245 4133 1367 4173 sua.

403 4285 456 4341 7.

350 4514 362 4527 O
397 4445 451 4501 9.
489 4443 665 4500 Etiam
693 4441 893 4499 oratio.
919 4441 1041 4512 eius
1087 4440 1374 4498 abomina-

323 4524 423 4572 tio.

399 4607 489 4664 10.

402 4790 490 4846 15.
525 4787 964 4861 Prosperabitur.

399 4883 466 4939 Et
491 4885 583 4955 qui
608 4882 913 4953 proﬁtetur.

399 4975 488 5030 16.
542 4974 684 5042 Dux,
711 4974 798 5029 vel
843 4972 1096 5044 dynasta,
1128 4970 1378 5042 indigens

330 5045 726 5118 iutelligentiis.

405 5440 502 5501 17.

409 5671 497 5727 18.

409 5768 499 5822 19.

403 5857 495 5914 20.
536 5863 627 5922 Υἰτ
655 5882 812 5921 verax
825 5906 838 5918 .

1919 1073 1996 1128 θ’.

1486 1237 1543 1294 2.
1574 1236 1804 1309 Κρίσεις
1832 1237 2160 1306 ἐγείρονται.

1491 1329 1544 1382 5.
1571 1328 1846 1399 Ἀνδρεῖος
1875 1330 1935 1383 ὲν
1985 1326 2264 1392 ἀσεϐείαις
2304 1344 2465 1381 συκο-

1421 1401 1612 1468 φαντεῖ
1636 1397 1906 1469 πτωχούς.

1490 1489 1706 1560 Δάϐρος
1737 1491 1830 1543 καὶ
1856 1490 2158 1562 ἀνωφελής.

1495 1581 1546 1635 5.
1572 1582 1902 1651 Συνήσουσιν
1935 1583 1994 1636 ὲν
2021 1582 2206 1636 παντί.
2249 1585 2313 1637 Οἱ
2345 1583 2471 1636 λοι·-

1423 1651 1546 1716 ποὶ,
1579 1652 1869 1722 συνήσουσι
1901 1653 2098 1710 πάντα.

1426 1815 1458 1831 _
1492 1740 1546 1796 6.
1584 1741 1953 1813 Πορευὸμενος
1986 1742 2045 1796 ὲν
2072 1743 2320 1814 ἀληθείᾳ.

1497 1828 1551 1880 7.
1591 1827 1690 1890 "O;
1716 1828 1773 1882 δὲ
1798 1829 2072 1901 ποιμαίνει
2103 1832 2361 1890 ἀσωτίαν.

1497 1918 1564 1994 ξ).-
1580 1919 1689 1972 Καὶ
1736 1919 1896 1982 αὐτὸς
1957 1921 2264 1994 προσευχὴν
2304 1923 2469 1978 αὑτοῦ

1426 1987 1761 2043 ὲϐδὲλυκται.

1497 2082 1583 2137 10.
1612 2082 2006 2138 Διελεύσονται.

1496 2171 1582 2226 11.
1613 2171 2040 2240 Καταγνώσεται
2070 2175 2254 2231 αὐτόν.

1497 2264 1584 2319 15.
1622 2265 2045 2334 Εὑοδωθήσεται.

1505 2356 1566 2408 ὐ
1599 2356 1657 2409 δὲ
1679 2357 1874 2429 ὲξηγού
1883 2376 2062 2428 μενος.

1502 2447 1588 2502 10.
1621 2449 1882 2515 Βασιλεὺς
1917 2450 2106 2523 ἐνδεὴς
2131 2451 2429 2525 προσόδων.

1500 2609 1690 2686 Μέγας
1711 2613 2073 2686 συκοφάντης.
2112 2616 2350 2684 Ἄλλος,
2388 2617 2483 2672 καὶ

1429 2680 1846 2753 πολύστρεσλον.

1501 2777 1730 2851 Μακρρν
1755 2779 1952 2851 χρόνον
1968 2780 2212 2851 ζήσεται.
2247 2783 2482 2851 Ἄλλος,

1435 2847 1647 2918 μακρὸν
1681 2847 1936 2918 βιώσεται
1972 2847 2105 2920 βίον.

1505 2938 1595 3019 12.
1641 2938 1739 3002 Ὃς
1759 2939 1988 3062 Epdice:
2017 2941 2084 2994 τὰ
2106 2935 2220 2995 ὦτα
2259 2944 2334 3016 μὴ
2370 2945 2484 2997 εἰσ-

1505 3024 1665 3062 ,ουσαι
1691 3009 1762 3060 ἀσ
1799 3025 1973 3062 ενους.
2040 3013 2134 3062 καὶ
2163 3013 2325 3062 αὐτὸς⁹
2365 3015 2484 3062 ἐπι-

1434 3009 1665 3062 ακοῦσαι
1691 3009 1973 3073 ἀσθενοῦς,
2040 3013 2134 3064 καὶ
2163 3009 2334 3076 adfor,"
2365 3015 2488 3067 ὲπι-

1435 3077 1745 3164 καλέσεται,
1785 3079 1885 3133 καὶ
1939 3079 2041 3134 οὐκ
2078 3081 2234 3136 ἔσται
2273 3083 2306 3136 ὁ
2332 3084 2484 3138 εἱσα-

1435 3165 1610 3203 κουων
1617 3189 1632 3203 ο

1507 3239 1595 3295 18.
1624 3239 1862 3305 Δίκαιος.

1508 3332 1597 3387 19.
1631 3332 1852 3405 Σχολήν.
1884 3334 2117 3402 Ἄλλος,
2148 3336 2449 3409 ἀπραγίαν.

1509 3423 1601 3479 20.
1641 3423 1803 3494 Ἀνὴρ
1830 3423 2164 3489 ἀξιόπιστος.

1605 3517 1748 3573 LXX
1783 3517 2291 3580 INTERPRETES.

1508 3611 1565 3666 2.
1595 3609 1807 3668 Judicia
1834 3612 2165 3669 excitantur.

1509 3703 1563 3757 5.
1597 3702 1874 3776 Robustus
1906 3705 1961 3760 in
1993 3705 2364 3776 impietatibus
2391 3720 2488 3761 ca-

1439 3771 1741 3828 lumniatur
1767 3790 2054 3845 pauperes.

1511 3862 1821 3922 Vehemens
1849 3875 1904 3922 et
1931 3865 2162 3924 inutilis.

1513 3954 1565 4026 5.
1598 3955 1935 4026 intelligent
1985 3956 2038 4010 in
2113 3959 2286 4015 omni.
2343 3957 2489 4014 Reli-

1439 4025 1530 4094 qui
1544 4064 1559 4088 ,
1595 4025 1897 4097 intelligent
1928 4027 2136 4084 omnia.

1513 4117 1566 4174 6.
1595 4117 1809 4176 Vadcns
1837 4119 1892 4176 in
1925 4120 2172 4176 veritate.

1513 4280 1568 4334 7.
1605 4278 1711 4348 Qui
1753 4286 1936 4336 autem
1974 4281 2149 4352 pascit
2192 4281 2486 4336 luxuriam.

1513 4441 1570 4498 9.
1601 4439 1667 4496 Et
1702 4441 1818 4512 ipse
1851 4440 2154 4498 orationem
2181 4455 2337 4498 suam
2362 4441 2492 4498 abo-

1443 4510 1758 4568 minabilem
1782 4510 1928 4567 fecit.

1514 4602 1603 4658 10.
1635 4600 2074 4658 Pertransihunt.

1515 4697 1604 4752 11.
1635 4695 2033 4752 Condemnabit
2065 4710 2211 4750 eum.

1519 4791 1608 4846 15.
1649 4789 2089 4860 Prosperabilur.

1516 4881 1622 4949 Qui
1649 4891 1832 4938 autem
1861 4889 2070 4938 narrat.

1519 4975 1609 5032 16.
1643 4974 1759 5032 Rex
1815 4974 2068 5047 indigens
2117 4973 2493 5045 proventibus.

1518 5113 1747 5187 Magnus
1803 5115 2160 5187 sycophanta.
2209 5115 2400 5180 Alius,
2446 5124 2500 5171 et

1446 5185 1881 5256 valde'pervers‘u
1891 5185 1963 5238 m.

1520 5277 1708 5346 Longo
1767 5285 2014 5346 tempore
2072 5277 2234 5333 vivet.
2301 5277 2498 5345 Alius,

1447 5345 1666 5419 longam
1694 5347 1862 5401 vitam
1893 5345 2075 5402 ducet.

1523 5439 1610 5494 17.
1664 5438 1768 5504 Qui
1821 5438 2045 5495 obturat
2089 5453 2253 5495 aures
2289 5448 2351 5495 ut
2390 5454 2498 5494 non

1449 5509 1638 5563 audiat
1682 5508 1959 5563 inﬁrmum
1987 5549 2003 5574 ,
2039 5519 2093 5564 et
2131 5509 2247 5578 ipse
2276 5509 2503 5565 invoca--

1451 5579 1551 5642 bit,
1577 5588 1632 5634 et
1657 5594 1765 5633 non
1799 5579 1905 5634 erit
1927 5580 2020 5650 qui
2043 5580 2324 5637 exaudiat.

1525 5668 1613 5724 18.
1644 5667 1857 5725 Justus.

1523 5761 1611 5817 19.
1653 5760 1860 5816 Otium.
1893 5762 2083 5830 Alius,
2116 5762 2392 5820 inertiam.

1519 5854 1612 5910 20.
1642 5852 1739 5909 Vir
1766 5854 1870 5911 ﬁde
1899 5854 2118 5927 dignus.

1993 808 2169 874 cord.,
2197 808 2382 878 ὀλμός,
2414 823 2539 863 cum
2574 809 2683 862 leni
2710 809 2927 879 spiritu.
2999 808 3204 869 DRACII.

2863 1072 3266 1128 ΘΕΟΔΟΤΙΩΝ.

2608 1235 2664 1289 2.
2700 1234 2891 1289 Πολλοὶ
2918 1236 3179 1308 ἄρχοντες
3210 1235 3411 1292 αὐτῶν.

2610 1333 2666 1387 '5.
2693 1333 2861 1405 Ἀνὴρ
2885 1335 3087 1405 ἄπορος
3111 1335 3206 1388 καὶ
3236 1332 3588 1391 συκοφαντῶν

2542 1406 2812 1472 πτωχούς.

2611 1497 2952 1569 ’Δνεσχηκὼς
2981 1498 3076 1553 καὶ
3094 1499 3194 1552 οὐκ
3225 1498 3373 1553 ἔστιν
3403 1499 3585 1570 ἄρτος.

2609 1590 2664 1644 5.

2613 1746 2666 1802 6.
2692 1746 3013 1819 Περιπατῶν
3035 1749 3093 1802 ὲν
3118 1747 3378 1813 ἁπλότητι
3401 1747 3588 1804 αὐτοῦ.

2618 1839 2670 1895 7.

2614 1929 2666 1983 9.
2697 1930 2872 2001 Καίγε
2910 1933 3185 2004 προσευχὴ
3217 1931 3383 1986 αὐτοῦ
3409 1931 3591 2005 βδέλυ-

2625 2018 2680 2054 α.

2544 2015 2680 2070 γμα.

2617 2090 2703 2145 10.
2737 2089 3063 2145 Διελοῦνται.

2618 2181 2641 2234 1
2659 2183 2676 2236 Ι
2691 2221 2704 2234 .
2737 2183 3058 2253 Ἐξιιχνιάσει
3082 2181 3265 2241 αὐτόν.

2622 2273 2712 2330 15.

2622 2365 2733 2420 Καὶ
2760 2365 3058 2437 ὁμολογῶν.

2628 2458 2719 2514 16.

2628 2945 2718 3004 17.

2631 3245 2696 3301 18
2703 3285 2716 3298 .
2745 3243 2979 3312 Τέλειος.

2635 3338 2722 3395 19.
2756 3338 2924 3394 Κενά.

2642 3430 2735 3485 20.

2862 3524 3284 3582 ΤΙΙΕΟυΟΤΙΟ.

2631 3614 2688 3669 2.
2717 3615 2867 3670 Multi
2894 3618 3167 3687 principes
3181 3633 3393 3674 eorum.

2637 3705 2691 3759 5.
2734 3704 2829 3760 Vir
2875 3722 3116 3777 egenus,
3162 3717 3217 3764 et
3264 3707 3605 3767 calumniatus

2562 3789 2664 3844 pau
2675 3791 2849 3842 peres.
3336 3807 3340 3810 -

2635 3863 2894 3922 Retinens
2921 3881 3002 3934 se,
3032 3877 3088 3923 et
3122 3882 3229 3925 non
3259 3881 3344 3927 est
3373 3869 3554 3941 panis.

2634 3956 2689 4011 5.

2635 4116 2687 4176 6.
2717 4118 3018 4177 Ambulans
3036 4119 3091 4176 in
3111 4119 3463 4193 simplicitate
3483 4136 3604 4178 sua.

2632 4278 2690 4334 7.

2565 4512 2599 4566 ι.
2633 4443 2686 4497 9.
2723 4439 2898 4495 Etiam
2943 4439 3120 4495 oratio
3160 4438 3283 4510 ejus
3327 4438 3604 4496 abomina-

2588 4527 2660 4566 ιο.

2588 4527 2639 4567 I0

2636 4551 2722 4658 10.
2751 4601 3021 4659 Divident.

2637 4693 2726 4749 11.
2757 4690 3102 4748 Scrutabitur
3128 4705 3276 4748 eum.

2640 4786 2727 4840 15.

2641 4879 2709 4936 Et
2733 4876 3022 4936 conﬁtens.

2643 4969 2736 5028 16.

2647 5434 2731 5488 17.

2646 5663 2736 5717 18.
2772 5658 3068 5715 Perfectus.

2647 5753 2736 5808 19.
2776 5754 2948 5808 Vana.

2650 5850 2744 5905 20.
