4112 6432
369 386 508 445 1497

687 501 1092 558 ΣΥΜΜᾹΧΟΣ.

435 661 490 720 6.
523 663 804 736 Καταντᾷ.
837 703 852 720 .
879 703 895 719 .
937 700 953 716 .
1000 701 1013 715 .

440 967 489 1021 7.
519 964 630 1020 Kal
658 965 692 1036 ἡ
718 963 963 1036 Θάλασσα
985 964 1054 1036 οὲ
1072 965 1420 1036 πλημμυρεζο

369 1047 447 1100 εἰς
494 1036 587 1106 τὸν
639 1029 825 1102 τόπον,
877 1035 972 1104 ἀφ’
1000 1029 1060 1090 οὒ
1097 1029 1418 1106 elataeath

364 1105 709 1177 πορεύονται,
731 1107 825 1160 καὶ
849 1106 966 1158 ἐκεῖ
986 1107 1142 1160 αὐτοὶ
1159 1104 1418 1176 ἀναστρέ-

366 1193 578 1246 φουσιν.

437 1269 488 1326 8.
513 1266 813 1330 Κοπώδεις.

447 1362 734 1434 ’Λδύνατὸν
767 1363 916 1415 ἐστιν
941 1360 1224 1434 ἄνθρωπον
1269 1363 1416 1417 ἐκνι-

364 1433 434 1506 κῆ
444 1452 530 1487 σαι
551 1433 798 1502 λέγοντα.

435 1527 488 1582 9.
526 1525 600 1579 Τὸ
623 1525 880 1597 ἐσόμενον
908 1525 1140 1579 ἔσεσθαι.

435 1621 508 1674 Τὸ
543 1620 734 1692 μέλλον
765 1620 1001 1676 ἕσεσῡαι.

434 1715 658 1771 Καινόν.

435 1805 522 1860 10.
550 1799 697 1876 Ἀρα
719 1807 834 1860 ἐστί
859 1825 911 1860 τι
936 1807 966 1860 ὃ
995 1809 1108 1876 ἒρεῖ
1137 1825 1239 1871 τις,
1263 1806 1418 1874 (Ἴδε,

363 1877 522 1948 τοῦτο
539 1878 723 1948 καινόν
749 1879 868 1948 ἐστι
893 1894 909 1942 ;
941 1876 1053 1948 Kal
1075 1878 1175 1948 ἥδη
1204 1876 1420 1945 ἐγένετο

363 1947 421 2000 ὲν
449 1945 526 2018 τῷ
559 1946 714 2002 αἰῶνι
739 1946 858 2016 τῷ)
886 1947 994 2017 πρὸ
1024 1945 1206 2017 ἡμῶν.

439 2105 528 2184 11.
561 2105 722 2176 Παρὰ
783 2108 897 2172 τοῖς
949 2107 1230 2180 ἐσομένοις
1284 2108 1422 2179 μετὰ

365 2191 558 2229 ταυτα.

437 2267 524 2320 15.
560 2267 900 2340 Προεϐἐμην.

436 2451 651 2523 Ταύτην
688 2451 941 2524 ἀσχολίαν
975 2455 1238 2526 πονηράν.

447 2545 844 2616 ’Λσχολεῖσοαιη

436 2634 524 2689 14.
568 2636 763 2708 Ἀτμὸς
784 2636 877 2690 καὶ
904 2635 1164 2709 βόσκησις
1186 2638 1416 2708 ἀνέμου.
1451 2635 1454 2640 ’

439 2794 527 2870 15.
569 2795 679 2870 Kal.
706 2796 990 2870 ὑστέρημα
1020 2798 1095 2868 μὴ
1124 2799 1423 2870 δυνάμενον

364 2867 760 2938 ἐναπληρῶσαι
779 2867 1031 2938 ἀριθμόν.

437 2956 526 3013 16.
558 2959 712 3012 Μετὰ
739 2958 839 3028 τῆς
867 2958 1105 3022 διανοίας
1139 2976 1261 3030 μου.

437 3051 549 3104 Καὶ
574 3050 941 3123 ὑπερέϐαλλον
977 3050 1158 3122 σοφίᾳ.

441 3141 528 3196 17.

674 3262 1126 3322 SYMMACIIUS.

440 3355 496 3410 6.
532 3354 692 3411 Vadit
734 3357 800 3412 ad
841 3357 1150 3420 meridiem,
1205 3368 1259 3412 et
1317 3358 1429 3414 cir-

372 3440 441 3480 cu
451 3427 548 3480 mit
569 3427 638 3482 ad
659 3427 880 3482 boream
901 3445 913 3481 :
936 3429 1318 3497 peramlmlans
1335 3444 1429 3483 va-

371 3497 454 3578 dit
494 3505 708 3578 ventus.
743 3506 798 3552 et
840 3513 935 3578 per
972 3514 1094 3569 quae
1131 3499 1426 3555 circumie-

373 3573 460 3620 rat
488 3573 780 3623 revertitur
813 3576 1033 3623 ventus.

451 3727 503 3783 7.
545 3725 614 3781 Et
667 3742 818 3783 mare
863 3743 970 3784 non
1021 3729 1335 3784 redundat:
1373 3729 1426 3786 in

371 3799 552 3854 locum
580 3839 594 3862 ,
632 3812 660 3851 a
696 3814 806 3869 quo
838 3798 1064 3854 ﬂumina
1100 3811 1344 3870 manant,
1372 3811 1424 3857 et

372 3871 506 3925 illuc
548 3870 665 3939 ipsa
695 3880 1064 3925 revertuntur.

442 3959 495 4012 8.
542 3957 862 4012 Laboriosa.

381 4050 785 4177 d.lmpossibile
801 4059 883 4108 est
901 4049 1177 4107 hominem
1208 4051 1424 4109 vincere

421 4133 666 4177 merrtem.

421 4133 666 4178 icentem.

445 4217 499 4270 9.
536 4214 692 4280 Quod
723 4213 966 4270 futurum
998 4222 1103 4270 est.

445 4306 601 4371 Quod
636 4305 883 4363 futurum
911 4312 994 4363 est
1031 4315 1090 4361 ut
1119 4303 1214 4363 sit.

441 4394 674 4453 Novum.

446 4489 534 4543 10.
567 4487 706 4560 Num
743 4498 829 4545 est
852 4489 1129 4560 quidpiam
1162 4488 1306 4559 quod
1341 4490 1423 4544 di-

372 4568 459 4629 cet
479 4560 605 4629 quis
631 4577 643 4614 :
671 4559 819 4624 Vide,
858 4559 961 4614 hoc
989 4559 1196 4614 novum
1219 4561 1337 4615 est?
1361 4560 1424 4614 lit

366 4627 727 4703 jam—factum
768 4639 853 4686 est
912 4631 967 4685 in
1020 4631 1222 4686 swculo
1275 4631 1423 4703 quod

372 4699 477 4754 fuit
512 4710 640 4756 ante
677 4715 801 4756 nos.

441 4791 530 4848 11.
570 4791 730 4862 Apud
756 4807 852 4850 eos
880 4793 974 4865 qui
1014 4801 1176 4850 erunt
1211 4801 1419 4865 postea.

444 4954 532 5011 15.
558 4955 848 5027 Proposui.

696 5069 725 5094 δ

444 5140 598 5197 Hanc
623 5140 1038 5210 occupationem
1069 5141 1291 5201 malam.

448 5233 516 5290 Ut
553 5243 971 5304 occuparentur.

442 5327 529 5383 14.
555 5327 739 5398 Vapor
768 5339 822 5384 et
848 5329 1028 5400 pastio
1054 5328 1224 5385 venti.

440 5486 529 5540 15.
562 5485 629 5540 Et
663 5484 908 5542 defectus
946 5501 1056 5542 non
1089 5486 1276 5546 valens
1313 5492 1421 5547 im-

372 5556 520 5630 plere
551 5572 864 5612 numerum.

450 5645 533 5702 16.
573 5645 710 5702 Cum
749 5648 934 5704 animo
971 5662 1116 5705 meo.

443 5736 511 5791 Et
548 5739 800 5810 superavi
821 5741 1108 5812 sapientia.

447 5833 474 5885 1
487 5829 532 5884 7.

1577 384 1911 441 ECCLESIA
1921 383 2080 440 8ΤιιΕ
2121 384 2355 440 CAPUT
2401 384 2447 438 ῐ.

1977 511 2053 558 U'.

1560 664 1610 718 6.
1644 665 1944 736 Πορεύεται
1969 665 2108 735 πρὸς
2129 665 2304 736 νότον,
2331 664 2425 736 και
2449 681 2548 736 κυ-

1487 733 1606 788 κλοῖ
1635 733 1773 806 πρῦς
1824 733 2046 806 βορρᾶν)
2086 735 2278 786 κυκλοῖ
2307 734 2548 806 κυκλῶν,

1488 804 1780 876 πορεύεται
1808 804 2145 876 ςεοπνεῦμα,
2185 806 2279 876 καὶ
2317 804 2546 876 ὲπὶᾷκύ-

1486 873 1645 937 κλους
1667 874 1832 927 αὑτοῦ
1863 873 2183 944 ἐπιστρέψει
2209 875 2268 926 τὸ
2307 873 2545 944 πνεῦμα.

1558 965 1611 1036 '7.
1642 965 1750 1036 Kal
1783 964 2092 1036 ἠὉὰλασσα
2131 965 2232 1036 οὐκ
2267 964 2416 1036 ἔστιν
2446 967 2548 1036 ἐμ-

1489 1028 1837 1106 πιπ).αμένη’·
1866 1036 1946 1106 είς
1974 1034 2066 1086 τὸν
2086 1034 2250 1106 τόπον
2280 1028 2342 1106 οὗ
2369 1036 2417 1087 οἱ
2438 1028 2549 1105 χεί-

1492 1103 1693 1177 μαῤῥοι
1719 1103 2062 1177 πορεύονται,
2091 1105 2208 1177 ἐκεῖ
2238 1105 2392 1159 αὐτοὶ
2425 1103 2547 1158 ἐξει-

1492 1172 1910 1246 στρὲφουσι’τοῧ
1944 1172 2300 1244 πορευθῆναι.

1562 1267 1618 1322 8.
1653 1269 1944 1336 Ἐγκοποι.

1563 1360 1638 1416 Οὐ
1667 1360 1957 1431 δυνήσεται
1985 1359 2126 1431 ἀνὴρ
2158 1358 2254 1413 τοῦ
2288 1357 2494 1414 λαλεῖν.

1566 1520 1620 1575 9.
1653 1521 1726 1574 Τὸ
1753 1520 2138 1592 γενησόμενον.

1567 1615 1642 1669 Τὸ
1671 1615 2124 1687 ποιηοησόμενον.

1568 1709 1614 1762 Π
1623 1710 1886 1780 ρόσφατον
1894 1751 1907 1766 .

1566 1801 1654 1873 10.
1685 1804 1783 1865 Ὃς
1825 1802 2047 1873 λαλήσει
2101 1800 2196 1873 καὶ
2253 1800 2408 1873 ἐρεῖ,
2443 1799 2549 1873 Ἴδε

1491 1872 1652 1926 τοῦτο
1675 1873 1859 1926 καινόν
1885 1870 2030 1924 ἐσίτιν
2056 1889 2069 1903 ·
2108 1870 2208 1942 ἤδη
2238 1870 2467 1942 γέγονενΔ
2491 1872 2550 1922 ὲν

1495 1947 1608 2007 τοῖς
1640 1943 1802 1995 αίῶσι
1831 1943 1944 2005 τοῖς
1975 1939 2289 2011 γενουζένοις
2313 1940 2422 1994 ἀπὸ
2444 1939 2548 2010 εμ-

1495 2013 1733 2084 προσοεν
1763 2012 1940 2083 ἡμῶν.

1566 2106 1654 2160 11.
1686 2104 1839 2160 Μετὰ
1865 2104 1976 2158 τῶν
2026 2103 2408 2176 γενησομένων
2469 2103 2546 2168 εἰς

1495 2177 1596 2248 τὴν
1620 2176 1877 2246 ἐσχάτην.

1568 2268 1654 2323 15.
1685 2266 1795 2322 Καὶ
1825 2267 2002 2320 ἔδωκα
2031 2267 2130 2338 τὴν
2158 2266 2390 2338 καρδίαν
2417 2283 2547 2337 μου.

1564 2359 1676 2412 Kal
1703 2357 1799 2411 τοῦ
1827 2358 2298 2427 κατασκέψασθαι.

1568 2454 1690 2506 Ὅτι
1719 2453 2103 2526 περισπασμὸν
2133 2452 2392 2524 πονηρόν.

1567 2543 1970 2617 Περισπᾶσοαι.

1565 2637 1656 2721 11.
1695 2634 2011 2707 Ματαιότης
2035 2675 2052 2702 ,
2104 2636 2200 2690 καὶ
2230 2635 2551 2708 προαίρεσις

1495 2724 1824 2779 πνευματος.

1570 2800 1656 2856 15.
1695 2799 1800 2852 Καὶ
1837 2797 2124 2870 ὑστέρημα
2172 2799 2234 2852 οὐ
2267 2797 2553 2870 δυνήσεται

1495 2869 1885 2943 ἀριθμηθῆναι.

1569 2961 1656 3015 16.
1693 2961 1783 3013 Ἐν
1813 2963 1880 3031 τῇ
1909 2959 2110 3032 καρδίᾳ
2141 2977 2264 3030 μου.

1568 3051 1681 3106 Καὶ
1710 3050 2028 3122 προσέθηκα
2058 3049 2274 3119 σοφίαν.

1571 3143 1658 3196 1⁸7.
1691 3140 2036 3213 Παραϐολάς.

1673 3263 1816 3321 LXX
1857 3261 2156 3317 INTERPR
2166 3260 2362 3316 ETES.

1574 3353 1629 3411 6.
1669 3353 1826 3410 Vadit
1875 3353 1942 3408 ad
2005 3361 2282 3415 austrum,
2318 3360 2372 3407 et
2401 3359 2556 3422 gyrat

1501 3426 1567 3482 ad
1593 3426 1951 3495 aquilonem:
1977 3433 2133 3494 gyrat
2162 3438 2382 3494 gyrans.
2408 3422 2558 3476 vadit

1501 3494 1750 3566 Spiritus,
1799 3504 1855 3549 et
1890 3494 1964 3566 in
2019 3495 2259 3550 circulos
2301 3507 2435 3549 suos
2471 3507 2558 3548 re-

1501 3565 1734 3623 vertitur
1769 3565 2019 3635 spiritus.

1567 3732 1622 3788 7.
1657 3729 1725 3784 Et
1762 3743 1913 3784 mare
1963 3743 2070 3787 non
2116 3736 2201 3783 est
2243 3725 2552 3796 impletum.

1500 3799 1580 3855 Ad
1606 3803 1785 3856 locum
1811 3815 1920 3870 quo
1945 3808 2214 3870 torrentes
2237 3807 2390 3864 eunt,
2421 3797 2552 3854 illuc

1499 3871 1602 3941 ipsi
1628 3869 1977 3926 revertuntur
2010 3869 2078 3924 ad
2107 3872 2372 3924 cundum.

1568 3962 1624 4016 8.
1661 3961 1912 4017 Onerosi.

1565 4053 1685 4110 Non
1728 4055 1930 4126 poterit
1959 4055 2042 4110 vir
2077 4055 2284 4126 eloqui.

1565 4216 1620 4273 9.
1655 4216 1812 4283 Quod
1841 4216 2086 4272 futurum
2113 4226 2218 4272 cst.

1569 4306 1752 4377 Ipsum
1793 4308 1938 4379 quod
1980 4308 2292 4365 faciendum
2314 4319 2418 4366 est.

1568 4399 1802 4455 Recens.

1567 4491 1655 4544 10.
1681 4490 1784 4556 Qui
1813 4491 2084 4561 loquetur,
2105 4506 2168 4546 ac
2184 4492 2325 4547 dicet
2350 4511 2362 4547 :
2390 4491 2546 4557 Vide,

1497 4561 1602 4616 hoc
1627 4578 1825 4615 novum
1856 4572 1940 4618 est
1973 4580 1988 4628 ;
2021 4565 2133 4630 jam
2161 4561 2263 4616 fuit
2293 4563 2346 4617 in
2377 4579 2552 4618 samu-

1497 4631 1583 4698 lis,
1616 4647 1738 4704 qua:
1765 4631 1985 4688 fuerunt
2009 4644 2134 4688 ante
2158 4650 2279 4690 nos.

1529 4797 1538 4808 '
1568 4798 1656 4880 il.
1685 4796 1824 4880 Cum
1872 4796 1953 4853 eis
1995 4797 2090 4868 qui
2130 4796 2302 4853 futuri
2333 4807 2460 4854 sunt
2494 4799 2549 4853 in

1496 4881 1822 4924 novtsmmo.

1568 4961 1658 5017 15.
1682 4959 1749 5015 Et
1777 4959 1900 5015 dedi
1931 4974 2029 5014 cor
2067 4975 2270 5016 meum.

1567 5051 1634 5108 Et
1660 5053 1728 5107 ad
1757 5052 2238 5108 considerandum.

1567 5143 1838 5209 Quoniam
1879 5145 2294 5202 distractionem
2325 5147 2545 5204 malam.

1569 5231 1643 5288 Ut
1671 5245 2094 5304 occuparentur.

1565 5326 1656 5380 14.
1684 5326 1913 5384 Vanitas
1945 5340 2000 5384 et
2040 5331 2393 5402 praesumptio
2438 5333 2552 5404 spi~
2621 5343 2626 5348 ‘

1496 5395 1656 5452 ritus.

1567 5491 1657 5544 15.
1703 5489 1772 5572 Et
1828 5491 2141 5550 imminutio
2187 5509 2297 5549 non
2347 5498 2548 5566 poterit

1495 5574 1797 5616 numerari.

1565 5654 1654 5709 16.
1683 5654 1738 5709 In
1767 5656 1933 5712 corde
1957 5673 2098 5713 meo.

1563 5744 1627 5800 Et
1657 5746 1839 5802 addidi
1875 5751 2220 5820 sapientiam.

1564 5837 1648 5892 17.
1673 5837 1990 5902 Parabolas.

3530 377 3663 434 H9}

2942 501 3319 557 θΕΟΔΟΤΙΩΝ
3335 539 3351 558 .

2700 1786 2790 1842 10.

2695 2088 2788 2145 11.

2695 2251 2786 2306 15.

2694 2433 2896 2490 Τοῦτον
2925 2435 3309 2508 περισπασμὺν
3335 2434 3584 2509 πονηών.

2696 2621 2788 2677 14.
2827 2621 3026 2694 ’Λτμὺς
3054 2621 3148 2676 καὶ
3176 2621 3315 2693 νομὴ
3342 2621 3564 2690 ἀνέμου.

2698 2781 2790 2838 15.

2702 2948 2794 3005 16.

2705 3136 2792 3192 17.
2823 3134 3182 3209 Παραφορὰς.

2939 3253 3356 3313 TIIEODOTIO.

2705 3349 2762 3406 6.

2696 4517 2786 4572 10.

2697 4982 2788 5039 13.

2694 5161 2844 5219 Hanc
2868 5159 3276 5218 distractionem
3305 5157 3529 5218 malam.

2695 5348 2783 5405 14.
2823 5345 3000 5417 Vapor
3029 5354 3083 5400 et
3112 5343 3290 5416 pastio
3324 5341 3494 5399 venti.

2653 5508 2786 5579 ⁸ιδ.

2678 5669 2786 5740 μθ.

2696 5855 2784 5909 17.
2818 5853 3077 5911 Furores.
