4112 6438
400 457 426 512 1
435 458 537 514 505

713 576 1117 639 ΣΥΜΜΛΧΟΣ.

464 738 516 791 9.
547 738 656 791 Kal
683 736 904 807 μεγέθει
926 735 1274 807 ὑπρέὄαλον.

472 829 607 883 Ἀπὸ
636 828 941 900 ἔμπροσθεν
967 826 1123 899 ὲμοῦ.

468 921 553 974 10.
604 919 1004 991 Ἐπεούμησαν.

474 1012 568 1065 Ἐκ
606 1013 784 1083 πάσης
815 1010 1125 1081 φιλοπονίας
1170 1029 1294 1082 μου.

466 1102 551 1155 11.
583 1103 692 1155 Kal
729 1103 820 1156 τὸν
877 1102 1043 1158 πόνον
1089 1102 1149 1156 ὃν
1195 1104 1439 1173 ἐπόνησα

393 1172 880 1244 διαπρασσὸμενος.

466 1428 553 1482 12.
596 1429 705 1484 Kal
731 1429 959 1499 πλάνην.

468 1683 553 1737 15.
597 1685 771 1759 ’Υπὲρ
800 1685 901 1757 τὴν
933 1686 1192 1759 ἀμαθίαν.

463 1776 549 1833 15.
583 1776 695 1832 Kal
723 1780 803 1843 εἰς
824 1779 878 1832 τί
901 1796 993 1850 μοι
1024 1782 1059 1851 ἡ
1078 1778 1248 1849 σοφία
1276 1794 1402 1849 μου;

462 1868 559 1943 17..
580 1868 767 1943 Κακρν
796 1870 906 1943 γάρ
940 1886 1030 1941 μοι
1056 1869 1232 1942 ἐφάνη
1259 1870 1321 1923 τὸ
1349 1870 1441 1942 ἔρ-

388 1954 486 2008 γον
513 1938 574 1991 τδ
602 1938 909 2011 γινόμενον.

462 2031 551 2085 19.
592 2028 704 2084 Kal
726 2030 1028 2103 κυριεύσει.

460 2123 555 2186 Εἰς
583 2122 642 2177 ὃν
677 2123 1020 2194 (ὲμόχθησα).

461 2215 551 2272 20.
576 2215 687 2271 Kal
720 2216 1045 2289 περιήχθην.

452 2470 544 2526 21.
575 2471 688 2524 Kal
705 2471 763 2524 ὲν
792 2470 1100 2543 γοργότητι.

454 2562 565 2617 Kal
598 2563 861 2626 κάκωσις.

452 2654 544 2706 22.
576 2652 698 2707 Ὀτι
732 2652 841 2725 γὰρ
876 2654 1249 2725 περιγέγονεν.

452 2744 545 2801 25.

450 2839 542 2893 21.
585 2839 719 2893 Ἀππδ
754 2839 927 2894 κόπου
956 2838 1143 2895 αὑτοῦ.

450 2931 542 2986 25.
586 2929 905 2986 ’Λναλώσει.

451 3025 544 3079 26.
585 3025 869 3095 Ἀρέσαντι
902 3022 1071 3093 αὐτῷ.

462 3185 764 3258 ’Δσχολίαν.

663 3277 1115 3335 SYMMACHUS.

451 3374 507 3429 9.
547 3371 613 3427 Et
642 3371 1017 3443 magnitudine
1047 3370 1321 3442 superavi.

449 3465 533 3520 Ab
562 3473 687 3519 ante
717 3479 830 3522 me.

451 3555 537 3609 10.
580 3554 1052 3610 Desideraverunt.

447 3648 527 3703 Ex
564 3647 714 3702 omni
765 3647 1034 3704 industria
1073 3662 1214 3703 mea.

450 3740 540 3794 11.
577 3738 645 3794 Et
675 3739 955 3808 laborem,
993 3753 1156 3809 quem
1182 3737 1430 3795 laboravi

376 3810 687 3881 pcrliciens.

448 3995 535 4051 12.
571 3994 636 4050 Et
665 4010 926 4049 errorem.

448 4086 551 4155 Qui
582 4088 756 4158 possit
786 4087 865 4143 ire
890 4093 1017 4157 post
1048 4088 1264 4157 regem?

451 4251 534 4307 l5.
568 4251 745 4322 Super
775 4250 1071 4306 inscitiam.

375 4413 540 4539 "1:35;
586 4411 655 4468 Et
711 4412 780 4468 ad
819 4411 951 4482 quid
992 4410 1128 4467 mihi
1160 4411 1424 4481 sapientia

446 4577 535 4631 17.
575 4575 775 4630 Malum
802 4574 950 4630 enim
980 4572 1116 4630 mihi
1138 4574 1317 4630 visum
1343 4586 1426 4629 est

369 4663 513 4716 Opus
535 4647 679 4717 quod
708 4646 789 4700 lit.
1160 4654 1165 4657 ‘

445 4739 533 4794 19.
577 4737 643 4793 Et
672 4736 1067 4793 dominabitur.

442 4833 499 4886 In
531 4848 694 4904 quem
725 4831 994 4887 laboravi.

438 4924 530 4980 20.
570 4924 637 4979 Et
670 4924 1021 4982 circumverti
1049 4938 1155 4980 me.

438 5177 528 5231 2i.
573 5175 639 5232 Et
671 5177 727 5231 in
761 5176 1127 5233 solicitudine.

438 5269 504 5324 Et
530 5269 772 5327 atllictio.

437 5362 528 5416 22.
558 5360 697 5428 Quia
735 5362 882 5418 enim
908 5361 1198 5434 superfuit.

435 5452 527 5507 25.

432 5541 523 5596 24.
558 5543 602 5594 Λ
629 5542 815 5597 labore
844 5557 964 5599 suo.

563 5632 883 5691 Consumet.

436 5725 527 5780 26.
563 5725 669 5792 Qui
699 5727 745 5781 ci
774 5727 970 5797 placet.

435 5816 882 5888 Occupationem.

1555 452 2058 511 ECCLESIASEJE
2098 458 2331 523 CAPUT
2373 461 2436 517 ll.

1982 583 2059 635 θ’.

1580 734 1633 789 9.
1663 735 1773 788 Kal
1801 735 2191 809 ἐμεγαλύνοην.

1582 826 1721 881 Ἀπὸ
1743 828 2052 900 ἔμπροσθέν
2083 848 2209 902 μου.

1585 920 1673 976 10.
1708 921 1976 992 ’ῌτησαν.

1582 1012 1719 1067 Ἀπὸ
1747 1014 1949 1079 παντὸς
1978 1015 2181 1085 μόχθου
2212 1033 2335 1087 μου.

1578 1102 1671 1185 11.
1706 1104 1819 1188 Kal
1845 1106 1905 1157 ἐν
1961 1104 2147 1176 μόχθῳ
2193 1099 2239 1173 ᾧ
2284 1107 2565 1181 ἐμόχθησα

1511 1191 1607 1228 του
1631 1190 1824 1227 ποιειν.

1582 1268 1918 1338 Marcum-qq,
1945 1267 2040 1321 καὶ
2063 1268 2382 1341 προαίρεσις
2399 1270 2567 1324 πνεύ-

1511 1355 1708 1407 ματος.

1587 1428 1674 1482 12.
1702 1428 1814 1482 Kal
1838 1430 2184 1502 παραφορὰν.

1587 1525 1718 1596 Ὄτιῄ
1737 1524 1821 1589 τίς
1846 1523 2155 1596 ἄνθρωπος,
2186 1526 2245 1589 ὂς
2274 1524 2566 1579 ἐπελεύσε-

1513 1611 1603 1649 ται
1626 1594 1804 1649 ὀπίσω
1828 1596 1925 1665 τῆς
1956 1594 2153 1665 βουλῆς
2174 1613 2189 1658 ;

1588 1684 1675 1741 15.
1721 1686 1891 1763 ’Υπὲρ
1918 1686 2017 1758 τὴν
2049 1684 2383 1758 ἀφροσύνην.

1588 1778 1677 1833 15.
1705 1778 1816 1832 Kal
1854 1778 1994 1834 ἱνατί
2029 1779 2372 1850 ὲσοφισάμην
2396 1779 2531 1849 ὲγὼ;

1589 1872 1675 1926 17.
1710 1872 1834 1927 Ὅτι
1864 1871 2101 1943 πονηρὸν
2126 1873 2214 1925 ἐπ’
2243 1870 2344 1943 ἐμὲ
2363 1873 2426 1927 τὸ
2451 1874 2566 1927 ποί-

1514 1961 1548 2015 η
1556 1960 1632 2014 μα
1654 1943 1717 1996 τὸ
1744 1943 2134 2013 πεποιημένον.

1586 2034 1672 2090 19.
1709 2034 1819 2090 Kal
1842 2035 1892 2089 ei
1918 2033 2308 2103 ἐξουσιάζεται.

1580 2124 1650 2200 τῼ
1668 2128 1870 2199 ὲμόχθη
1879 2143 1966 2182 σα.

1580 2216 1672 2270 20.
1699 2217 1813 2270 Kal
1838 2215 2172 2289 ἐπέστρεψα.

1581 2310 2006 2434 ἒΛποτάξασθαι.
2065 2310 2295 2383 ’Ἄλλος
2314 2352 2329 2380 ,
2356 2312 2565 2366 ἀποκα-

1606 2399 1655 2434 ν.

1513 2398 1655 2452 μειν.

1577 2473 1669 2528 21.
1696 2474 1806 2528 Kal
1824 2476 1883 2527 ὲν
1911 2473 2152 2545 ἀνδρείᾳ.

1575 2566 1688 2619 Kal
1710 2567 1967 2637 πονηρία.

1574 2656 1665 2710 22.
1705 2658 1828 2711 Ὅτι
1861 2658 2094 2728 γίνεται.

1576 2751 1666 2805 23.
1704 2751 2060 2823 Ἀλγημάτων
2099 2755 2194 2808 καὶ
2222 2753 2418 2826 θυμοῦ.

1576 2841 1666 2896 24.
1699 2843 1790 2895 Ἐν
1825 2843 2009 2915 μόχθῳ
2032 2845 2221 2900 αὐτοῦ.

1573 2933 1665 2988 25.
1709 2932 1806 2998 Τίς
1839 2933 2021 2989 πίεται
2042 2952 2059 3001 ς

1548 3023 1666 3110 .26;
1701 3024 1792 3095 Τῷ
1852 3027 2044 3098 ἀγαθῷ
2099 3028 2206 3099 πρὸ
2261 3029 2554 3101 προσώπου

1503 3111 1691 3150 αυτου.

1580 3187 1992 3258 Περισπασμόν.

1671 3281 1809 3336 LXX
1855 3282 2357 3342 INTERPRETES.

1573 3371 1627 3428 9.
1660 3371 1728 3428 Et
1760 3375 2139 3446 magniﬁcatus
2162 3392 2308 3433 sum.

1571 3462 1655 3518 Ab
1686 3474 1814 3520 ante
1842 3481 1949 3521 me.

1576 3554 1665 3610 10.
1701 3554 2148 3615 Postulaverunt.

1578 3648 1658 3703 Ab
1679 3648 1827 3702 omni
1850 3650 2037 3706 labore
2058 3665 2198 3705 meo.

1575 3740 1663 3814 lt.
1701 3740 1767 3797 Et
1793 3742 1851 3814 in
1877 3742 2085 3809 labore,
2117 3758 2231 3814 quo
2268 3744 2553 3800 laborave-

1501 3826 1618 3866 ram
1647 3813 1918 3868 faciendo.

1574 3901 1800 3959 Vanitas
1835 3912 1890 3959 et
1928 3904 2283 3975 prmsumptio
2305 3905 2549 3976 spiritus.

1572 3993 1659 4049 12.
1687 3993 1754 4049 Et
1769 4009 2028 4051 errorem.

1572 4084 1842 4151 Quoniam
1870 4086 1995 4155 quis
2023 4096 2107 4142 est
2134 4088 2317 4152 homo,
2346 4085 2438 4156 qui
2464 4086 2550 4141 in-

1502 4157 1779 4222 grediatur
1799 4157 1865 4210 ad
1902 4157 2195 4211 consilium
2220 4156 2242 4209 2

1576 4248 1662 4303 15.
1703 4246 1879 4317 Super
1904 4247 2216 4303 stultitiam.

1571 4409 1658 4464 15.
1711 4407 1889 4482 EtAut
1944 4408 2078 4482 quid
2123 4407 2343 4478 sapiens
2371 4407 2551 4465 factus

1498 4495 1621 4535 sum
1658 4495 1759 4550 ego
1783 4479 1808 4533 ?

1569 4572 1658 4645 l7_.
1682 4571 1832 4645 Quia
1863 4572 2068 4627 malum
2094 4585 2262 4643 super
2286 4587 2375 4629 me
2410 4586 2550 4645 Opus

1498 4643 1646 4713 quod
1673 4642 1877 4699 factum
1905 4652 2011 4698 est.

1570 4734 1656 4789 19.
1694 4732 1755 4789 Et
1794 4749 1862 4788 an
1892 4743 2218 4804 potestatem
2256 4735 2474 4791 habeat.

1565 4825 1690 4891 Quo
1710 4826 1975 4882 laborari.

1564 4920 1656 4977 20.
1687 4918 1756 4975 Et
1790 4935 2090 4977 conversus
2116 4936 2261 4977 sum.

1565 5008 1638 5064 Ut
1668 5011 2060 5065 renuntiarem.
2117 5012 2312 5078 Alius,
2370 5009 2547 5068 labori

1492 5081 1877 5137 succumberet
1902 5082 2020 5151 (cor
2044 5097 2226 5138 meum
2232 5084 2274 5152 ).

1558 5172 1651 5226 21.
1678 5170 1744 5225 Et
1775 5172 1829 5225 in
1859 5173 2081 5229 virtute.

1561 5260 1630 5316 Et
1653 5262 1918 5332 nequitia.

1557 5355 1646 5410 22.
1680 5355 1820 5422 Quia
1850 5354 1932 5409 ﬁt.

1555 5448 1646 5504 23.
1680 5447 1938 5503 Dolorum
1970 5455 2026 5503 et
2057 5446 2372 5505 iracundias.

1558 5542 1649 5595 24.
1678 5539 1737 5597 In
1764 5541 1952 5597 laboro
1993 5556 2118 5598 suo.

1557 5634 1651 5688 25.
1690 5632 1825 5700 Quis
1863 5633 2048 5688 bibit?

1558 5725 1651 5781 26.
1681 5726 1834 5781 Bono
1863 5734 1989 5784 ante
2014 5725 2210 5785 faciem
2249 5727 2390 5796 ejus.

1556 5815 1999 5877 Distractionem.

2708 929 2795 984 10.

2710 1113 2799 1167 11.

2715 1438 2798 1495 12.

2712 1781 2801 1836 15.

2708 1872 2797 1927 17.

2709 2044 2733 2092 1
2744 2036 2799 2093 9.

2700 4248 2789 4308 13.

2698 4413 2788 4469 15.

2695 4572 2784 4630 17.

2694 4735 2786 4794 19.

2686 5175 2779 5233 21.

2680 5361 2777 5419 22.

2687 5454 2781 5510 23.

2682 5541 2778 5596 24.

2682 5632 2781 5691 25.

2952 590 3361 648 θΕΟΔΟΤῘΩΝ.

2932 3283 3345 3343 ΤΙΙΕΟΟΟΤΗ).

3552 456 3688 517 1ἓὲ06
