4112 6428
316 380 346 435 1
361 378 467 438 5‘29

620 598 1023 654 ΣΥΜΜΑΧΟΣ.

370 762 424 816 1.
464 761 561 826 Τίς
591 760 701 835 γὰρ
729 757 866 815 οἶδεν
894 761 925 815 δ
958 760 1262 833 συμφέρεις

368 854 424 926 2.
453 853 702 926 (Βέλτιον
735 853 905 925 ὄνομα
933 852 1171 926 ἀγαθὸν)
1209 854 1353 926 ὑπὲρ

302 920 377 995 μῢ
385 920 481 997 ρον
501 924 719 988 εὑῶδες.

365 1018 428 1139 ἴ).
468 1018 580 1071 Καὶ
607 1020 636 1071 ὁ
675 1015 784 1081 ζῶν
838 1016 1092 1089 προσέξει
1122 1019 1189 1090 τῇ
1241 1017 1361 1072 δια-

303 1106 361 1143 νο
388 1106 441 1143 α.

332 1107 441 1143 ou.

369 1145 422 1235 ιί.
466 1180 724 1234 Κακώσει
754 1181 884 1252 (γὰρ
904 1179 1296 1253 προσώπου)...

369 1345 423 1398 7.
448 1343 546 1416 Διὰ
572 1343 681 1416 γὰρ
719 1344 915 1416 φωνῶν
939 1343 1050 1416 τῶν
1087 1342 1353 1416 ᾀπαιδεύ-

303 1432 407 1470 των
436 1417 494 1468 ὲν
525 1414 883 1487 δεσμωτηρίῳ
908 1414 1117 1484 γίνεταί
1144 1432 1249 1479 τις.

369 1508 422 1563 8.
459 1508 767 1580 Θορυϐήσει
806 1508 995 1579 σοφόν.

300 1601 482 1725 δ..Τὴν
497 1601 728 1674 καρδίαν
753 1602 786 1670 ἡ
811 1600 1084 1672 ματθανὰ,
1108 1599 1357 1653 τουτέστι

327 1690 489 1725 ωοον.

327 1690 372 1724 ω
377 1690 489 1745 ρον.

344 1764 674 1852 ,9.ηΒέλτιον
695 1765 845 1829 τέλος
867 1764 1028 1832 λόγου
1056 1764 1157 1833 τῆς
1185 1762 1358 1833 ἀρχῆς

298 1853 486 1893 αυτου.
748 1880 755 1886 .

380 1927 831 2000 Ύψηλοκάρδιον.

367 2016 455 2071 10.
489 2017 587 2070 Διὰ
606 2014 783 2081 λόγων
819 2030 915 2066 σου
946 2010 1304 2082 παροργίσαι.

382 2177 572 2248 Ὀργὴ.

374 2268 466 2324 11.

369 2359 445 2410 οὐ
469 2359 578 2430 γὰρ
608 2357 909 2430 φρονίμως.
1076 2439 1079 2442 ν

370 2451 455 2506 15.
484 2449 689 2504 Σκέπει
721 2450 886 2519 σοφία
934 2449 1012 2514 ὡς
1047 2450 1245 2503 σκέπει
1296 2448 1357 2502 τὸ

294 2521 580 2597 ἀργύριον.

378 2615 445 2668 Ἦ
479 2614 643 2684 σοφία
686 2611 944 2668 διασώσει
978 2612 1105 2677 τοὺς
1133 2609 1357 2685 ἔχοντας

295 2685 490 2757 αὐτήν.

367 2777 658 2835 id...“

368 3011 598 3085 15._'Ev
649 3011 839 3085 ἡμέρα
899 3010 1081 3082 ἀγαθῇ
1140 3008 1235 3064 ἔσο
1294 3012 1353 3064 ἐν

300 3082 530 3154 ἀγαθῷ.
565 3122 581 3139 .
619 3121 636 3138 .

618 3244 1066 3303 SYMMACHUS.

329 3342 420 3467 11?.
456 3341 594 3409 Quis
643 3341 791 3397 enim
841 3342 997 3397 novit
1035 3341 1166 3413 quid
1219 3340 1354 3397 utile

295 3425 343 3467 Si

365 3501 425 3562 Ξῖ
470 3500 665 3559 Melius
737 3502 828 3559 est
877 3516 1082 3562 nomen
1149 3500 1354 3557 bonum

302 3591 464 3646 quam
503 3583 842 3646 unguentum
868 3574 1013 3633 bene
1041 3574 1219 3631 olens.

368 3670 423 3724 3.
454 3666 523 3725 Et
559 3667 654 3738 qui
696 3666 830 3721 vivit
870 3678 1055 3722 mente
1088 3655 1352 3738 attendet.

303 3733 547 3803 (Hieron.
567 3733 592 3805 ,⁷
621 3738 882 3808 respiciat
909 3737 977 3795 ad
1017 3734 1306 3806 mentem.)

368 3903 423 3958 4.
459 3900 564 3958 Per
611 3899 888 3957 tristitiam
936 3898 1123 3956 vultus
1162 3892 1358 3954 melior

300 3973 393 4030 ﬁet
415 3974 657 4028 animus.

369 4066 426 4121 7.
473 4064 896 4146 Siquidemper
927 4077 1089 4146 voces
1136 4061 1361 4146 imperi-

297 4145 483 4192 torum
522 4133 577 4191 in
607 4133 843 4192 vinculis
880 4134 1156 4206 quispiam
1183 4133 1357 4190 balte-

301 4219 409 4262 tur.

369 4302 426 4358 8.
456 4298 727 4355 Tur-habit
744 4297 1074 4370 sapientem.
1106 4308 1111 4313 '

367 4388 479 4451 Cur
517 4392 821 4456 matthana,
843 4391 900 4445 id
924 4399 1022 4457 est,
1058 4390 1285 4445 donum.

373 4491 428 4545 9.
494 4487 687 4542 Melior
743 4493 827 4541 est
888 4483 1011 4539 linis
1072 4482 1357 4550 orationis,

303 4575 468 4632 quam
502 4557 830 4630 principium
862 4555 1006 4625 ejus.

373 4650 527 4705 Elato
560 4647 727 4703 corde
751 4644 1061 4717 praeditum.

375 4745 463 4801 10.
500 4740 697 4798 Verbis
726 4740 837 4796 tuis
859 4752 1182 4812 provocare.

371 4905 476 4962 Ira.

373 4999 464 5053 11.

370 5087 487 5147 Non
508 5089 657 5145 enim
677 5086 996 5158 prudenter.

374 5183 460 5239 15.
492 5180 735 5252 Protegit
767 5178 1032 5251 sapientia
1069 5185 1129 5233 ut
1165 5186 1354 5249 prote-

302 5253 381 5325 git
401 5253 654 5324 pecunia.

374 5345 654 5418 Sapientia
703 5343 944 5402 servabit
990 5357 1086 5400 eos
1139 5341 1236 5415 qui
1268 5335 1355 5407 ίΡ·

301 5431 422 5474 sam
450 5417 678 5473 habent.

374 5581 463 5637 M.
495 5579 657 5637 Disce
694 5593 861 5650 opera
885 5577 1005 5650 Dei,
1028 5577 1158 5650 quia
1190 5593 1353 5635 nemo

300 5652 505 5735 poterit
542 5646 818 5723 corrigere
849 5646 997 5721 quod
1037 5646 1130 5706 ille
1170 5651 1355 5705 immi-

301 5733 444 5781 tum.

376 5821 465 5877 l5.
505 5819 565 5876 In
611 5821 701 5878 die
731 5820 876 5876 bona
921 5828 1041 5876 esto
1070 5819 1126 5876 in
1163 5819 1351 5879 bono:

301 5894 449 5952 tlicm
478 5907 606 5950 vero
634 5891 835 5978 malam
867 5891 1100 5950 intuere.

1497 373 2001 431 ECCLESIASTA‘J
2039 374 2273 431 CAPUT
2315 377 2433 434 V'll.

1410 494 1982 555 ECCLESIASTIE
2033 494 2293 556 CAPUT
2350 495 2485 560 Vll.

1919 595 1998 648 0’.

1499 761 1550 812 1.
1595 755 1717 809 Ὅτι
1743 755 1826 818 τίς
1853 749 1995 808 οἶδεν
2022 755 2261 826 ἀγαθόν;

1476 852 1551 922 2.
1583 848 1817 919 Ἀγαθὸν
1877 847 2050 922 ὄνομα
2105 851 2248 922 ὑπὲρ
2308 849 2488 906 ἔλαιον

1425 921 1648 992 ἀγαθόν.

1499 1018 1553 1071 5.
1587 1017 1696 1070 Καὶ
1718 1019 1748 1070 ὁ
1781 1018 1890 1083 ζῶν
1943 1016 2106 1070 δώσει
2144 1011 2349 1083 ἀγαθὸν
2408 1016 2488 1078 είς

1428 1086 1654 1158 καρδίαν
1680 1088 1870 1143 αὐτοῦ.

1500 1178 1552 1233 «1.
1587 1178 1710 1232 Ὅτι
1735 1179 1795 1232 ἐν
1833 1178 2003 1248 κακίᾳ
2029 1173 2325 1249 προσώπου
2354 1176 2492 1244 ἀγα-

1430 1249 1754 1319 θυνθήσεται
1779 1249 1998 1320 καρδία.

1431 1411 1463 1463 6
1504 1341 1553 1396 7.
1595 1341 1684 1405 Ὠς
1712 1342 1866 1412 φωνὴ
1890 1336 2146 1395 ἀκανθῶν
2167 1334 2275 1389 ὑπὸ
2289 1335 2382 1389 τὸν
2407 1335 2494 1388 λέ-

1469 1429 1593 1463 ητα.

1503 1429 1593 1466 τα.

1503 1430 1533 1464 τ
1579 1451 1593 1466 .

1469 1430 1573 1559 ηὸῗκ
1585 1503 1888 1575 Περιφέρει
1920 1501 2108 1570 σοφόν.

1476 1670 1487 1685 ’
1515 1595 1803 1676 Ἀηπολλύει
1828 1595 1930 1664 τὴν
1957 1592 2191 1664 καρδίαν
2216 1590 2493 1659 εὐγενείας

1432 1684 1802 1837 έλθῗυίὶγαθῂ
1852 1755 2058 1827 ἐσχάτη
2112 1753 2287 1822 λόγων
2349 1751 2491 1822 ὑπὲρ

1434 1829 1606 1901 ἀρχὴν
1637 1829 1824 1884 αὐτοῦ.

1515 1920 1749 1993 Ὑψηλὸν
1770 1918 2064 1989 πνεύματι.

1507 2014 1593 2070 10.
1630 2014 1719 2065 Ἐν
1745 2009 2018 2081 πνεύματί
2041 2025 2134 2081 σου
2163 2008 2268 2081 τοῦ-
2295 2006 2491 2078 θυμοῦ-

1437 2085 1580 2138 σθαι.
1625 2079 1899 2149 Ἄλλος.
1927 2082 2022 2133 ἐπὶ
2041 2079 2269 2151 στόματί
2300 2095 2416 2132 σου.

1504 2174 1706 2247 Θυμός.

1502 2268 1526 2320 1
1544 2268 1588 2321 1.
1618 2265 1685 2319 Τί
1709 2265 1946 2334 ἐγένετο.

1502 2359 1626 2413 Ὅτι
1659 2358 1761 2412 οὐκ
1795 2358 1853 2410 ἐν
1887 2358 2071 2429 σοφίᾳ.

1504 2453 1588 2509 15.
1616 2453 1740 2524 ’Ότι
1773 2452 1833 2505 ὲν
1864 2453 1994 2524 σκιᾷ
2032 2450 2204 2521 αὐτῆς
2242 2454 2273 2524 ἠ
2326 2451 2490 2522 σοφία

1432 2525 1505 2587 ὡς
1542 2523 1672 2577 σκιὰ
1702 2522 1990 2594 ἀργυρίου.

1501 2615 2083 2688 Περίσσειαλγνώσεῳς
2120 2616 2237 2688 Διιῖεῐις
2298 2614 2489 2687 σοφίας

1431 2685 1757 2757 ζωοποιήσει
1781 2685 1872 2741 τὸν
1911 2686 2042 2758 παρ’
2073 2685 2265 2758 αὐτῆς.

1502 2779 1590 2833 14.
1626 2777 1731 2831 Ἴδε
1789 2778 1859 2832 τὰ
1890 2779 2173 2849 ποιήματα
2205 2776 2307 2849 τοῦ
2326 2775 2486 2840 Θεοῦ,

1429 2850 1512 2903 ὅτι
1544 2850 1630 2912 τίς
1660 2848 2260 2919 δυνήσεταιίκοσμῆσαι
2287 2848 2345 2901 ὃν
2366 2849 2432 2902 ἂν
2459 2849 2488 2899 ὁ

1427 2919 1561 2983 Θεὸς
1588 2918 1888 2991 διαστρέφῃ
1916 2918 2081 2973 αὐτόν
2105 2935 2121 2984 ;

1501 3011 1591 3066 15.
1626 3013 1718 3065 Ἐν
1757 3011 1946 3081 ἡμέρα
1973 3008 2340 3081 ἀγαθωσύνης
2363 3008 2491 3078 ζῆθι

1425 3084 1484 3135 ὲν
1516 3081 1729 3153 ἀγαθῷ,
1780 3079 1886 3134 καῖ
1914 3081 1992 3135 ῐδε
2033 3081 2092 3133 ὲν
2154 3079 2340 3151 ἡμέρα
2388 3097 2491 3134 κα-

1424 3152 1698 3219 κίας,ῖδε.

1620 3244 1762 3300 LXX
1796 3240 2310 3301 INTERPRETES.

1504 3340 1556 3396 1.
1607 3339 1746 3409 Quia
1779 3340 1907 3411 quis
1942 3340 2095 3396 novit
2127 3339 2383 3397 bonum?

1498 3498 1555 3558 2.
1625 3498 1837 3559 Bonum
1902 3511 1988 3558 est
2054 3517 2259 3559 nomen
2325 3516 2492 3573 super

1430 3574 1611 3630 oleum
1650 3576 1880 3629 bonum.

1490 3668 1555 3722 ’5.
1595 3665 1662 3721 Et
1690 3667 1785 3736 qui
1817 3656 1950 3722 vivit
1990 3660 2145 3722 dabit
2183 3667 2390 3723 bonum
2422 3664 2489 3721 ad

1429 3750 1528 3795 COI‘
1574 3749 1762 3794 suum.

1499 3903 1556 3958 4.
1589 3898 1730 3970 Quia
1761 3902 1817 3958 in
1855 3901 2004 3959 malo
2036 3898 2221 3959 vultus
2260 3898 2353 3957 ﬁet
2386 3898 2489 3957 bo-

1430 3988 1563 4028 num
1604 3990 1720 4030 COI‘.

1499 4065 1553 4119 7.
1591 4062 1749 4122 Sicut
1780 4080 1887 4122 vox
1913 4065 2200 4137 spinarum
2225 4063 2333 4120 sub
2356 4062 2488 4118 olla.

1502 4295 1556 4351 8.
1590 4295 1923 4353 Circumfert
1945 4296 2276 4368 sapientem.

1500 4387 1687 4444 Perdit
1723 4404 1823 4444 cor
1864 4390 2068 4461 vigoris
2098 4389 2239 4460 ejus.

1503 4476 1558 4534 9.
1597 4480 1812 4536 Bonum
1846 4490 1935 4538 est
1958 4479 2325 4537 novissimum
2366 4494 2487 4535 ser-
2521 4506 2524 4508 τ

1431 4562 1658 4606 monum
1694 4566 1862 4623 super
1899 4553 2237 4624 principium
2268 4551 2413 4624 ejus.

1502 4641 1792 4700 Excelsum
1822 4644 2044 4715 spiritu.

1432 4808 1445 4820 _
1502 4735 1590 4820 1ο.
1628 4736 1686 4820 In
1720 4737 1914 4809 spiritu
1948 4746 2045 4795 tuo
2080 4736 2268 4795 irasci.
2306 4735 2484 4806 Alius,

1430 4818 1486 4864 in
1510 4818 1608 4864 ore
1641 4819 1755 4865 1110.

1500 4904 1700 4962 Furor.

1499 5000 1593 5057 11.
1621 4998 1764 5068 Quid
1787 4999 1995 5060 factum
2020 5009 2124 5061 est.

1500 5094 1641 5161 Quia
1664 5111 1774 5152 non
1795 5096 1851 5151 in
1872 5096 2168 5166 sapientia.

1500 5188 1590 5242 ίὸ.
1617 5185 1761 5252 Qui:
1780 5187 1843 5242 in
1859 5188 2055 5259 umbra
2066 5187 2194 5259 ejus
2212 5186 2484 5259 sapientia

1428 5258 1576 5314 sicut
1608 5260 1804 5313 umbra
1834 5258 2071 5329 argenti.

1498 5350 1849 5407 Abundantia
1906 5349 2151 5408 Scienti:
2197 5349 2483 5420 sapientiae

1427 5420 1724 5478 viviﬁcabit
1748 5437 1873 5478 eum
1900 5421 1996 5492 qui
2033 5421 2105 5476 ab
2138 5422 2280 5492 ipsa.

1499 5582 1588 5655 14.
1638 5581 1777 5639 Vide
1819 5597 1984 5655 opera
2028 5582 2124 5640 Dei
2165 5601 2181 5637 :
2216 5583 2481 5655 quoniam

1428 5654 1553 5724 quis
1582 5655 1784 5727 poterit
1816 5652 2111 5727 adornare,
2135 5652 2299 5727 quem
2336 5652 2482 5711 Deus

1428 5726 1751 5794 pervenerit
1788 5741 1916 5781 eum
1939 5725 1963 5779 ?

1504 5818 1593 5874 15.
1635 5816 1693 5874 111
1724 5819 1815 5876 die
1841 5818 2104 5876 bonitatis
2147 5818 2269 5873 vive
2298 5819 2354 5876 in
2384 5819 2483 5875 bo-

1428 5905 1531 5961 no,
1562 5900 1618 5948 et
1652 5891 1776 5948 vide
1803 5890 1858 5947 in
1883 5890 1972 5948 die
1998 5888 2150 5958 mali,
2183 5890 2326 5947 vide.

2881 598 3273 654 ΘΕΟΔΟΤΙΩΝ
3284 634 3298 649 .

2636 758 2685 814 1.

2594 849 2689 905 ,2,

2634 1014 2691 1069 5.

2634 1175 2689 1230 4.

2636 1335 2669 1388 7

2641 1496 2695 1551 3.

2614 1661 2626 1677 ‘
2652 1590 2935 1672 Ἀπολλύει
2966 1590 3064 1663 τὴν
3092 1591 3318 1662 καρδίαν
3368 1593 3642 1662 εὐγενεὶας

2568 1678 2761 1718 αυτου.

2638 1757 2694 1810 ί).

2641 2004 2729 2063 10.

2642 2264 2732 2319 11.

2639 2448 2728 2503 13.

2643 2781 2730 2833 14.

2638 3007 2728 3062 15.

2888 3238 2951 3297 Tl
2962 3241 2975 3294 l
2987 3238 3309 3299 EODO‘I‘IO.

2636 4383 2822 4441 Perdit
2852 4402 2947 4441 cor
2998 4386 3198 4461 vigoris
3225 4388 3370 4457 ejus.

2633 4477 2689 4535 9.

2634 4733 2727 4793 10.

2634 4990 2725 5049 11.

2631 5177 2722 5234 15.

2627 5573 2720 5634 14.
