4134 6444
480 392 622 451 eam
1642 387 1873 447 coosx
1912 366 2589 447 svno-nExxpmms.
3598 391 3745 451 2500

488 584 3742 622 Μ

897 767 1425 901 CODEX
1533 743 3318 902 SYRIACO-HEXAPLARIS

1512 1004 2719 1070 AMBROSlANO-MEDIOLANENSIS
2816 974 2819 977 ’

836 1169 1066 1234 Editus
1096 1176 1155 1232 et
1189 1167 1382 1233 latine
1409 1183 1630 1231 verm:
1656 1185 1697 1227 a
1728 1166 1961 1230 Matth.
1992 1165 2282 1247 Norberg
2319 1164 2595 1232 Loudim'
2622 1166 2974 1231 Gothorum
3004 1188 3172 1233 anno
3226 1173 3401 1238 1787.

675 1528 829 1618 EX
898 1523 1710 1619 PBEFATIONE
1798 1523 2378 1619 EDITOBIS
2469 1523 2946 1617 SYRIACI
3017 1523 3530 1621 CODICIS.

547 1719 805 1790 Hexaplis
837 1718 1094 1789 Origcnis
1123 1718 1478 1775 restituendis
1513 1734 1626 1775 non
1655 1719 1953 1777 defuerunt
1982 1722 2185 1779 decora
2211 1721 2429 1796 ingenia
2462 1732 2771 1791 magnaque
2816 1719 3017 1788 studia,
3054 1728 3237 1778 tamen
3267 1721 3491 1793 fastigio
3526 1733 3751 1798 propter

477 1811 718 1884 inopiam
751 1815 1015 1880 materiae,
1052 1828 1162 1869 non
1187 1812 1489 1880 facultatis,
1523 1814 1766 1870 nondum
1805 1814 2085 1886 imposito.
2117 1815 2390 1873 Liberalis
2411 1830 2540 1871 vero
2575 1814 2978 1870 emendationis
3000 1829 3112 1870 non
3146 1815 3399 1874 ﬁduciam
3432 1820 3620 1886 modo,
3651 1822 3749 1879 sed

476 1907 647 1975 ipsius
677 1906 840 1963 etiam
874 1906 1085 1964 ﬁduciae.
1113 1908 1328 1978 copiam
1356 1908 1514 1965 nobis
1540 1907 1668 1964 facit
1690 1908 1862 1965 codex
1885 1918 2073 1966 noster
2099 1908 2706 1981 Syriaco—llexaplaris,
2749 1907 2910 1978 cujus
2941 1916 3152 1978 partem
3186 1911 3535 1979 canonicam,
3567 1915 3753 1971 indul-

475 1999 660 2069 gentia
689 1999 761 2054 cl.
796 1998 1205 2055 Bibliothecarii
1232 1998 1581 2054 Ambrosiani
1612 1998 1846 2065 Branca,
1880 2010 2086 2070 septem
2123 2010 2253 2055 ante
2275 2000 2437 2055 annis
2467 2000 2520 2054 in
2545 1999 2818 2070 privatum
2836 1999 3182 2055 commodum
3219 2002 3507 2075 descripsi,
3536 2017 3590 2062 et
3609 2022 3753 2064 con-

477 2091 603 2146 silio
627 2091 932 2145 amicorum
957 2089 1015 2144 in
1055 2088 1480 2155 commuuejam
1509 2088 1752 2159 profero.
1782 2087 1883 2144 llic
1913 2088 2086 2144 codex
2139 2088 2428 2146 Mediolani
2460 2088 2516 2143 in
2549 2087 2919 2145 Ambrosiana
2961 2088 3303 2153 Bibliotheca
3333 2097 3755 2170 diligentissimo

477 2195 751 2243 servatur.
776 2182 837 2239 Si
866 2181 1101 2238 formam
1143 2179 1266 2252 ejus
1295 2189 1349 2237 ct
1394 2190 1780 2251 argumentum
1811 2191 2047 2253 spectes,
2092 2197 2201 2238 non
2252 2182 2513 2253 exiguam
2555 2181 2989 2253 magnitudinem
3020 2185 3154 2242 folio
3204 2189 3260 2244 in
3294 2190 3437 2248 duas
3467 2194 3756 2255 columnas

476 2278 775 2349 descripto,
797 2289 853 2335 et
882 2275 1257 2333 venerandam
1290 2272 1528 2341 speciem
1558 2284 1809 2341 pergam.
1843 2270 2059 2335 charta,
2092 2268 2342 2340 antiquis
2365 2268 2634 2340 Syrorum
2666 2268 2867 2325 litteris
2889 2271 3252 2346 Estrangelis,
3283 2283 3340 2332 et
3366 2277 3550 2334 rubris
3581 2281 3756 2340 titulis

476 2386 543 2426 ac
567 2370 798 2442 epilogis
833 2368 1022 2434 refert,
1055 2378 1267 2436 suoque
1307 2361 1596 2432 complexu
1623 2372 1681 2417 et
1712 2361 1820 2417 hoc
1853 2362 2048 2417 ordine
2085 2359 2359 2427 Psalmos,
2400 2359 2626 2430 Jobum,
2658 2359 2977 2431 Proverbia,
3005 2365 3423 2441 Ecclesiastem,
3460 2374 3754 2434 Canticum

475 2467 662 2532 Cant.,
690 2465 1028 2536 Sapientiam
1052 2462 1289 2528 Salom.,
1322 2459 1662 2532 Syracidem,
1685 2457 1778 2514 Xll
1811 2457 2119 2530 Prophetas
2146 2456 2410 2526 Minores,
2433 2455 2753 2527 Jeremiam,
2779 2458 3118 2529 Baruchum,
3146 2462 3418 2535 Threnos,
3449 2468 3754 2542 Epistolam

473 2557 747 2625 Jeremiaa,
779 2556 1082 2620 Daniclem,
1135 2552 1407 2608 Historias
1434 2549 1727 2616 Susanna,
1768 2550 1914 2606 Belis
1954 2560 2010 2606 et
2034 2548 2324 2616 Draconis,
2368 2548 2745 2607 llezechielem
2784 2559 2841 2607 et
2886 2550 3128 2610 Jesaiam
3178 2558 3449 2615 continet.
3497 2561 3757 2635 Plerique

475 2652 600 2709 libri
634 2651 691 2707 in
739 2649 918 2708 fronte
961 2655 1158 2719 gerunt
1193 2643 1450 2715 prologos
1496 2639 1724 2712 (Psalmi
1760 2640 2168 2710 longissimum,
2227 2640 2322 2697 sed
2355 2640 2656 2711 mutilum),
2701 2641 2797 2713 qui
2829 2653 3159 2712 argumento
3204 2650 3472 2721 capitum,
3508 2654 3757 2716 historia:

472 2752 787 2809 auctorum,
815 2740 1070 2810 aliisque,
1094 2732 1382 2806 c0piosius
1415 2740 1470 2789 et
1515 2732 1712 2788 melius
1753 2731 1886 2787 alibi
1920 2731 2215 2802 expositis,
2248 2739 2303 2786 et
2333 2745 2365 2786 a
2407 2746 2494 2787 me
2523 2746 2626 2802 pro
2656 2732 2923 2804 temporis
2971 2733 3241 2796 brevitate
3286 2756 3396 2797 non
3437 2745 3754 2819 descriptis,

477 2840 652 2897 facem
698 2837 1016 2911 praeferunt,
1062 2843 1117 2890 et
1147 2840 1215 2895 ad
1240 2831 1405 2888 linem
1435 2830 1705 2903 epilogos,
1738 2828 1834 2901 qui
1863 2827 2123 2901 impressi
2161 2828 2543 2894 declarabunt,
2578 2838 2825 2887 nostram
2856 2834 3169 2892 versionem
3204 2849 3271 2892 ex
3299 2837 3492 2899 Graeco
3541 2847 3754 2918 codice,

476 2952 640 3009 quem
675 2934 969 2999 Eusebius,
997 2930 1284 3002 Pamphilo
1314 2931 1485 2994 socio,
1508 2944 1573 2984 ex
1607 2928 1861 3001 Origenis
1901 2926 2175 2998 'l‘etraplis
2199 2928 2284 2983 vel
2321 2925 2601 2997 llexaplis,
2629 2928 2685 2983 in
2713 2927 3054 2987 Caesareensi
3099 2930 3440 2993 Bibliotheca
3473 2944 3753 3011 repositis,

474 3029 800 3102 depromsit,
835 3035 889 3082 et
915 3026 983 3082 ad
1019 3027 1135 3081 haec
1163 3022 1414 3093 exempla
1439 3019 1705 3078 collatum
1746 3019 2082 3085 emendavit,
2125 3018 2329 3074 factam
2360 3032 2508 3084 esse,
2540 3026 2596 3075 et
2623 3020 2975 3079 Alexandriae
3008 3039 3201 3084 mense
3236 3029 3429 3088 Canun
3461 3040 3755 3107 posteriori

472 3140 527 3182 a.
559 3126 717 3181 Alex.
749 3123 855 3179 928
887 3123 925 3178 i.
953 3137 1004 3177 e.
1035 3135 1230 3176 mense
1266 3118 1426 3175 Mart.
1463 3133 1514 3174 a.
1541 3117 1675 3174 Chr.
1709 3118 1815 3173 617
1840 3116 2160 3189 perfectam.
2195 3114 2421 3174 Scilicet
2445 3115 2641 3183 Jobus,
2673 3118 2862 3176 Daniel
2895 3131 2951 3178 et
2972 3120 3064 3178 XII
3092 3124 3382 3198 Propheta:
3410 3131 3654 3192 Minores
3684 3153 3757 3194 ει

475 3220 769 3291 Tetraplis,
792 3214 1091 3275 Proverbia
1115 3229 1269 3279 vero,
1306 3211 1599 3269 Canticum
1631 3219 1686 3267 et
1705 3209 1910 3267 Threni
1943 3226 2011 3266 ex
2040 3209 2300 3283 Hexaplis
2330 3211 2501 3268 sumti
2524 3210 2805 3268 dicuntur.
2833 3211 2946 3271 Nec
2967 3218 3124 3290 Origo
3157 3220 3522 3292 reliquorum,
3558 3239 3761 3296 praeter

472 3313 738 3378 Jesaiam,
778 3311 869 3382 qui
898 3325 966 3366 ex
999 3308 1187 3365 codice
1219 3304 1445 3362 Eusebii
1471 3313 1528 3360 et
1558 3302 1827 3374 Pamphili
1852 3317 2149 3373 expressus
2171 3312 2534 3371 memoratur,
2561 3304 2792 3375 epilogis
2812 3306 3145 3376 carentium,
3184 3312 3408 3369 aliunde
3462 3320 3760 3387 repetenda

475 3412 720 3478 videtur,
763 3412 878 3480 ipsa
902 3404 1309 3464 eorum-indole
1338 3403 1481 3457 hanc
1521 3400 1683 3457 fidem
1716 3401 2045 3457 inculcante.
2080 3399 2139 3455 lu
2167 3400 2290 3471 ipso
2324 3408 2481 3455 textu
2508 3407 2563 3455 et
2587 3400 2888 3471 aliquando
2926 3401 2984 3457 in
3016 3405 3264 3478 margine
3284 3407 3485 3466 adsunt
3518 3411 3757 3482 primum

477 3508 765 3574 Aswrisci,
795 3504 974 3572 ουριί,
1014 3500 1311 3566 ιεωηίεοί,
1339 3507 1396 3555 et
1418 3497 1863 3571 llypolentnisei;
1889 3506 2003 3552 tum
2033 3497 2249 3564 litterae,
2279 3496 2408 3564 Ain,
2438 3503 2645 3552 textum
2680 3495 2991 3564 Hebraeum,
3019 3498 3207 3568 Aleplt,
3239 3499 3466 3558 Sameclt
3500 3516 3556 3561 et
3586 3505 3759 3575 Thuc,

477 3600 755 3671 Aquilam,
787 3596 1178 3670 Symmachum
1211 3597 1726 3655 etTheodotionem
1759 3595 2015 3661 seorsim,
2058 3594 2251 3660 Cimel,
2286 3593 2389 3650 hos
2430 3593 2765 3664 interpretes
2803 3594 3169 3665 conjunctim,
3217 3596 3322 3663 He,
3375 3598 3660 3669 Quintam,
3707 3612 3766 3660 et

492 3693 627 3758 Van,
662 3690 887 3747 Sextam
915 3690 1222 3783 versionem
1254 3690 1600 3756 indicantes;
1637 3697 1694 3745 et
1727 3687 1927 3744 deinde
1957 3687 2063 3741 alia
2111 3685 2291 3755 signa,
2332 3695 2571 3783 quorum
2620 3684 2737 3740 haec
2769 3684 2967 3757 figura,
3054 3696 3395 3783 Η
3493 3704 3763 3779 ___O

501 3781 1777 3874 —~+———+—-—-o}——
1908 3812 2133 3874 ,κέ-

2130 3784 2191 3851 -C
2231 3776 2520 3869 Q—l—C
2567 3782 2901 3856 -Α-ε
2958 3796 3016 3874 et
3043 3776 3246 3859 quibus
3275 3776 3497 3859 similia,
3528 3776 3762 3852 diversis

477 3870 824 3935 diversorum
853 3885 1141 3932 auctorum
1179 3876 1266 3931 vel
1295 3876 1546 3941 scholiis,
1573 3874 1850 3946 plerisque
1873 3870 1943 3924 ob
1969 3871 2237 3926 ratiOncm
2270 3885 2437 3940 supra
2465 3873 2688 3926 allatam
2721 3886 2754 3925 a
2781 3885 2868 3927 me
2895 3872 3065 3928 etiam
3098 3876 3346 3941 omissis,
3374 3877 3457 3931 vel
3489 3878 3762 3948 interpre-

479 3978 784 4034 tationibus
818 3978 873 4029 in
906 3974 1156 4045 margine
1188 3972 1433 4043 praefixa,
1462 3971 1818 4041 respondent,
1850 3984 2199 4040 quorumque
2233 3968 2407 4024 vicem
2443 3967 2640 4022 litterae
2672 3968 2950 4039 alphabeti
2990 3966 3174 4022 Latini
3209 3968 3265 4022 in
3298 3978 3490 4024 nostra
3517 3968 3764 4025 editione

480 4073 824 4145 commodius
854 4078 1071 4143 gerunt.
1107 4069 1229 4138 Quo
1258 4069 1435 4140 magis
1478 4076 1565 4126 est
1608 4068 1665 4123 in
1692 4076 1904 4137 aperto,
1936 4065 2132 4123 Libros
2167 4065 2545 4136 Apocryphos,
2574 4065 2669 4135 qui
2713 4065 2947 4121 subinde
2991 4076 3153 4119 voces
3178 4060 3420 4127 Graecas,
3454 4078 3764 4135 synonyma

483 4169 709 4242 Syriaca
735 4175 789 4223 et
818 4166 1030 4222 scholia
1058 4162 1306 4234 longiora
1339 4161 1394 4216 in
1427 4162 1675 4233 margine
1703 4175 1925 4231 quoque
1953 4159 2272 4222 ostendunt,
2301 4157 2417 4211 haec
2454 4156 2645 4212 critica
2687 4157 2841 4227 signa
2873 4172 2981 4212 non
3022 4154 3247 4220 habere,
3280 4168 3347 4209 eo
3374 4154 3651 4210 curiosius
3676 4155 3764 4209 vi-

480 4263 664 4324 detur,
698 4274 804 4313 non
838 4257 928 4312 illa
952 4254 1118 4310 modo
1148 4252 1416 4324 conspici,
1447 4252 1543 4309 sed
1583 4252 1891 4308 versionem
1917 4251 2081 4307 etiam
2117 4247 2516 4305 Theodotionis
2547 4248 2603 4303 in
2642 4247 2895 4304 Barucho
2927 4259 2982 4304 et
3013 4248 3244 4305 Cantico
3300 4250 3468 4305 trium
3512 4250 3763 4307 virorum

480 4356 536 4410 in
568 4356 713 4426 igne,
749 4366 873 4423 qua:
897 4347 1244 4421 antiquitatis
1273 4356 1634 4406 monumenta
1667 4349 1791 4406 ideo
1819 4348 1986 4405 etiam
2018 4333 2152 4403 mihi
2183 4343 2546 4404 describenda
2579 4345 2788 4416 putavi,
2820 4345 3071 4413 excitari,
3098 4360 3265 4418 quam
3289 4362 3406 4405 rem
3437 4349 3764 4419 peritiorum

479 4446 689 4520 judicio
718 4443 1024 4501 committo.

557 4538 813 4610 Ejusdem
841 4537 1059 4609 generis
1077 4546 1135 4592 et
1162 4535 1318 4607 pretii
1342 4542 1460 4590 erat
1485 4532 1657 4589 codex
1688 4532 1782 4589 ille
1821 4529 2100 4602 Syriacus,
2149 4529 2245 4601 qui
2280 4530 2635 4601 possessione
2672 4538 2728 4585 et
2755 4545 2860 4586 usu
2909 4529 3069 4587 Masii
3118 4545 3274 4601 aeque
3324 4532 3593 4602 famosus,
3638 4545 3769 4606 post

485 4638 782 4696 clarissimi
809 4637 974 4707 hujus
1017 4635 1119 4689 viri
1150 4633 1360 4689 obitum
1397 4629 1485 4683 vel
1513 4630 1570 4685 in
1592 4629 1809 4685 occulto
1833 4628 2000 4698 jacet,
2032 4625 2120 4681 vel
2156 4626 2302 4681 tristi
2337 4627 2577 4697 quodam
2626 4624 2742 4683 fato
2779 4625 2967 4696 periit,
3002 4626 3257 4699 ambigua
3315 4637 3412 4684 aut
3462 4631 3613 4686 nulla
3646 4633 3766 4704 ejus

488 4734 850 4806 recuperandi
887 4746 984 4802 spe
1012 4729 1224 4785 relicta.
1250 4725 1452 4782 Eadem
1476 4724 1623 4779 enim
1659 4721 1950 4791 utriusque
1981 4716 2184 4782 forma,
2216 4717 2361 4773 idem
2389 4718 2699 4782 character,
2734 4718 2923 4773 eadem
2968 4718 3172 4783 versio,
3207 4720 3400 4777 eadem
3439 4722 3617 4794 signa,
3654 4740 3765 4779 eae-

486 4830 610 4884 dem
650 4837 812 4882 notze.
854 4822 1153 4884 Masianus,
1182 4819 1301 4890 ipso
1325 4829 1649 4889 possessore
1679 4827 1809 4869 vera
1837 4809 2127 4873 referente,
2174 4809 2278 4864 sub
2306 4808 2470 4865 tinem
2504 4808 2790 4865 dicebatur
2822 4818 3042 4869 sumtus
3080 4820 3135 4868 et
3163 4814 3232 4870 ad
3264 4817 3490 4873 verbum
3525 4820 3768 4875 transla-

488 4931 579 4977 tus
606 4938 669 4977 ex
697 4920 887 4975 Grch
919 4915 1240 4985 exemplari,
1268 4915 1414 4987 quod
1441 4912 1733 4977 Eusebius,
1769 4907 2057 4978 Pamphilo
2078 4904 2349 4976 adjutore,
2377 4907 2444 4961 ad
2476 4905 2650 4962 libros
2681 4904 2936 4974 Origenis
2967 4908 3021 4963 in
3053 4908 3391 4969 Casareensi
3424 4913 3767 4974 Bibliotheca

487 5020 682 5076 obvios
702 5033 801 5076 sua
840 5032 1003 5072 manu
1034 5014 1279 5070 correxit
1313 5031 1327 5067 :
1364 5011 1511 5067 idem
1544 5007 1847 5064 de'nostro
1873 5002 2244 5060 Ambrosiano
2310 5002 2530 5060 dicitur.
2564 5001 2632 5058 Et
2664 5003 2925 5073 quoniam
2978 5004 3032 5060 in
3085 5005 3332 5063 Masiano
3365 5007 3402 5064 ii
3431 5006 3496 5061 V.
3541 5007 3605 5065 Τ.
3640 5009 3769 5065 libri

490 5119 737 5184 aderant,
771 5115 864 5186 qui
923 5114 977 5169 in
1013 5111 1380 5168 Ambrosiano
1412 5107 1633 5171 desunt,
1664 5105 1755 5161 ille
1785 5120 1839 5161 a.
1865 5101 2023 5158 Alex.
2051 5099 2182 5166 927,
2208 5098 2342 5156 Chr.
2370 5098 2477 5156 6l6
2505 5099 2708 5163 ﬁnitus,
2741 5100 3004 5171 primum,
3040 5100 3130 5155 hic
3165 5116 3296 5157 vero
3323 5117 3376 5157 a.
3421 5102 3578 5157 Alex.
3634 5100 3764 5169 928,

488 5211 620 5267 Chr.
656 5208 762 5265 617
785 5206 1072 5265 absolutus
1093 5207 1395 5264 secundum
1430 5205 1596 5261 unius
1629 5202 1991 5275 ejusdemque
2019 5198 2202 5271 operis
2223 5199 2479 5254 volumen
2504 5198 2864 5254 constituisse
2892 5196 3127 5253 videtur.

563 5299 670 5355 Sed
697 5299 765 5354 de
792 5306 1016 5352 auctore
1042 5295 1205 5367 hujus
1226 5295 1499 5353 versionis
1522 5292 1660 5349 nihil
1690 5292 1744 5348 in
1778 5298 1970 5348 nostro
1990 5289 2205 5357 codice,
2230 5288 2365 5344 nihil
2385 5288 2543 5357 apud
2574 5286 2807 5343 Masium
2854 5288 2922 5343 ad
2959 5289 3133 5361 ignoti
3167 5290 3407 5347 nominis
3438 5291 3521 5347 vel
3544 5291 3770 5362 conjec-

491 5403 671 5450 turam
696 5392 930 5463 reperio.
961 5391 1021 5446 ln
1047 5406 1106 5446 re
1133 5399 1242 5445 tam
1273 5388 1440 5445 veteri
1490 5395 1546 5444 et
1589 5385 1799 5444 incerta
1851 5383 2098 5455 opinioni
2128 5381 2212 5438 Cl.
2249 5380 2571 5438 Eichhornii
2607 5379 2833 5444 accedo,
2874 5381 2969 5450 qui
3011 5397 3141 5438 vero
3177 5385 3431 5454 propiora
3481 5383 3767 5454 colligens,

493 5503 731 5560 veroque
758 5488 1010 5559 proxima
1045 5500 1307 5556 sequens,
1352 5486 1656 5541 arbitratur
1698 5483 1801 5555 (l),
1855 5479 2108 5536 Paullum
2147 5476 2495 5534 Alexandriae
2538 5474 2891 5547 Episcopum,
2930 5474 3201 5532 versionis
3244 5472 3771 5547 Syriaeo-Hexapla-

493 5584 570 5641 ris
599 5581 690 5638 IV.
723 5581 844 5637 Lib.
876 5580 1104 5652 Regum,
1132 5579 1186 5633 in
1227 5578 1567 5634 Bibliotheca
1596 5573 1765 5647 Regia
1787 5571 2089 5629 Parisieusi
2118 5569 2317 5634 obviae,
2348 5576 2404 5624 ct
2436 5582 2464 5621 a
2494 5581 2582 5622 me
2630 5565 2793 5621 etiam
2841 5565 3149 5637 descriptae,
3181 5575 3462 5622 auctorem
3511 5563 3612 5634 (Ξ),
3645 5562 3771 5622 loco

681 5764 971 5843 βψω-ι’]
1004 5763 1105 5819 Tlt.
1137 5779 1189 5843 ρ.
1474 5828 1540 5843 Μ

1024 5763 1105 5819 ΓΙι.
1137 5779 1189 5843 ρ.
1474 5828 1540 5843 Μ
2332 5817 2348 5829 ,ι
2616 5812 2656 5843 λ

572 5828 649 5902 {2)
681 5828 859 5886 Brutis
888 5832 1108 5903 Repcrt.
1140 5828 1196 5887 Β.
1235 5832 1339 5888 ΊῚι.
1384 5847 1439 5901 p.
1473 5828 1563 5885 85.
2344 5828 2371 5848 ³
