4134 6426
412 376 544 437 950!
1885 381 2044 439 I‘R/E

2047 383 2282 441 FATIO.
3288 349 3293 353 -
3536 402 3679 457 9302

411 497 631 564 quidem
677 495 761 549 sui
815 494 1060 548 muneris
1091 506 1187 562 per
1214 509 1454 552 errorem
1491 499 1847 570 scriptorum,
1883 520 1990 558 non
2044 521 2174 560 vero
2207 519 2440 574 persona
2481 507 2551 562 ad
2605 508 2765 562 Iidem
2817 511 3080 566 lectorum
3136 512 3411 570 diversum
3443 514 3616 574 fuisse
3649 537 3678 574 a
3730 539 3737 544 ν·

410 585 601 640 I'aullo
624 583 773 684 Iela:
819 583 1111 656 Episcopo,
1149 589 1238 684 cui
1293 593 1558 648 Assemau
1596 596 1899 651 versionem
1945 597 2084 650 LXX
2140 601 2496 670 interpretum
2530 605 2670 672 apud
2727 604 2896 677 Syros
2937 621 3000 660 ex
3030 616 3180 662 certo
3221 609 3429 676 tribuit,
3478 614 3677 684 cuique

407 686 464 730 et
495 691 594 730 nos
624 673 922 729 Masianam
959 686 1014 730 et
1050 677 1468 735 Ambrosianum
1508 700 1572 738 ex
1606 685 1875 753 probabili
1909 689 2252 744 tribuendam
2287 698 2564 758 putamus.
2599 673 2783 763 Eque
2825 699 3083 770 ambigua
3135 714 3221 757 est
3261 673 3467 762 codicis
3503 673 3676 764 ηοέιιοξ

407 777 716 874 aetasque:
741 777 922 866 tamen
961 767 1107 874 si
1157 773 1458 832 litterarum
1491 781 1674 848 specie
1721 794 1774 836 et
1819 781 1993 837 forma
2027 786 2347 841 aistimanda
2407 789 2532 853 erit,
2567 805 2731 859 supra
2783 767 3045 852 sarculum
3102 809 3354 856 octavum
3388 808 3677 874 repetenda

414 857 642 911 videtur.
676 853 890 910 certius
915 865 998 910 est
1026 855 1172 915 illius
1205 878 1422 930 nomen,
1459 867 1550 935 qui
1590 867 1753 937 hujus
1782 870 1991 924 codicis
2015 886 2079 924 cx
2111 871 2241 926 Asia
2284 873 2337 926 iu
2366 853 3025 945 Europam—transferendi
3062 853 3680 947 consilioet'bcne‘licui;

407 955 639 1026 gratiam
669 952 1007 1022 posteritatis
1046 952 1248 1007 inierit.
1287 951 1594 1012 Cardinalis
1628 966 1711 1012 est
1747 958 2112 1024 Borromaeus,
2160 962 2244 1014 vir
2292 963 2592 1034 singularis
2625 971 2879 1040 exempli,
2914 975 3030 1042 qui,
3087 977 3194 1032 alia
3257 980 3485 1037 orientis
3541 998 3683 1052 prte-

411 1051 760 1108 stantissima
793 1058 857 1104 ut
887 1057 1122 1113 taceam,
1168 1050 1268 1105 hoc
1299 1051 1601 1121 exemplar,
1642 1052 1877 1107 emnobii
1904 1054 2208 1118 Cbaldaici,
2242 1060 2414 1112 sacris
2446 1057 2529 1114 St.
2577 1059 2761 1117 Mariae
2787 1064 3052 1126 faciendis
3088 1073 3142 1128 in
3179 1074 3475 1134 solitudine
3499 1050 3681 1135 Scliit-

408 1151 504 1204 tim
538 1146 800 1214 dedicati,
831 1147 1075 1217 priscum
1126 1143 1447 1200 thesaurum
1480 1183 1496 1208 ,
1528 1157 1595 1196 ex
1647 1140 1885 1213 Egypto
1945 1143 1998 1196 in
2033 1143 2411 1200 Ambrosiaua:
2459 1147 2814 1208 Bibliotheca:
2861 1169 3247 1217 ornamentum
3291 1165 3681 1223 libemlissinm

405 1242 766 1312 com-paravit.

474 1335 715 1406 Imagine
754 1333 960 1389 codicis
985 1331 1156 1387 nostri
1179 1329 1416 1384 breviter
1440 1342 1720 1397 expressa,
1748 1329 2018 1398 sequitur,
2051 1341 2105 1384 ut
2162 1330 2230 1386 de
2270 1329 2464 1386 Latina
2502 1344 2691 1390 nostra
2723 1339 2980 1396 versione
3007 1347 3199 1412 paucis
3238 1348 3444 1418 dicam,
3480 1349 3539 1406 in
3573 1367 3677 1421 qua

405 1425 785 1496 componenda
839 1425 1010 1494 Syrus
1059 1422 1331 1490 interpres
1365 1419 1500 1473 mihi
1555 1419 1658 1473 fuit
1696 1421 1970 1491 exi-mplo.
2004 1419 2482 1486 Quemadmodum
2538 1425 2628 1478 ille
2654 1425 2904 1483 Graecum
2951 1434 3198 1507 vestigiis
3232 1449 3455 1496 secutus
3503 1419 3608 1505 est,
3647 1458 3678 1496 a

403 1523 806 1579 consuetudine
834 1521 916 1574 sui
955 1518 1225 1573 sermonis
1273 1517 1430 1588 longe
1477 1518 1760 1580 recedens,
1795 1517 1868 1571 ita
1899 1533 1999 1587 ego
2042 1515 2262 1589 Syrum,
2295 1519 2351 1574 in
2385 1521 2575 1575 eadem
2611 1539 2692 1589 re,
2736 1528 2908 1595 magis
2947 1541 3094 1586 recte
3123 1533 3356 1602 legendi.
3394 1552 3558 1606 qliam
3589 1552 3682 1590 or-

404 1629 532 1671 nate
560 1614 804 1668 verteudi
829 1615 1098 1666 rationem
1126 1622 1425 1682 spectante.
1453 1613 1498 1668 si
1529 1616 1708 1668 minus
1736 1612 1928 1667 Latine
1953 1613 2295 1678 innitendum,
2327 1625 2508 1670 tamen
2539 1618 2908 1675 mmulaudum
2935 1629 3067 1685 mihi
3092 1631 3375 1700 proposui.
3407 1631 3464 1684 Si
3493 1641 3676 1684 autem

405 1714 622 1769 diﬂicile
671 1722 776 1774 est,
809 1711 887 1766 rei
924 1710 1217 1779 proximae,
1267 1711 1646 1766 diﬂicillimum
1683 1712 1815 1766 mihi
1850 1710 1971 1778 fuit,
2013 1713 2392 1767 remotissimae
2419 1713 2839 1772 similitudinem
2873 1735 2938 1775 ex
2970 1735 3100 1775 vero
3137 1718 3410 1790 eﬂingcre,
3441 1728 3496 1774 et
3519 1734 3681 1774 voccs

404 1811 682 1880 Syriacas,
737 1821 858 1877 quae
905 1803 1122 1858 licentia
1161 1803 1480 1861 vestustatis
1512 1802 1943 1871 obscurm,c0pia
1997 1802 2460 1870 signiﬁcationum
2521 1807 2811 1876 ambigure,
2859 1819 2913 1862 et
2960 1824 3061 1878 pro
3099 1810 3352 1865 orientali
3404 1811 3677 1865 scribendi

405 1918 623 1974 genere,
655 1902 800 1955 inter
826 1908 1076 1954 nostrum
1099 1908 1153 1953 et
1178 1893 1653 1964 Ilieroglypbicum
1678 1893 1876 1955 medio,
1900 1893 1955 1946 in
1988 1894 2131 1948 notis
2160 1895 2461 1962 praesertim
2490 1906 2546 1949 et
2569 1905 2726 1950 extra
2758 1899 2954 1952 seriem
2979 1902 3248 1957 oration-is
3275 1903 3426 1957 vario
3461 1903 3676 1972 legendi

402 2011 456 2054 et
484 1994 872 2067 interpretandi
900 1990 1129 2048 arbitrio
1155 1989 1406 2043 obnoxi-.e
1439 1995 1588 2050 sunt,
1618 1987 1844 2041 totidem
1877 1985 2089 2040 Latinis
2119 1987 2365 2056 ejusdem
2395 1988 2478 2042 vis
2501 1998 2553 2042 et
2585 1992 2876 2056 potestatis
2901 1991 3208 2062 exprimere
3227 1991 3325 2062 (I).
3360 1991 3452 2046 Sic
3480 1992 3677 2045 harum

403 2105 726 2148 caussarum
765 2099 981 2141 errores
1011 2098 1146 2137 mea:
1181 2080 1411 2135 inscitiae
1433 2119 1446 2143 ,
1477 2079 1720 2148 reliquos
1754 2094 1904 2142 vero,
1944 2093 2084 2148 quos
2112 2078 2536 2134 transcribendo
2567 2082 2841 2148 commisi,
2883 2093 2936 2138 et
2969 2099 3110 2153 quos
3153 2092 3464 2154 suspectos,
3499 2084 3679 2138 mani-

406 2186 598 2248 festos,
635 2191 781 2237 metu
809 2181 1006 2234 iterum
1034 2175 1252 2231 errandi
1281 2189 1385 2227 non
1409 2173 1646 2236 correxi,
1688 2187 1821 2227 mea:
1849 2173 2076 2227 incuria:
2109 2174 2339 2236 tribues.
2377 2184 2432 2230 et
2457 2191 2582 2228 cum
2617 2175 2740 2230 illos
2770 2187 2988 2246 propter
3021 2177 3098 2231 rei
3125 2176 3523 2240 diIIicullatem,
3554 2185 3670 2230 tum

405 2281 506 2332 Iros
539 2282 761 2346 propter
797 2269 1055 2340 temporis
1089 2267 1142 2320 in
1173 2265 1332 2334 copia
1363 2263 1572 2318 codicis
1601 2262 1850 2317 facienda
1884 2262 2202 2317 brevitatem
2236 2264 2547 2319 excusabis.
2579 2263 2832 2319 Profecto
2871 2281 2977 2321 non
3029 2275 3236 2322 tantum
3266 2285 3293 2322 a
3327 2284 3435 2333 me,
3472 2268 3565 2335 qui
3600 2268 3681 2337 ip-

405 2386 528 2426 sum
549 2368 796 2423 codicem
853 2378 953 2416 nec
985 2369 1167 2420 antea,
1200 2365 1429 2425 urgente
1463 2371 1583 2409 meo
1625 2355 1678 2408 in
1699 2353 1966 2407 orientem
2001 2354 2215 2418 itinere,
2243 2364 2414 2408 totum
2441 2371 2564 2410 cum
2588 2367 2777 2410 nostro
2797 2358 3092 2426 exemplari
3120 2357 3432 2414 conferendi
3464 2369 3678 2426 tempus

402 2465 593 2527 habui,
622 2477 723 2517 nec
744 2461 860 2531 jam
889 2473 952 2512 ex
987 2464 1140 2526 parte
1168 2450 1488 2506 consulendi
1523 2449 1869 2504 occasionem
1907 2448 2107 2514 habeo,
2137 2449 2466 2518 postulubis,
2493 2459 2757 2519 quantum
2793 2451 2865 2506 ab
2903 2462 3094 2504 eorum
3121 2449 3316 2505 studiis
3339 2459 3394 2504 et
3421 2450 3677 2522 ingeniis,

403 2558 604 2627 quibus
639 2553 804 2622 hujus
841 2548 1130 2616 utriusque
1161 2546 1379 2600 fortuna
1403 2545 1717 2615 contigerit,
1748 2543 2111 2613 exspectabis.

471 2649 554 2704 Ad
580 2648 838 2704 ultimum
863 2644 931 2699 de
957 2641 1166 2696 codicis
1195 2639 1369 2694 nostri
1404 2654 1530 2702 usu,
1555 2637 1650 2707 qui
1682 2637 1876 2690 melius
1902 2651 1931 2690 a
1951 2636 2066 2691 suis
2098 2633 2286 2698 rebus,
2328 2649 2492 2706 quam
2525 2635 2730 2692 nostris
2761 2636 2944 2703 verbis
2971 2636 3413 2705 cognoscendus,
3448 2636 3679 2707 integri-

403 2747 499 2800 tati
537 2743 792 2799 Hebraici
825 2748 1008 2796 textus
1039 2746 1224 2793 vetera
1247 2738 1588 2799 testimonia,
1623 2737 1770 2791 vitiis
1803 2735 1949 2789 LXX
1979 2737 2335 2805 interpretum
2359 2750 2499 2790 nova
2524 2735 2787 2800 remedia,
2807 2746 2863 2791 et
2895 2751 3020 2791 cum
3057 2732 3460 2789 Notitfaucouis
3496 2733 3676 2787 IIexa-

401 2841 507 2910 piis
534 2847 650 2892 tum
672 2835 917 2908 Syriacis
939 2832 1378 2888 Nomeuclaturis
1407 2845 1606 2900 magna
1645 2829 1981 2884 incrementa
2012 2831 2065 2883 in
2100 2828 2280 2884 fronte
2304 2828 2591 2899 promittit,
2628 2829 2760 2883 etin
2793 2845 3012 2885 recessu
3065 2828 3232 2894 fovet,
3265 2828 3434 2882 multa
3471 2827 3674 2912 habeo.

400 2944 523 2999 quae
551 2927 812 2990 dicerem,
845 2924 948 2978 nisi
980 2925 1258 2994 proposita
1291 2919 1587 2977 voluminis
1619 2927 1673 2973 et
1701 2919 1859 2988 pretii
1891 2919 2211 2986 magnitudo
2245 2920 2378 2973 mihi
2415 2929 2563 2974 esset
2592 2919 3009 2988 impedimento.
3041 2919 3210 2990 Igitur
3238 2935 3361 2974 cum
3394 2936 3459 2974 ex
3510 2919 3678 2971 innu-

403 3022 570 3077 meris
596 3019 858 3074 nounulla
891 3017 1054 3086 hujus
1098 3013 1369 3070 versiouis
1415 3013 1559 3074 loca,
1587 3025 1710 3081 qure
1741 3010 1810 3065 ab
1839 3008 2130 3080 Hexaplari
2189 3020 2304 3066 tum
2364 3009 2768 3066 Montfauceuis
2824 3027 2988 3080 opere
3042 3021 3156 3066 tum
3187 3011 3380 3067 ‘Grabii
3435 3010 3676 3066 editione

402 3128 599 3168 vocum
645 3119 700 3168 et
733 3111 1014 3181 signorum
1060 3124 1314 3172 numero,
1351 3107 1525 3163 forma
1555 3114 1610 3160 et
1636 3106 1756 3160 loco
1775 3103 2055 3171 differunt,
2090 3105 2296 3160 aﬂ‘atim
2333 3105 2608 3176 explicare
2643 3121 2751 3162 non
2785 3106 2965 3173 liceat,
3019 3123 3082 3161 ea
3126 3108 3180 3161 in
3213 3119 3532 3177 opportuna:
3558 3103 3676 3162 col--

403 3205 622 3260 lationis
648 3202 860 3272 copiam
910 3209 965 3255 et
1013 3200 1124 3254 veri
1174 3215 1235 3255 ac
1267 3199 1387 3254 falsi
1437 3197 1733 3253 discrimen
1768 3195 2090 3249 nominatim
2134 3195 2342 3251 citasse
2391 3196 2605 3266 juvabit
2655 3212 2686 3252 e
2726 3196 2858 3252 solis
2896 3193 3118 3253 duobus
3152 3197 3306 3253 libris
3341 3212 3487 3268 quos
3526 3211 3675 3251 nunc

400 3299 676 3445 castrisin.
708 3387 822 3442 ι.8.
850 3386 914 3440 II.
948 3387 1034 3440 I7.
1059 3386 1148 3438 ‘29.
1183 3382 1270 3438 III.
1305 3385 1360 3438 5.
1397 3382 1487 3438 IV.
1520 3383 1571 3437 I.
1605 3379 1672 3434 V.
1713 3379 1801 3434 I5.
1841 3379 1928 3434 16.
1957 3379 2048 3434 26.
2081 3377 2166 3433 Vl.
2201 3379 2255 3433 2.
2285 3381 2370 3434 I5.
2411 3380 2501 3434 2‘2.
2533 3380 2638 3434 VII.
2674 3382 2760 3438 I0.
2794 3381 2879 3438 II.
2912 3382 3048 3438 VIII.
3072 3385 3129 3438 2.
3160 3385 3212 3440 7.
3249 3382 3334 3439 I9.
3368 3383 3456 3438 IX.
3482 3384 3575 3439 26.
3601 3383 3672 3439 X.

401 3481 455 3536 9.
491 3480 578 3536 18.
607 3477 750 3533 XIII.
780 3479 866 3532 I0.
895 3475 1128 3530 XIV.I5.
1165 3477 1252 3530 I5.
1283 3472 1401 3528 XV.
1428 3474 1516 3527 II.
1549 3471 1690 3526 XVI.
1719 3471 1776 3526 4.
1812 3470 2004 3526 XVIII.

2040 3471 2131 3524 20.
2163 3471 2254 3525 εδ.
2289 3470 2432 3526 XIX.
2467 3474 2554 3528 II.
2586 3473 2732 3528 XXI.
2768 3476 2822 3530 5.
2853 3474 3013 3532 XXII.
3046 3478 3132 3533 I8.
3155 3477 3246 3534 29.
3273 3478 3364 3533 50.
3400 3478 3586 3534 XXIII.
3617 3479 3672 3534 8.

406 3576 493 3629 10.
523 3573 716 3630 XXIX.
752 3575 838 3629 I5.
880 3571 1121 3627 XXXIII.
1177 3571 1258 3624 I6.
1294 3568 1512 3623 XXXV.
1547 3569 1601 3623 5.
1639 3565 1880 3624 XXXVI.
1909 3566 1962 3621 I.
2004 3565 2141 3622 XLI.
2181 3568 2236 3622 9.
2269 3568 2354 3624 I5.
2386 3568 2615 3622 XLVIII.
2664 3571 2748 3624 I5.
2785 3571 2970 3628 50.45.
3004 3571 3238 3629 chcch.
3275 3572 3335 3626 V.
3366 3573 3454 3630 I5.
3489 3573 3576 3628 VI.
3613 3576 3670 3630 6.

403 3666 458 3718 9.
496 3665 582 3720 I0.
607 3659 769 3720 XVII.
801 3666 892 3720 20.
919 3665 1008 3719 21.
1038 3662 1222 3718 XVIII.
1253 3663 1305 3718 4.
1345 3661 1429 3720 LI.
1461 3664 1516 3720 6.

476 3844 842 3920 (_l_)__Gra:cum
875 3843 1168 3920 articulum
1201 3845 1629 3920 praepositivum,
1683 3862 1842 3920 quem
1886 3845 2152 3920 Origenes
2180 3851 2349 3904 textui
2400 3849 2699 3904 LXXviraIi
2733 3848 3028 3919 aliquando
3074 3849 3360 3920 praemisso
3404 3850 3674 3907 asterisco

405 3913 852 3988 add‘idit,_noster
880 3928 974 3981 per
996 3914 1242 3988 litteram
1284 3914 1489 3988 Lomad
1518 3913 1808 3988 expressit,
1841 3913 2009 3988 quam
2052 3919 2297 3987 Norbcrg
2345 3935 2439 3988 per
2468 3921 2559 3982 ad,
2593 3921 2676 3974 vel
2708 3921 2778 3984 is,
2806 3913 2892 3986 e'a,
2940 3921 3017 3982 id,
3047 3913 3303 3983 reddidit,
3342 3935 3444 3976 nos
3477 3920 3674 3980 litteris

403 3983 609 4063 Graecis
635 3981 841 4063 Latinae
867 3983 1104 4063 versioni
1142 3983 1512 4063 inseruinius;
1548 3981 1692 4063 quod
1723 3981 1924 4044 rectius
1950 4003 2070 4045 esse
2109 3989 2224 4061 ipse
2254 3981 2463 4048 codicis
2500 3981 2674 4047 editor
2709 3981 2945 4063 ingenue
2977 3981 3161 4048 fassus
3208 3981 3297 4048 est
3319 4004 3377 4047 se
3420 3991 3666 4047 animad-

401 4053 635 4109 vertisse
660 4053 926 4123 impresso
957 4053 1069 4123 jam
1091 4068 1253 4124 opere
1275 4070 1396 4109 suo.
1433 4054 1629 4112 Drach.

677 5838 945 5899 Parnm.
975 5839 1088 5900 Gn.
1128 5841 1296 5902 XVI.

3265 5847 3348 5914 73
