4134 6418
404 383 549 441 ῐδῡςι

1709 396 2028 455 ιΕιιΕιιιΑξ
2086 399 2316 454 CAPUT
2370 403 2430 458 ν.

3524 399 3688 454 251οα

403 506 456 552 et
478 499 533 552 in
551 497 852 556 Jerusalem
883 504 1168 559 audiatur:
1197 504 1378 572 dicite,
1413 508 1716 578 significate
1754 512 1830 582 (d)
1857 513 1984 566 tuba
2015 517 2061 573 Α
2091 515 2289 583 Aspexi
2323 517 2376 568 in
2413 523 2630 579 terram,
2665 523 2716 568 et
2740 527 2868 568 ecce
2903 515 2968 580 >κ
3003 512 3076 583 (z)
3102 512 3262 567 inane
3291 512 3312 579 1
3342 522 3395 567 et
3419 511 3577 576 nihil,
3617 519 3674 564 et

403 603 569 659 super
601 600 764 658 terra,
798 602 850 648 et
880 597 1112 651 clamate
1159 613 1289 654 voce
1327 615 1544 670 magna,
1590 602 1788 656 dicite:
1836 603 1982 657 Con-

401 684 723 751 grcgamini,
774 696 829 740 et
878 687 1247 755 ingrediamur
1294 691 1348 744 in
1390 693 1570 756 urbes,
1607 694 1806 762 quibus
1858 708 1986 751 sunt

404 773 547 825 muri
575 791 588 826 :
623 774 674 828 6.
701 775 770 846 (e)
794 779 1044 842 attollite,
1068 789 1121 833 et
1147 780 1314 850 fugite
1342 781 1393 834 in
1429 783 1648 838 Sionem
1671 802 1682 836 :
1713 784 1983 850 festinate,

402 877 470 915 ne
498 864 687 931 stetis;
747 867 873 936 quia
907 869 1049 922 mala
1103 886 1204 938 ego
1239 873 1451 926 adduco
1497 874 1564 927 ab
1597 876 1877 944 aquilone,
1930 889 1984 931 et

399 955 786 1010 contritionem
824 975 1097 1030 magnam.
1139 961 1188 1014 7.
1231 961 1491 1018 Ascendit
1534 966 1618 1018 leo
1665 982 1732 1020 ex
1771 968 1983 1022 habita-

399 1044 524 1097 culo
548 1062 682 1100 suo:
726 1060 780 1103 et
810 1051 901 1119 qui
936 1052 1078 1105 delet
1111 1061 1321 1122 gentes,
1353 1054 1418 1124 (Γ)
1454 1056 1702 1122 abstulit,
1735 1067 1788 1111 et
1817 1060 1983 1113 exivit

399 1154 463 1192 ex
493 1136 614 1191 loco
649 1153 770 1203 suo,
809 1140 874 1193 ad
912 1142 1219 1209 ponendum
1259 1149 1459 1198 terram
1499 1153 1644 1200 tuam
1684 1147 1760 1218 (g)
1796 1148 1846 1200 in
1891 1150 1984 1202 de-

401 1237 641 1282 sertum:
679 1239 734 1284 et
783 1231 946 1286 urbes
1000 1241 1106 1286 tute
1143 1235 1518 1304 dcstruentur,
1565 1253 1630 1290 eo
1676 1239 1822 1308 quod
1873 1256 1978 1294 non

402 1320 732 1376 liabitentur.
783 1322 834 1376 8.
893 1322 1067 1394 Super
1112 1325 1198 1380 liis
1247 1327 1447 1398 cingite
1509 1344 1605 1383 vos
1657 1330 1873 1396 ciliciis,
1929 1345 1982 1384 et

400 1412 656 1481 plangite,
696 1423 747 1467 et
783 1414 1012 1481 ulnlate;
1070 1418 1195 1486 quia
1246 1434 1352 1472 non
1407 1435 1658 1477 reversus
1703 1431 1785 1476 est
1828 1423 1982 1476 furor

400 1504 494 1557 ira:
528 1503 738 1559 Domini
775 1521 804 1559 a
827 1506 1003 1561 vobis.
1039 1507 1091 1561 9.
1121 1507 1183 1562 Et
1212 1509 1315 1563 erit
1346 1511 1398 1563 in
1437 1512 1526 1566 die
1564 1512 1678 1577 illo,
1711 1513 1842 1569 dicit
1873 1513 1980 1568 Do-

401 1597 602 1659 minus,
636 1599 832 1666 peribit
873 1599 948 1668 (li)
979 1614 1072 1656 cor
1114 1602 1275 1671 regis,
1322 1612 1376 1655 et
1412 1619 1509 1657 cor
1541 1605 1888 1674 principum;
1926 1616 1980 1662 et

399 1689 464 1757 (ἰ)
498 1689 884 1759 obstupescent
922 1693 1257 1756 sacerdotes,
1291 1703 1344 1748 et
1374 1698 1650 1765 propheta:
1689 1699 1976 1754 mirabun-

399 1789 507 1833 tur.
560 1781 642 1834 lO.
677 1780 740 1835 Et
774 1782 921 1836 dixi:
952 1781 996 1836 Ο
1044 1783 1365 1839 Dominator
1424 1787 1670 1852 Domine,
1717 1806 1785 1844 an
1830 1792 1975 1846 deci-

399 1870 598 1938 pienth
637 1870 894 1940 decepisti
931 1875 1190 1942 pepulum
1225 1875 1391 1942 hunc,
1429 1878 1482 1932 in
1529 1877 1852 1946 Jerusalem,
1895 1882 1977 1936 di-

397 1977 526 2016 cens
547 1971 601 2016 tu
628 1981 642 2016 :
667 1963 776 2018 Pax
791 1965 1158 2032 eritvobis,et
1187 1967 1258 2036 (k)
1282 1970 1549 2039 perlinget
1577 1971 1790 2041 gladius
1810 1987 1982 2043 usque

397 2054 463 2106 ad
495 2055 739 2108 animam
782 2058 1012 2110 eorum?
1051 2058 1138 2110 ll.
1181 2059 1239 2113 ln
1283 2069 1528 2130 tempore
1562 2064 1654 2116 illo
1690 2064 1752 2132 (ι)
1797 2065 1980 2120 dicent

395 2144 599 2214 populo
629 2146 756 2201 huic
783 2156 836 2202 et
862 2146 1198 2204 Jerusalem:
1238 2151 1334 2221 (m)
1373 2153 1610 2221 Spiritus
1647 2164 1702 2208 et
1733 2172 1889 2211 error
1925 2158 1979 2210 in

393 2238 635 2302 deserto,
663 2241 740 2309 (η)
771 2241 856 2294 via
888 2236 1010 2296 filiae
1041 2245 1226 2312 pepuli
1262 2246 1364 2298 mei
1398 2261 1506 2298 non
1535 2249 1600 2298 ad
1635 2263 1856 2316 purum,
1893 2267 1982 2305 ne-

394 2345 501 2398 que
535 2331 603 2383 ad
633 2341 908 2386 sanctum.
955 2333 1041 2386 l2.
1087 2331 1324 2402 Spiritus
1355 2336 1674 2404 repletionis
1701 2342 1768 2406 >κ
1795 2355 1859 2392 ex
1897 2341 1980 2394 liis

398 2420 421 2488 1
459 2421 640 2474 veniet
680 2422 834 2479 mihi.
868 2421 1024 2477 Nunc
1051 2434 1233 2478 autem
1268 2429 1336 2494 χ(
1369 2435 1423 2480 et
1463 2426 1483 2492 1
1520 2443 1620 2496 ego
1660 2429 1852 2498 loquar
1886 2430 1979 2499 ju-

392 2511 532 2564 dicia
577 2527 696 2566 mea
727 2512 990 2568 adversus
1011 2530 1126 2569 eos.
1174 2515 1256 2570 l3.
1288 2515 1448 2579 Ecce,
1480 2528 1538 2572 ut
1563 2519 1754 2580 nubes,
1786 2536 1979 2575 ascen-

393 2601 505 2665 det,
539 2611 593 2656 et
625 2610 682 2655 ut
719 2603 901 2667 turbo,
934 2619 1130 2666 cursus
1155 2607 1307 2674 ejus:
1347 2607 1580 2664 leviores
1610 2611 1811 2678 aquilis
1851 2613 1976 2682 equi

391 2693 534 2760 ejus.
572 2692 665 2748 Val:
712 2694 890 2759 nobis,
941 2697 1070 2766 quia
1110 2698 1293 2753 amicti
1344 2715 1562 2756 sumus.
1603 2701 1685 2754 14.
1728 2703 1902 2758 Ablue
1947 2721 1976 2760 a

395 2787 602 2842 malitia
640 2803 737 2842 cor
770 2798 947 2855 tuum,
992 2788 1320 2858 Jerusalem,
1367 2802 1424 2846 ut
1472 2794 1716 2849 salveris.
1755 2794 1974 2861 Quous-

392 2894 500 2948 que
530 2879 871 2948 reperientur
897 2880 950 2934 in
987 2888 1036 2934 te
1069 2881 1427 2951 cogitationes
1445 2884 1695 2938 dolorum
1717 2888 1980 2940 tuorum?

396 2971 484 3024 l5.
515 2969 654 3036 Quia
703 2986 803 3024 vox
838 2971 1218 3025 annuntiantis
1246 2987 1312 3026 ex
1347 2971 1460 3026 Dan
1514 2973 1627 3043 (0):
1666 2975 1740 3044 (p)
1777 2987 1830 3031 et
1880 2993 1980 3032 au-

393 3061 573 3116 dietur
597 3062 749 3116 dolor
795 3077 861 3116 ex
896 3071 1081 3118 monte
1111 3061 1380 3132 Epiri-tem.
1431 3063 1516 3117 l6.
1557 3066 1613 3118 ln
1656 3069 1976 3122 memoriam

2090 607 2142 659 in
2161 607 2382 672 ctelum,
2413 615 2466 661 et
2489 622 2594 660 non
2626 615 2783 662 erant
2812 607 2960 660 luces
2992 605 3132 674 ejus.
3161 605 3252 660 24.
3285 603 3407 659 Vidi
3439 613 3672 668 montes,

2086 706 2140 751 et
2188 706 2345 751 erant
2397 707 2714 762 trementes,
2753 705 2805 750 et
2845 710 3040 750 omnes
3067 696 3235 750 colles
3269 696 3535 749 turbatos.
3581 695 3672 747 25.

2087 788 2323 856 Inspexi,
2353 799 2406 842 et
2434 803 2560 841 ecce
2596 802 2705 840 non
2737 795 2853 840 erat
2875 787 3064 849 homo,
3107 793 3163 857 et
3203 799 3395 838 omnes
3429 785 3676 838 volucres

2087 880 2210 931 ςαξΙὶ
2249 879 2322 946 (α)
2357 877 2718 946 cxpavebant.
2751 874 2841 928 26.
2879 873 3021 938 Vidi,
3044 883 3097 927 et
3124 888 3252 928 ecce
3280 871 3564 925 Carmelus
3591 871 3679 924 dc-

2086 979 2286 1032 sertus,
2321 980 2372 1023 et
2403 985 2595 1023 omnes
2627 968 2792 1022 urbes
2836 969 2901 1034 ):(
2929 967 3049 1034 ejus
3083 965 3106 1032 1
3151 965 3223 1033 (ὸ)
3263 964 3506 1018 incensa:
3556 963 3678 1031 igne

2085 1075 2111 1113 θ
2167 1059 2304 1114 facie
2350 1058 2589 1121 Domini,
2618 1067 2670 1112 et
2697 1074 2726 1112 a
2765 1057 2902 1112 facie
2931 1058 3026 1111 ira:
3057 1056 3262 1111 furoris
3286 1055 3406 1124 ejus
3443 1070 3504 1111 σε·
3539 1057 3676 1110 abo-

2084 1151 2192 1204 lita:
2215 1161 2370 1205 erant
2401 1152 2446 1217 1.
2474 1151 2560 1203 27.
2595 1149 2720 1205 llaec
2743 1151 2872 1204 dicit
2892 1149 3180 1204 Dominus:
3218 1148 3289 1218 (ε)
3321 1147 3540 1202 Deserta
3571 1147 3677 1202 erit

2082 1244 2262 1297 munis
2293 1251 2458 1304 terra,
2484 1242 3012 1296 consummationem
3035 1254 3162 1294 vero
3187 1255 3295 1294 non
3325 1239 3542 1293 faciam.
3580 1239 3670 1292 28.

2085 1331 2256 1400 Super
2286 1332 2369 1386 liis
2397 1334 2571 1399 lugeat
2601 1341 2764 1396 terra,
2788 1331 3057 1409 etcaliget
3079 1330 3267 1385 caelum
3290 1329 3558 1397 desuper;
3595 1329 3672 1397 (d)

2082 1424 2207 1493 quia
2240 1423 2454 1478 locutus
2489 1440 2632 1490 sum,
2666 1433 2719 1477 et
2761 1439 2866 1477 non
2893 1438 2979 1477 me
3006 1422 3317 1492 paenitebit:
3355 1420 3426 1492 (e)
3453 1421 3549 1474 tuli
3575 1422 3678 1474 im-

2082 1524 2288 1584 petum,
2313 1525 2366 1569 et
2394 1529 2500 1568 non
2535 1515 2782 1568 recedam
2813 1515 2880 1568 ab
2902 1529 2984 1568 ea.
3013 1513 3102 1567 29.
3137 1513 3181 1564 A
3211 1529 3340 1567 voce
3367 1512 3588 1582 equitis,
3622 1520 3678 1566 et

2082 1606 2148 1676 (f)
2195 1621 2356 1660 arcus
2390 1605 2587 1660 iutcnsi
2616 1605 2869 1674 migravit
2903 1605 3084 1658 omnis
3127 1605 3298 1674 regio.
3331 1604 3674 1672 lrrepserunt

2082 1697 2135 1748 in
2173 1695 2484 1764 speluncas,
2525 1709 2586 1748 σιμ
2626 1704 2679 1748 et
2714 1695 2767 1749 in
2801 1695 2965 1748 silvas
3011 1709 3070 1748 se
3119 1694 3586 1750 abscondiderunt
3624 1693 3674 1760 1,

2082 1795 2137 1840 et
2165 1801 2331 1855 super
2361 1787 2598 1854 ingentia
2629 1801 2761 1839 saxa
2794 1786 2868 1855 (g)
2903 1786 3302 1840 ascenderunt:
3329 1785 3510 1839 omnis
3543 1785 3675 1838 urbs

2082 1877 2339 1933 derelicta
2364 1884 2466 1940 est,
2506 1892 2615 1931 non
2651 1876 2859 1929 habitat
2885 1877 2939 1929 in
2967 1877 3047 1931 eis
3085 1878 3268 1929 homo.
3299 1876 3390 1930 50.
3425 1874 3492 1929 Et
3522 1884 3576 1930 ιιι
3605 1878 3674 1942 )5:

2083 1969 2282 2022 misera
2325 1968 2372 2035 1,
2404 1967 2536 2036 quid
2573 1966 2742 2021 facies
2767 1967 2789 2018 ?
2813 1965 2868 2020 Si
2914 1967 3012 2019 tibi
3037 1966 3466 2020 circumdederis
3491 1967 3675 2020 cocci-

2083 2076 2237 2125 num,
2267 2068 2322 2113 et
2345 2069 2395 2113 te
2425 2061 2710 2113 ornaveris
2747 2069 3074 2113 ornamento
3105 2058 3248 2123 auri,
3281 2066 3336 2111 et
3382 2057 3427 2111 si
3479 2057 3680 2110 oblini-

2085 2153 2229 2206 veris
2263 2150 2338 2219 (Ii)
2374 2150 2600 2222 collyrio
2632 2151 2823 2206 oculos
2851 2159 3006 2214 tuos;
3043 2151 3096 2204 in
3121 2165 3323 2204 vanum
3355 2149 3417 2218 (ἱ)
3445 2149 3575 2202 illud
3605 2147 3678 2218 (k)

2083 2243 2250 2297 decus
2283 2253 2456 2296 tuum.
2493 2241 2833 2311 Repulcrunt
2867 2251 2920 2296 te
2964 2244 3240 2296 amatores
3286 2241 3392 2295 tui:
3435 2241 3677 2294 animam

2082 2344 2232 2388 tuam
2268 2342 2539 2404 quaarcnl:
2577 2335 2667 2388 5|.
2697 2332 2834 2398 Quia
2873 2348 3058 2386 vocem
3098 2343 3155 2385 ut
3190 2331 3544 2401 parturientis
3575 2347 3679 2384 au-

2081 2423 2214 2485 divi,
2257 2423 2319 2493 (ι)
2352 2424 2611 2493 gemitum
2649 2433 2802 2476 tuum
2837 2432 2894 2475 ut
2927 2420 3192 2489 parientis
3234 2421 3432 2490 primo.
3462 2419 3577 2473 Vox
3616 2421 3681 2472 li-

2083 2514 2168 2568 lia:
2205 2515 2388 2568 Sionis
2423 2513 2769 2584 refrigescet:
2800 2522 2855 2566 et
2877 2511 3122 2566 remittet
3155 2527 3350 2565 manus
3382 2526 3533 2565 suas.
3576 2508 3678 2564 Vae

2082 2606 2216 2660 mihi
2247 2620 2368 2676 ego,
2401 2605 2528 2674 quia
2559 2605 2743 2658 delicit
2769 2604 2954 2658 anima
3000 2619 3120 2657 mea
3154 2618 3318 2671 super
3351 2600 3678 2658 interfectis.

2151 2696 2283 2764 Cap.
2320 2694 2524 2749 V.—l.
2552 2695 2788 2759 Currite,
2820 2695 3105 2750 circumite
3136 2694 3191 2748 in
3222 2694 3324 2749 viis
3339 2691 3676 2748 Jerusalem:

2083 2787 2258 2842 videte
2281 2789 2348 2854 >κ
2384 2785 2548 2856 igitur
2575 2788 2621 2855 1,
2652 2795 2706 2841 et
2735 2785 3072 2855 cognoscite,
3120 2795 3174 2840 ct
3205 2786 3432 2854 quaerite
3473 2785 3528 2837 in
3555 2784 3676 2853 pla-

2084 2881 2184 2934 teis
2218 2880 2356 2946 ejus,
2382 2879 2426 2934 si
2446 2879 2736 2933 inveniatis
2763 2880 2960 2943 virum,
2986 2879 3028 2933 si
3059 2879 3131 2932 sit
3160 2877 3678 2944 faciensjudicmm,

2081 2982 2134 3026 et
2167 2986 2415 3040 quaerens
2463 2969 2558 3040 (m)
2597 2970 2793 3024 (idem:
2852 2980 2905 3024 et
2953 2971 3225 3041 prepitius
3262 2985 3356 3024 ero
3390 2969 3492 3032 eis,
3548 2969 3680 3023 dicit

2082 3064 2367 3120 Dominus.
2401 3063 2458 3116 2.
2517 3063 2593 3133 (η)
2637 3062 2782 3117 Vivit
2837 3062 3128 3128 Dominus,
3184 3063 3412 3118 dicunt:
3459 3069 3682 3130 propter

377 3162 646 3208 'revocate
675 3154 948 3222 gentibus,
990 3154 1064 3222 (q)
1096 3168 1222 3208 ecce
1261 3165 1554 3211 venerunt:
1594 3155 1982 3230 Hierosolyma
2012 3166 2054 3222 c
2091 3156 2195 3210 lioc
2250 3169 2432 3209 nonne
2463 3170 2629 3224 super
2677 3155 2977 3210 mendaciis
3033 3154 3257 3224 jurant?
3308 3155 3362 3210 ’5.
3425 3153 3676 3215 Domine.

394 3244 734 3309 ammntiate,
783 3244 954 3300 turba:
998 3245 1220 3300 veniunt
1260 3261 1324 3300 ex
1374 3256 1518 3302 terra
1564 3249 1881 3321 longinqua,
1929 3261 1982 3306 et

394 3335 658 3390 dederunt
710 3351 874 3404 super
927 3336 1088 3392 urbes
1118 3335 1272 3391 Judae
1322 3353 1512 3393 vocem
1560 3356 1751 3396 suam:
1782 3344 1867 3397 Π.
1925 3354 1982 3400 ιιι

393 3427 765 3481 custodientes
796 3441 1010 3496 agrum,
1043 3426 1172 3482 facti
1223 3439 1353 3484 sunt
1398 3446 1564 3500 super
1598 3447 1718 3486 eam
1767 3434 1820 3488 in
1875 3437 1982 3490 cir-

394 3517 582 3584 cuitu;
615 3517 684 3586 (r)
733 3517 995 3588 quoniam
1047 3534 1132 3573 me
1183 3521 1494 3589 neglexisti,
1533 3523 1664 3580 dicit
1694 3525 1978 3583 Dominus.

396 3609 480 3663 l8.
503 3609 611 3663 Viae
631 3619 755 3674 true,
771 3618 823 3663 et
844 3611 1020 3664 studia
1056 3620 1147 3665 tua
1175 3610 1692 3669 feceruntluectibi:
1729 3616 1842 3671 haec
1865 3633 1983 3672 ma-

395 3701 508 3756 litia
525 3711 638 3766 tua,
651 3702 796 3770 quod
809 3718 1018 3765 amara,
1037 3703 1162 3772 quia
1185 3705 1402 3776 perligit
1419 3721 1593 3776 usque
1609 3708 1674 3763 ad
1692 3725 1787 3763 cor
1804 3720 1978 3764 tuum.

397 3791 482 3845 l9.
507 3791 702 3846 Venter
727 3808 906 3856 meus,
925 3803 1110 3848 venter
1131 3811 1282 3851 meus
1300 3797 1446 3852 dolet
1476 3798 1634 3866 milii,
1659 3809 1712 3854 et
1735 3803 1980 3858 sensoria

394 3884 580 3940 cordis
603 3885 708 3939 mei
727 3901 739 3935 :
759 3884 829 3954 (ε)
843 3884 1176 3954 discerpitur
1192 3901 1253 3940 -ι-
1270 3888 1454 3944 anima
1475 3906 1616 3957 mea,
1641 3891 1974 3962 dilaniatur1

394 3979 560 4032 etiam
599 3993 694 4032 cor
716 3993 900 4032 meum
927 3993 941 4030 :
979 3994 1084 4032 non
1119 3980 1343 4046 tacebo;
1376 3982 1503 4049 quia
1533 3999 1720 4038 vocem
1749 3985 1813 4053 (ι)
1841 3987 1983 4039 tubae

395 4069 602 4123 audivit
645 4071 826 4122 anima
863 4085 1003 4135 mea,
1040 4069 1119 4139 (ιι)
1164 4069 1460 4126 clamorem
1505 4075 1654 4142 belli,
1689 4075 1780 4129 20.
1819 4092 1881 4131 -ι-
1927 4085 1983 4132 et

397 4161 632 4214 miseria:
662 4161 683 4229 1
716 4180 729 4214 :
782 4162 1167 4218 contritionem
1206 4165 1271 4230 >κ
1311 4180 1475 4234 super
1516 4167 1902 4222 contritionem
1955 4171 1977 4238 1

397 4253 475 4321 (ε)
507 4253 768 4318 advocat;
800 4255 928 4324 quia
975 4264 1167 4310 vexata
1201 4264 1285 4311 est
1319 4257 1501 4314 omnis
1531 4267 1703 4313 terra:
1759 4271 1982 4330 repente

401 4351 654 4398 vexatum
685 4353 769 4399 est
801 4345 1215 4400 tabernaculum
1266 4362 1470 4410 meum,
1503 4348 1800 4404 dilacerata
1855 4359 1984 4406 sunt

399 4421 570 4490 aulaea
599 4450 738 4490 mea.
774 4436 863 4488 2i.
900 4436 1196 4507 Quousque
1216 4438 1410 4493 videbo
1444 4440 1728 4511 fugientes,
1763 4443 1979 4498 audiam

2085 3248 2228 3302 oculi
2261 3249 2336 3302 tui
2372 3247 2446 3316 (0)
2482 3249 2534 3300 in
2572 3245 2731 3302 ﬁdem
2763 3263 2776 3296 :
2815 3247 3097 3317 ﬂagellasti
3128 3261 3244 3313 eos,
3277 3255 3331 3301 et
3364 3261 3473 3301 non
3508 3245 3683 3322 doluit

2084 3341 2198 3394 eis:
2245 3337 2600 3393 consumsisti
2652 3352 2769 3402 eos,
2827 3349 2880 3391 et
2925 3352 3033 3392 non
3063 3337 3384 3412 voluerunt
3432 3335 3683 3404 accipere

2084 3429 2468 3498 disciplinam:
2504 3427 2830 3483 indurarunt
2859 3427 3025 3483 facies
3059 3441 3189 3481 suas
3217 3426 3342 3495 plus
3381 3441 3546 3494 quam
3582 3440 3681 3494 pe-

2085 3531 2270 3586 tram,
2310 3530 2360 3576 et
2385 3537 2493 3575 non
2547 3521 2839 3575 voluerunt
2883 3536 2942 3575 se
2981 3529 3325 3575 convertere.
3385 3519 3438 3576 4.
3475 3517 3541 3572 Ει
3580 3533 3682 3588 ego

2085 3614 2230 3668 dixi:
2262 3613 2518 3669 Fortasse
2543 3613 2734 3682 inopes
2766 3621 2912 3678 sunt,
2936 3612 3066 3681 quia
3099 3613 3176 3680 (p)
3213 3627 3320 3666 non
3348 3618 3678 3681 potuerunt:

2085 3705 2346 3775 quoniam
2373 3721 2480 3759 non
2507 3706 3042 3774 cognoveruntviam
3064 3703 3302 3767 Domini,
3333 3713 3384 3756 et
3409 3701 3680 3769 judicium

2087 3797 2182 3852 Dei
2213 3801 2278 3865 >ε<
2337 3797 2470 3863 sui1
2509 3794 2561 3850 5.
2618 3795 2712 3850 Ibo
2751 3797 2816 3850 ad
2866 3795 3181 3864 eptimates,
3217 3805 3270 3850 et
3327 3795 3522 3863 loquar
3575 3793 3678 3860 eis,

2087 3889 2216 3960 quia
2267 3889 2368 3957 ipsi
2421 3897 2794 3954 cognoverunt
2828 3888 2974 3940 viam
3007 3885 3250 3950 Domini,
3305 3896 3359 3940 et
3407 3884 3680 3955 judicium

2088 3981 2182 4036 Dei
2218 3985 2285 4048 Ξ(
2321 3981 2444 4048 sui1
2496 3979 2560 4034 Et
2594 3995 2719 4035 ecce
2751 3982 2818 4049 Ἀ(
2875 3980 2973 4050 ipsi
3005 3979 3027 4048 1
3091 3979 3255 4034 simul
3299 3978 3685 4048 confregerunt

2082 4069 2298 4140 jngum,
2341 4070 2667 4140 diruperunt
2705 4070 2946 4126 vincula.
2985 4071 3038 4124 6.
3076 4071 3308 4140 PrOpter
3334 4072 3437 4126 hoc
3469 4085 3685 4140 percus-

2087 4162 2158 4216 sit
2183 4176 2277 4216 eos
2313 4162 2397 4215 leo
2429 4177 2494 4216 ex
2527 4162 2687 4220 silva.
2738 4170 2793 4216 et
2839 4163 3002 4231 lupus
3052 4162 3128 4231 (q)
3175 4177 3349 4231 usque
3375 4163 3443 4216 ad
3485 4163 3684 4216 domos

2085 4253 2286 4307 delevit
2315 4268 2444 4308 eos:
2499 4263 2552 4307 et
2582 4254 2786 4320 pardus
2839 4253 3084 4322 vigilavit
3106 4269 3272 4323 super
3305 4253 3558 4307 civitates
3587 4269 3682 4307 eo-

2086 4361 2228 4398 rum.
2285 4344 2505 4407 Omnes,
2568 4345 2663 4414 qui
2711 4343 3068 4413 egrediuntur
3120 4359 3186 4398 ex
3217 4343 3318 4405 eis,
3362 4343 3680 4412 capientur;

2088 4434 2214 4503 quia
2276 4435 2711 4504 multiplicarunt
2760 4433 3067 4502 impietates
3127 4448 3278 4496 suas,
3332 4432 3683 4487 iuvaluerunt

399 4540 590 4579 vocem
625 4525 922 4578 tubarum?
956 4526 1044 4579 22.
1081 4527 1155 4598 (υ)
1181 4529 1321 4594 Quia
1366 4508 1639 4598 principes
1663 4533 1846 4602 populi
1877 4534 1983 4586 mei
2017 4508 2062 4564 ι)
2092 4526 2288 4580 robore
2345 4526 2396 4578 in
2440 4525 2819 4579 aversionibus
2868 4524 3018 4579 suis:
3054 4523 3106 4576 7.
3140 4522 3370 4592 Propter
3411 4539 3576 4593 quam
3614 4541 3682 4580 ex

400 4631 488 4671 me
527 4632 636 4672 non
665 4627 1059 4688 cognoverunt.
1095 4617 1217 4672 Filii
1251 4621 1573 4691 insipientes
1603 4631 1750 4687 sunt,
1797 4631 1850 4677 et
1883 4638 1993 4678 non
2093 4620 2179 4676 his
2215 4619 2484 4688 propitius
2520 4619 2644 4673 liam
2680 4619 2818 4672 tibi?
2847 4618 2970 4672 Filii
3004 4620 3080 4672 tui
3133 4617 3541 4686 dereliquerunt
3572 4634 3679 4684 me,

403 4708 766 4778 intelligentes
797 4712 864 4777 χ(
901 4719 1030 4764 sunt
1068 4709 1122 4776 1:
1159 4711 1436 4779 sapientes
1465 4721 1595 4768 sunt
1624 4715 1689 4768 ad
1724 4716 1866 4768 male
1912 4715 1995 4768 fa-
2092 4720 2146 4766 et
2187 4711 2444 4780 jurarunt
2476 4712 2529 4765 in
2568 4711 2661 4772 iis,
2711 4725 2770 4765 σι»
2804 4710 2898 4780 qui
2934 4725 3041 4765 non
3087 4720 3218 4766 sunt
3255 4713 3302 4780 ζ,
3330 4709 3454 4765 Dii:
3499 4714 3555 4766 et
3587 4726 3681 4766 sa-

329 4799 338 4806 ’
405 4799 685 4864 ciendum,
721 4799 858 4856 bene
891 4797 1065 4854 facere
1114 4815 1244 4854 vero
1297 4815 1404 4854 non
1453 4814 1848 4873 cegnoverunt.
1900 4805 1992 4857 23.
2097 4805 2224 4860 tiavi
2257 4820 2372 4868 eos,
2404 4815 2456 4859 et
2495 4803 2785 4862 adullerali
2817 4813 2965 4869 sunt,
3011 4814 3066 4859 et
3096 4805 3150 4859 in
3185 4803 3441 4860 domibus
3470 4803 3538 4875 (r)
3562 4819 3680 4860 me-

477 5037 560 5112 (d_)
584 5038 676 5100 Α.,
712 5036 797 5100 8.,
835 5039 886 5092 in
913 5053 1123 5112 ‘cor‘nu:
1174 5038 1242 5112 (e)
1270 5039 1358 5112 A.,
1397 5040 1563 5112 tollite
1594 5042 1806 5112 signum
1836 5044 1889 5095 in
1930 5041 1980 5096 Si

2084 5057 2172 5096 3m.
2214 5040 2278 5108 (Γ)
2318 5042 2406 5112 ᾼ.,
2455 5040 2536 5104 8.,
2574 5041 2783 5095 extulit.
2819 5042 2891 5112 (9)
2924 5043 3012 5108 Α.,
3047 5041 3129 5107 8.,
3168 5042 3220 5094 in
3251 5034 3679 5112 corruptionem.

402 5104 607 5183 (Ir)'S._,_
655 5123 830 5183 mens.
903 5108 965 5177 (ἱ)
996 5107 1079 5183 S._,
1112 5104 1461 5164 hzesitaltuirt.
1507 5111 1579 5180 (Ιι)
1616 5104 1702 5177 Ai,
1746 5111 1865 5183 17L,
1924 5128 1980 5182 pe

2084 5113 2160 5180 git.
2190 5104 2286 5183 ,(1⁷)
2313 5110 2544 5183 Reliqui,
2592 5104 2971 5183 dicetur-['(m)
3001 5104 3135 5183 Ἀ,
3157 5119 3352 5183 ventus
3391 5104 3618 5173 fulgoris
3652 5119 3682 5183 ιξ

403 5174 725 5250 speculisin
756 5174 991 5250 deserto.
1032 5177 1116 5238 S.,
1153 5188 1345 5250 ventus
1381 5174 1570 5234 mstu's.
1601 5174 1697 5249 (ιη’
1738 5181 1820 5245 8.,
1853 5174 1938 5235 ἰιέ
1985 5174 2126 5235 viain
2180 5174 2302 5235 mae
2332 5174 2514 5250 populi
2565 5183 2669 5234 mei
2719 5198 2825 5236 non
2863 5174 2928 5235 ad
2954 5174 3370 5240 'ventilandum,
3402 5188 3580 5250 neque
3601 5174 3683 5250 ,θα

404 5241 771 5322 purgandum.
804 5248 879 5322 (ο)
912 5247 1121 5302 \‘eniet.
1155 5248 1387 5322 (p)_A.,_
1409 5259 1463 5302 et
1493 5241 1680 5305 notum
1710 5241 2068 5322 facientis.(q)
2107 5241 2352 5322 A.,cece
2387 5241 2576 5322 audire
2614 5251 2773 5306 facile
2804 5268 2966 5322 super
2991 5251 3294 5322 Jerusalem
3331 5241 3552 5322 bellum.

405 5313 664 5396 custodes
705 5313 928 5396 veniunt
977 5331 1041 5396 es
1070 5313 1222 5372 terra
1247 5320 1648 5396 longiuquauet
1685 5321 1892 5376 dabunt
1937 5313 2102 5396 super
2136 5321 2322 5396 urbes.
2359 5321 2429 5396 (_r)
2461 5321 2697 5396 Reliqui,»
2732 5313 2978 5396 quialmc
3011 5321 3425 5396 exacerbarunt.
3462 5313 3678 5396 _(slmd-a

405 5395 674 5462 strepunt.
703 5385 1131 5462 $.,Aconturbata
1153 5400 1299 5442 sunt.
1344 5381 1419 5456 (ι)
1454 5381 1655 5462 Ἁ.,ί8.,
1681 5407 1874 5462 cornu.
1933 5396 1980 5458 (ιι

2096 5430 2142 5462 ,7,
2163 5388 2244 5462 St.
2272 5381 2562 5444 ululatum.
2593 5381 2706 5461 ’(ςτ)
2739 5381 2828 5455 IL,
2861 5391 2943 5454 S.,
2977 5403 3162 5446 vocata
3187 5400 3290 5445 est.
3320 5390 3411 5462 ty)
3435 5381 3678 5462 ⁸ιιὶσηΤΙι..

403 5456 938 5530 quoniamdesipuit
964 5459 1196 5524 populus
1218 5475 1390 5512 meus.
1427 5462 1500 5527 (κ)
1531 5461 1619 5524 Α.,
1647 5461 1904 5523 inanitas,
1931 5456 2168 5515 et'niliil.
2198 5460 2281 5522 S.,
2305 5475 2411 5512 non
2449 5456 2754 5528 composita
2777 5473 2829 5514 et
2851 5464 3158 5516 commista.
3188 5463 3261 5530 (al
3294 5456 3382 5520 Α..
3416 5456 3680 5530 ιιςηὶίεΐο-

405 5533 550 5578 runt.
598 5524 690 5602 ,(ρ)
718 5525 1121 5602 ᾼηιίυειιοιιειω
1146 5537 1322 5582 erant.
1379 5530 1451 5598 (ε)
1484 5524 1584 5590 Ἀ..
1636 5531 1935 5602 corruptio.

2103 5545 2211 5584 non
2247 5538 2458 5584 ornata.
2516 5524 2594 5602 (tl)
2627 5530 2717 5602 A.,
2754 5531 2874 5602 ᾙιη
2911 5543 3128 5602 propter
3160 5524 3262 5585 hoc
3293 5529 3436 5602 qugd
3463 5526 3683 5578 locutus

405 5609 550 5670 sum.
590 5593 1242 5670 (ελ,ᾼᾉ-ξᾋμὶιιδιιῖιιςιυε
1270 5593 1490 5670 surget
1521 5615 1625 5652 non
1657 5593 1928 5669 acquievi,
1963 5608 2017 5653 et
2061 5615 2174 5670 _non
2219 5609 2480 5670 revertar.
2525 5599 2592 5670 (ί)
2630 5593 2718 5662 Α..
2754 5599 2837 5664 8.,
2862 5593 3036 5655 arcus
3063 5602 3216 5670 jacti.
3253 5593 3326 5670 (g)
3376 5596 3459 5670 8.,
3491 5606 3683 5670 θεοιλη·

405 5659 697 5739 ἁίειὶεζμι)
728 5664 968 5739 XT-IB-Elj
1019 5666 1200 5739 stibio.
1258 5666 1318 5735 (ἰ)
1355 5659 1580 5739 Factum
1617 5679 1718 5722 est.
1743 5659 1848 5735 '(k)
1895 5659 1961 5722 Α.

2094 5707 2131 5731 .,
2169 5668 2392 5739 ornabis
2422 5677 2489 5721 te.
2531 5659 2599 5736 ’(1)
2649 5659 2740 5733 Αζ,
2777 5659 3081 5738 periculum
3116 5680 3169 5725 et
3209 5659 3538 5739 angustiam.
3595 5659 3680 5739 ξι»

406 5734 735 5810 angustiam.
759 5804 771 5810 _
799 5735 1010 5810 (rnLSq
1057 5732 1353 5810 veritatem.
1399 5748 1478 5806 (η)
1520 5737 1614 5810 8.,
1640 5739 1686 5810 si
1719 5732 1920 5810 autem,
1971 5738 2420 5810 vivitDomiuus,
2455 5732 2658 5810 dicant,
2703 5732 2869 5807 super
2903 5741 3186 5794 mendacio
3232 5732 3436 5810 jurant.
3472 5732 3657 5810 (ολᾼ.

406 5818 585 5857 annon
615 5804 665 5857 in
705 5803 846 5866 lide?
883 5803 964 5868 8.,
1003 5821 1181 5861 annon
1217 5806 1270 5860 iu
1305 5802 1686 5878 veritate?i(p)
1719 5810 1808 5875 Λ.,
1850 5809 1970 5877 Th.,

2084 5809 2391 5878 5ipllCl'lllll._
2421 5806 2494 5877 (q)
2536 5807 2621 5870 Α.,
2655 5802 2970 5877 vespertini.
3011 5811 3079 5880 (r)
3114 5811 3203 5874 Λ.,
3232 5802 3316 5875 8.,
3357 5802 3677 5862 meretricis.
