  <div class='ocr_page' id='page_1' title='image "/cluster/home/n/w/nwhite01/storage/ocr_20150623/16:no.6:pt.2/coo.31924054872951/539.png"; bbox 0 0 4134 6442; ppageno 0'>
   <div class='ocr_carea' id='block_1_1' title="bbox 393 422 527 476">
    <p class='ocr_par' dir='ltr' id='par_1_1' title="bbox 393 422 527 476">
     <span class='ocr_line' id='line_1_1' title="bbox 393 422 527 476; baseline -0.015 0"><span class='ocrx_word' id='word_1_1' title='bbox 393 422 527 476; x_wconf 70' lang='grc'><strong>2511</strong></span> 
     </span>
    </p>
   </div>
   <div class='ocr_carea' id='block_1_2' title="bbox 1582 423 2534 481">
    <p class='ocr_par' dir='ltr' id='par_1_2' title="bbox 1582 423 2534 481">
     <span class='ocr_line' id='line_1_2' title="bbox 1582 423 2534 481; baseline -0.003 -1"><span class='ocrx_word' id='word_1_2' title='bbox 1582 425 1814 481; x_wconf 75' lang='lat' dir='ltr'><strong>CUDEX</strong></span> <span class='ocrx_word' id='word_1_3' title='bbox 1854 423 2534 481; x_wconf 70' lang='lat' dir='ltr'><strong>SYliO-H‘EXAPLARIS.</strong></span> 
     </span>
    </p>
   </div>
   <div class='ocr_carea' id='block_1_3' title="bbox 3530 428 3671 484">
    <p class='ocr_par' dir='ltr' id='par_1_3' title="bbox 3530 428 3671 484">
     <span class='ocr_line' id='line_1_3' title="bbox 3530 428 3671 484; baseline 0.014 -2"><span class='ocrx_word' id='word_1_4' title='bbox 3530 428 3671 484; x_wconf 61' lang='lat' dir='ltr'><strong>271B</strong></span> 
     </span>
    </p>
   </div>
   <div class='ocr_carea' id='block_1_4' title="bbox 392 539 3670 617">
    <p class='ocr_par' dir='ltr' id='par_1_4' title="bbox 392 539 3670 617">
     <span class='ocr_line' id='line_1_4' title="bbox 392 539 3670 617; baseline 0.002 -23"><span class='ocrx_word' id='word_1_5' title='bbox 392 539 652 595; x_wconf 73' lang='lat' dir='ltr'><strong>tetricum</strong></span> <span class='ocrx_word' id='word_1_6' title='bbox 688 542 947 612; x_wconf 77' lang='lat' dir='ltr'><strong>hospitali</strong></span> <span class='ocrx_word' id='word_1_7' title='bbox 990 552 1154 598; x_wconf 83' lang='lat' dir='ltr'><strong>sunt:</strong></span> <span class='ocrx_word' id='word_1_8' title='bbox 1187 543 1239 599; x_wconf 93' lang='lat'><strong>8.</strong></span> <span class='ocrx_word' id='word_1_9' title='bbox 1270 545 1398 615; x_wconf 84' lang='lat' dir='ltr'><strong>equi</strong></span> <span class='ocrx_word' id='word_1_10' title='bbox 1434 554 1778 602; x_wconf 75' lang='lat' dir='ltr'><strong>transeuntes</strong></span> <span class='ocrx_word' id='word_1_11' title='bbox 1810 562 1975 617; x_wconf 80' lang='lat' dir='ltr'><strong>Stipcr</strong></span> <span class='ocrx_word' id='word_1_12' title='bbox 2003 555 2049 608; x_wconf 78' lang='grc' dir='ltr'>Α</span> <span class='ocrx_word' id='word_1_13' title='bbox 2079 560 2208 615; x_wconf 90' lang='lat' dir='ltr'><strong>pore</strong></span> <span class='ocrx_word' id='word_1_14' title='bbox 2231 547 2293 616; x_wconf 70' lang='grc' dir='ltr'><strong>(ὅ)</strong></span> <span class='ocrx_word' id='word_1_15' title='bbox 2328 544 2663 616; x_wconf 90' lang='lat' dir='ltr'><strong>impletionis</strong></span> <span class='ocrx_word' id='word_1_16' title='bbox 2697 543 2949 612; x_wconf 73' lang='lat' dir='ltr'><strong>pnccepti</strong></span> <span class='ocrx_word' id='word_1_17' title='bbox 3000 542 3239 609; x_wconf 84' lang='lat' dir='ltr'><strong>messis;</strong></span> <span class='ocrx_word' id='word_1_18' title='bbox 3290 552 3346 598; x_wconf 91' lang='lat' dir='ltr'><strong>et</strong></span> <span class='ocrx_word' id='word_1_19' title='bbox 3376 548 3670 602; x_wconf 73' lang='lat' dir='ltr'><strong>custodivnt</strong></span> 
     </span>
    </p>
   </div>
   <div class='ocr_carea' id='block_1_5' title="bbox 392 629 1983 708">
    <p class='ocr_par' dir='ltr' id='par_1_5' title="bbox 392 629 1983 708">
     <span class='ocr_line' id='line_1_5' title="bbox 392 629 1983 708; baseline 0.004 -24"><span class='ocrx_word' id='word_1_20' title='bbox 392 629 646 688; x_wconf 71' lang='lat' dir='ltr'><strong>fmminas</strong></span> <span class='ocrx_word' id='word_1_21' title='bbox 671 638 736 702; x_wconf 65' lang='grc' dir='ltr'><strong>ὶι(</strong></span> <span class='ocrx_word' id='word_1_22' title='bbox 775 637 932 690; x_wconf 85' lang='lat' dir='ltr'><strong>tracti</strong></span> <span class='ocrx_word' id='word_1_23' title='bbox 969 636 991 704; x_wconf 98' lang='lat'><strong>1</strong></span> <span class='ocrx_word' id='word_1_24' title='bbox 1032 636 1161 691; x_wconf 82' lang='lat' dir='ltr'><strong>facti</strong></span> <span class='ocrx_word' id='word_1_25' title='bbox 1196 645 1355 691; x_wconf 88' lang='lat' dir='ltr'><strong>sunt:</strong></span> <span class='ocrx_word' id='word_1_26' title='bbox 1392 639 1773 708; x_wconf 82' lang='lat' dir='ltr'><strong>unusquisque</strong></span> <span class='ocrx_word' id='word_1_27' title='bbox 1821 655 1983 708; x_wconf 83' lang='lat' dir='ltr'><strong>super</strong></span> 
     </span>
    </p>
   </div>
   <div class='ocr_carea' id='block_1_6' title="bbox 393 727 1980 798">
    <p class='ocr_par' dir='ltr' id='par_1_6' title="bbox 393 727 1980 798">
     <span class='ocr_line' id='line_1_6' title="bbox 393 727 1980 798; baseline 0.004 -22"><span class='ocrx_word' id='word_1_28' title='bbox 393 738 617 778; x_wconf 78' lang='lat' dir='ltr'><strong>uxorem</strong></span> <span class='ocrx_word' id='word_1_29' title='bbox 652 728 886 795; x_wconf 82' lang='lat' dir='ltr'><strong>proximi</strong></span> <span class='ocrx_word' id='word_1_30' title='bbox 916 728 1003 782; x_wconf 91' lang='lat' dir='ltr'><strong>sui</strong></span> <span class='ocrx_word' id='word_1_31' title='bbox 1030 729 1283 781; x_wconf 86' lang='lat' dir='ltr'><strong>hinnivit.</strong></span> <span class='ocrx_word' id='word_1_32' title='bbox 1309 728 1360 782; x_wconf 90' lang='lat'><strong>9.</strong></span> <span class='ocrx_word' id='word_1_33' title='bbox 1395 727 1533 781; x_wconf 84' lang='lat' dir='ltr'><strong>Num</strong></span> <span class='ocrx_word' id='word_1_34' title='bbox 1567 744 1731 798; x_wconf 84' lang='lat' dir='ltr'><strong>super</strong></span> <span class='ocrx_word' id='word_1_35' title='bbox 1760 729 1846 783; x_wconf 92' lang='lat' dir='ltr'><strong>bis</strong></span> <span class='ocrx_word' id='word_1_36' title='bbox 1871 744 1980 783; x_wconf 91' lang='lat' dir='ltr'><strong>non</strong></span> 
     </span>
    </p>
   </div>
   <div class='ocr_carea' id='block_1_7' title="bbox 391 814 1980 889">
    <p class='ocr_par' dir='ltr' id='par_1_7' title="bbox 391 814 1980 889">
     <span class='ocr_line' id='line_1_7' title="bbox 391 814 1980 889; baseline 0.005 -22"><span class='ocrx_word' id='word_1_37' title='bbox 391 814 651 877; x_wconf 88' lang='lat' dir='ltr'><strong>visitabo,</strong></span> <span class='ocrx_word' id='word_1_38' title='bbox 696 816 830 870; x_wconf 82' lang='lat' dir='ltr'><strong>dicit</strong></span> <span class='ocrx_word' id='word_1_39' title='bbox 882 815 1185 872; x_wconf 86' lang='lat' dir='ltr'><strong>Dominus?</strong></span> <span class='ocrx_word' id='word_1_40' title='bbox 1223 826 1315 872; x_wconf 81' lang='lat' dir='ltr'><strong>aut</strong></span> <span class='ocrx_word' id='word_1_41' title='bbox 1358 820 1411 872; x_wconf 91' lang='lat' dir='ltr'><strong>in</strong></span> <span class='ocrx_word' id='word_1_42' title='bbox 1447 828 1659 889; x_wconf 82' lang='lat' dir='ltr'><strong>gentem</strong></span> <span class='ocrx_word' id='word_1_43' title='bbox 1685 821 1845 875; x_wconf 84' lang='lat' dir='ltr'><strong>talem</strong></span> <span class='ocrx_word' id='word_1_44' title='bbox 1871 836 1980 875; x_wconf 90' lang='lat' dir='ltr'><strong>non</strong></span> 
     </span>
    </p>
   </div>
   <div class='ocr_carea' id='block_1_8' title="bbox 393 902 1983 978">
    <p class='ocr_par' dir='ltr' id='par_1_8' title="bbox 393 902 1983 978">
     <span class='ocr_line' id='line_1_8' title="bbox 393 902 1983 978; baseline 0.005 -23"><span class='ocrx_word' id='word_1_45' title='bbox 393 902 686 957; x_wconf 75' lang='lat' dir='ltr'><strong>uleisretur</strong></span> <span class='ocrx_word' id='word_1_46' title='bbox 715 905 895 958; x_wconf 87' lang='lat' dir='ltr'><strong>anima</strong></span> <span class='ocrx_word' id='word_1_47' title='bbox 923 906 1077 959; x_wconf 87' lang='lat' dir='ltr'><strong>mea?</strong></span> <span class='ocrx_word' id='word_1_48' title='bbox 1103 906 1187 961; x_wconf 87' lang='lat' dir='ltr'><strong>i0.</strong></span> <span class='ocrx_word' id='word_1_49' title='bbox 1208 906 1499 962; x_wconf 82' lang='lat' dir='ltr'><strong>Ascendite</strong></span> <span class='ocrx_word' id='word_1_50' title='bbox 1522 908 1591 978; x_wconf 77' lang='grc' dir='ltr'><strong>(δ)</strong></span> <span class='ocrx_word' id='word_1_51' title='bbox 1616 923 1782 978; x_wconf 86' lang='lat' dir='ltr'><strong>super</strong></span> <span class='ocrx_word' id='word_1_52' title='bbox 1803 918 1983 963; x_wconf 89' lang='lat' dir='ltr'><strong>turres</strong></span> 
     </span>
    </p>
   </div>
   <div class='ocr_carea' id='block_1_9' title="bbox 389 994 1983 1061">
    <p class='ocr_par' dir='ltr' id='par_1_9' title="bbox 389 994 1983 1061">
     <span class='ocr_line' id='line_1_9' title="bbox 389 994 1983 1061; baseline 0.004 -16"><span class='ocrx_word' id='word_1_53' title='bbox 389 994 532 1061; x_wconf 65' lang='lat' dir='ltr'><strong>ejus,</strong></span> <span class='ocrx_word' id='word_1_54' title='bbox 559 1002 615 1048; x_wconf 90' lang='lat' dir='ltr'><strong>et</strong></span> <span class='ocrx_word' id='word_1_55' title='bbox 639 995 979 1048; x_wconf 78' lang='lat' dir='ltr'><strong>demolimini</strong></span> <span class='ocrx_word' id='word_1_56' title='bbox 1008 1013 1021 1048; x_wconf 92' lang='lat'><strong>:</strong></span> <span class='ocrx_word' id='word_1_57' title='bbox 1058 998 1597 1052; x_wconf 88' lang='lat' dir='ltr'><strong>consummationem</strong></span> <span class='ocrx_word' id='word_1_58' title='bbox 1635 1014 1763 1054; x_wconf 91' lang='lat' dir='ltr'><strong>vero</strong></span> <span class='ocrx_word' id='word_1_59' title='bbox 1792 1014 1862 1053; x_wconf 92' lang='lat' dir='ltr'><strong>ne</strong></span> <span class='ocrx_word' id='word_1_60' title='bbox 1907 997 1983 1051; x_wconf 87' lang='lat' dir='ltr'><strong>fa-</strong></span> 
     </span>
    </p>
   </div>
   <div class='ocr_carea' id='block_1_10' title="bbox 390 1084 1980 1159">
    <p class='ocr_par' dir='ltr' id='par_1_10' title="bbox 390 1084 1980 1159">
     <span class='ocr_line' id='line_1_10' title="bbox 390 1084 1980 1159; baseline 0.003 -23"><span class='ocrx_word' id='word_1_61' title='bbox 390 1084 585 1138; x_wconf 88' lang='lat' dir='ltr'><strong>ciatis:</strong></span> <span class='ocrx_word' id='word_1_62' title='bbox 619 1084 682 1154; x_wconf 79' lang='lat' dir='ltr'><strong>(t)</strong></span> <span class='ocrx_word' id='word_1_63' title='bbox 742 1085 1033 1155; x_wconf 90' lang='lat' dir='ltr'><strong>relinquite</strong></span> <span class='ocrx_word' id='word_1_64' title='bbox 1086 1090 1460 1142; x_wconf 85' lang='lat' dir='ltr'><strong>sustentacula</strong></span> <span class='ocrx_word' id='word_1_65' title='bbox 1520 1089 1661 1158; x_wconf 88' lang='lat' dir='ltr'><strong>ejus,</strong></span> <span class='ocrx_word' id='word_1_66' title='bbox 1716 1090 1844 1159; x_wconf 88' lang='lat' dir='ltr'><strong>quia</strong></span> <span class='ocrx_word' id='word_1_67' title='bbox 1901 1090 1980 1159; x_wconf 79' lang='grc' dir='ltr'>(ιι)</span> 
     </span>
    </p>
   </div>
   <div class='ocr_carea' id='block_1_11' title="bbox 390 1170 1980 1247">
    <p class='ocr_par' dir='ltr' id='par_1_11' title="bbox 390 1170 1980 1247">
     <span class='ocr_line' id='line_1_11' title="bbox 390 1170 1980 1247; baseline 0.004 -24"><span class='ocrx_word' id='word_1_68' title='bbox 390 1170 606 1226; x_wconf 87' lang='lat' dir='ltr'><strong>Domini</strong></span> <span class='ocrx_word' id='word_1_69' title='bbox 630 1183 793 1239; x_wconf 83' lang='lat' dir='ltr'><strong>sunt;</strong></span> <span class='ocrx_word' id='word_1_70' title='bbox 832 1174 913 1227; x_wconf 86' lang='grc'><strong>11.</strong></span> <span class='ocrx_word' id='word_1_71' title='bbox 946 1179 1207 1244; x_wconf 89' lang='lat' dir='ltr'><strong>quoniam</strong></span> <span class='ocrx_word' id='word_1_72' title='bbox 1245 1178 1610 1247; x_wconf 60' lang='lat' dir='ltr'><strong>praevaricans</strong></span> <span class='ocrx_word' id='word_1_73' title='bbox 1634 1179 1980 1247; x_wconf 77' lang='lat' dir='ltr'><strong>przevaricata</strong></span> 
     </span>
    </p>
   </div>
   <div class='ocr_carea' id='block_1_12' title="bbox 388 1263 1982 1337">
    <p class='ocr_par' dir='ltr' id='par_1_12' title="bbox 388 1263 1982 1337">
     <span class='ocr_line' id='line_1_12' title="bbox 388 1263 1982 1337; baseline 0.005 -22"><span class='ocrx_word' id='word_1_74' title='bbox 388 1269 473 1316; x_wconf 89' lang='lat' dir='ltr'><strong>est</strong></span> <span class='ocrx_word' id='word_1_75' title='bbox 499 1263 554 1316; x_wconf 91' lang='lat' dir='ltr'><strong>in</strong></span> <span class='ocrx_word' id='word_1_76' title='bbox 586 1278 672 1317; x_wconf 89' lang='lat' dir='ltr'><strong>me</strong></span> <span class='ocrx_word' id='word_1_77' title='bbox 705 1265 902 1320; x_wconf 90' lang='lat' dir='ltr'><strong>domus</strong></span> <span class='ocrx_word' id='word_1_78' title='bbox 932 1267 1168 1333; x_wconf 80' lang='lat' dir='ltr'><strong>lsraelis,</strong></span> <span class='ocrx_word' id='word_1_79' title='bbox 1201 1278 1255 1323; x_wconf 91' lang='lat' dir='ltr'><strong>et</strong></span> <span class='ocrx_word' id='word_1_80' title='bbox 1294 1269 1494 1323; x_wconf 89' lang='lat' dir='ltr'><strong>domus</strong></span> <span class='ocrx_word' id='word_1_81' title='bbox 1533 1267 1707 1331; x_wconf 71' lang='lat' dir='ltr'><strong>Iudae.</strong></span> <span class='ocrx_word' id='word_1_82' title='bbox 1736 1272 1805 1337; x_wconf 75' lang='lat' dir='ltr'><strong>)e(</strong></span> <span class='ocrx_word' id='word_1_83' title='bbox 1848 1269 1982 1323; x_wconf 89' lang='lat' dir='ltr'><strong>dicit</strong></span> 
     </span>
    </p>
   </div>
   <div class='ocr_carea' id='block_1_13' title="bbox 388 1351 1979 1423">
    <p class='ocr_par' dir='ltr' id='par_1_13' title="bbox 388 1351 1979 1423">
     <span class='ocr_line' id='line_1_13' title="bbox 388 1351 1979 1423; baseline 0.006 -18"><span class='ocrx_word' id='word_1_84' title='bbox 388 1351 656 1409; x_wconf 85' lang='lat' dir='ltr'><strong>Dominus</strong></span> <span class='ocrx_word' id='word_1_85' title='bbox 695 1355 744 1423; x_wconf 96' lang='lat'><strong>1.</strong></span> <span class='ocrx_word' id='word_1_86' title='bbox 790 1357 874 1410; x_wconf 82' lang='lat' dir='ltr'><strong>l2.</strong></span> <span class='ocrx_word' id='word_1_87' title='bbox 907 1355 1113 1412; x_wconf 64' lang='grc' dir='ltr'><strong>δίει.ιίιὶ</strong></span> <span class='ocrx_word' id='word_1_88' title='bbox 1146 1368 1275 1413; x_wconf 89' lang='lat' dir='ltr'><strong>sunt</strong></span> <span class='ocrx_word' id='word_1_89' title='bbox 1310 1361 1365 1413; x_wconf 91' lang='lat' dir='ltr'><strong>in</strong></span> <span class='ocrx_word' id='word_1_90' title='bbox 1401 1359 1691 1413; x_wconf 91' lang='lat' dir='ltr'><strong>Dominum</strong></span> <span class='ocrx_word' id='word_1_91' title='bbox 1729 1374 1792 1415; x_wconf 79' lang='grc' dir='ltr'><strong>-ι-</strong></span> <span class='ocrx_word' id='word_1_92' title='bbox 1820 1377 1979 1415; x_wconf 74' lang='lat' dir='ltr'><strong>sutum</strong></span> 
     </span>
    </p>
   </div>
   <div class='ocr_carea' id='block_1_14' title="bbox 393 1444 1982 1518">
    <p class='ocr_par' dir='ltr' id='par_1_14' title="bbox 393 1444 1982 1518">
     <span class='ocr_line' id='line_1_14' title="bbox 393 1444 1982 1518; baseline 0.004 -21"><span class='ocrx_word' id='word_1_93' title='bbox 393 1444 443 1511; x_wconf 89' lang='lat'><strong>1,</strong></span> <span class='ocrx_word' id='word_1_94' title='bbox 470 1453 523 1498; x_wconf 86' lang='lat' dir='ltr'><strong>et</strong></span> <span class='ocrx_word' id='word_1_95' title='bbox 548 1444 831 1500; x_wconf 74' lang='lat' dir='ltr'><strong>dixerunt:</strong></span> <span class='ocrx_word' id='word_1_96' title='bbox 859 1446 938 1518; x_wconf 67' lang='lat' dir='ltr'><strong>(at)</strong></span> <span class='ocrx_word' id='word_1_97' title='bbox 962 1446 1079 1501; x_wconf 78' lang='lat' dir='ltr'><strong>Non</strong></span> <span class='ocrx_word' id='word_1_98' title='bbox 1114 1459 1241 1502; x_wconf 91' lang='lat' dir='ltr'><strong>sunt</strong></span> <span class='ocrx_word' id='word_1_99' title='bbox 1267 1450 1402 1510; x_wconf 62' lang='lat' dir='ltr'><strong>base,</strong></span> <span class='ocrx_word' id='word_1_100' title='bbox 1435 1466 1543 1503; x_wconf 90' lang='lat' dir='ltr'><strong>non</strong></span> <span class='ocrx_word' id='word_1_101' title='bbox 1570 1450 1789 1503; x_wconf 88' lang='lat' dir='ltr'><strong>venient</strong></span> <span class='ocrx_word' id='word_1_102' title='bbox 1818 1465 1982 1518; x_wconf 83' lang='lat' dir='ltr'><strong>super</strong></span> 
     </span>
    </p>
   </div>
   <div class='ocr_carea' id='block_1_15' title="bbox 387 1536 1976 1607">
    <p class='ocr_par' dir='ltr' id='par_1_15' title="bbox 387 1536 1976 1607">
     <span class='ocr_line' id='line_1_15' title="bbox 387 1536 1976 1607; baseline 0.006 -21"><span class='ocrx_word' id='word_1_103' title='bbox 387 1547 493 1590; x_wconf 86' lang='lat' dir='ltr'><strong>nos</strong></span> <span class='ocrx_word' id='word_1_104' title='bbox 523 1536 686 1601; x_wconf 86' lang='lat' dir='ltr'><strong>mala,</strong></span> <span class='ocrx_word' id='word_1_105' title='bbox 712 1545 765 1590; x_wconf 91' lang='lat' dir='ltr'><strong>et</strong></span> <span class='ocrx_word' id='word_1_106' title='bbox 787 1538 1027 1607; x_wconf 80' lang='lat' dir='ltr'><strong>gladium</strong></span> <span class='ocrx_word' id='word_1_107' title='bbox 1061 1548 1115 1594; x_wconf 92' lang='lat' dir='ltr'><strong>et</strong></span> <span class='ocrx_word' id='word_1_108' title='bbox 1150 1540 1327 1594; x_wconf 89' lang='lat' dir='ltr'><strong>famen</strong></span> <span class='ocrx_word' id='word_1_109' title='bbox 1369 1555 1477 1594; x_wconf 83' lang='lat' dir='ltr'><strong>non</strong></span> <span class='ocrx_word' id='word_1_110' title='bbox 1508 1541 1854 1594; x_wconf 80' lang='lat' dir='ltr'><strong>videbimus:</strong></span> <span class='ocrx_word' id='word_1_111' title='bbox 1895 1541 1976 1595; x_wconf 72' lang='lat' dir='ltr'><strong>l3.</strong></span> 
     </span>
    </p>
   </div>
   <div class='ocr_carea' id='block_1_16' title="bbox 389 1623 1982 1694">
    <p class='ocr_par' dir='ltr' id='par_1_16' title="bbox 389 1623 1982 1694">
     <span class='ocr_line' id='line_1_16' title="bbox 389 1623 1982 1694; baseline 0.005 -19"><span class='ocrx_word' id='word_1_112' title='bbox 389 1623 664 1691; x_wconf 71' lang='lat' dir='ltr'><strong>propheta:</strong></span> <span class='ocrx_word' id='word_1_113' title='bbox 700 1626 873 1679; x_wconf 84' lang='lat' dir='ltr'><strong>nOStri</strong></span> <span class='ocrx_word' id='word_1_114' title='bbox 909 1636 1064 1681; x_wconf 87' lang='lat' dir='ltr'><strong>erant</strong></span> <span class='ocrx_word' id='word_1_115' title='bbox 1096 1628 1149 1682; x_wconf 88' lang='lat' dir='ltr'><strong>iu</strong></span> <span class='ocrx_word' id='word_1_116' title='bbox 1204 1637 1450 1694; x_wconf 89' lang='lat' dir='ltr'><strong>ventum,</strong></span> <span class='ocrx_word' id='word_1_117' title='bbox 1484 1638 1538 1683; x_wconf 87' lang='lat' dir='ltr'><strong>et</strong></span> <span class='ocrx_word' id='word_1_118' title='bbox 1590 1631 1815 1684; x_wconf 82' lang='lat' dir='ltr'><strong>verbum</strong></span> <span class='ocrx_word' id='word_1_119' title='bbox 1874 1627 1982 1683; x_wconf 63' lang='grc' dir='ltr'><strong>θοι</strong></span> 
     </span>
    </p>
   </div>
   <div class='ocr_carea' id='block_1_17' title="bbox 388 1714 1983 1791">
    <p class='ocr_par' dir='ltr' id='par_1_17' title="bbox 388 1714 1983 1791">
     <span class='ocr_line' id='line_1_17' title="bbox 388 1714 1983 1791; baseline 0.006 -26"><span class='ocrx_word' id='word_1_120' title='bbox 388 1714 522 1767; x_wconf 89' lang='lat' dir='ltr'><strong>mini</strong></span> <span class='ocrx_word' id='word_1_121' title='bbox 553 1731 663 1769; x_wconf 87' lang='lat' dir='ltr'><strong>non</strong></span> <span class='ocrx_word' id='word_1_122' title='bbox 696 1726 813 1772; x_wconf 91' lang='lat' dir='ltr'><strong>erat</strong></span> <span class='ocrx_word' id='word_1_123' title='bbox 844 1717 896 1771; x_wconf 92' lang='lat' dir='ltr'><strong>in</strong></span> <span class='ocrx_word' id='word_1_124' title='bbox 930 1720 1040 1773; x_wconf 89' lang='lat' dir='ltr'><strong>eis:</strong></span> <span class='ocrx_word' id='word_1_125' title='bbox 1076 1719 1156 1774; x_wconf 91' lang='lat' dir='ltr'><strong>sic</strong></span> <span class='ocrx_word' id='word_1_126' title='bbox 1189 1720 1279 1774; x_wconf 79' lang='lat' dir='ltr'><strong>fiet</strong></span> <span class='ocrx_word' id='word_1_127' title='bbox 1319 1721 1420 1775; x_wconf 91' lang='lat' dir='ltr'><strong>eis.</strong></span> <span class='ocrx_word' id='word_1_128' title='bbox 1456 1720 1542 1774; x_wconf 74' lang='lat' dir='ltr'><strong>H.</strong></span> <span class='ocrx_word' id='word_1_129' title='bbox 1594 1719 1825 1791; x_wconf 87' lang='lat' dir='ltr'><strong>Propter</strong></span> <span class='ocrx_word' id='word_1_130' title='bbox 1880 1721 1983 1775; x_wconf 90' lang='lat' dir='ltr'><strong>hoc</strong></span> 
     </span>
    </p>
   </div>
   <div class='ocr_carea' id='block_1_18' title="bbox 389 1805 1983 1881">
    <p class='ocr_par' dir='ltr' id='par_1_18' title="bbox 389 1805 1983 1881">
     <span class='ocr_line' id='line_1_18' title="bbox 389 1805 1983 1881; baseline 0.006 -25"><span class='ocrx_word' id='word_1_131' title='bbox 389 1805 504 1860; x_wconf 63' lang='lat' dir='ltr'><strong>hinc</strong></span> <span class='ocrx_word' id='word_1_132' title='bbox 534 1807 669 1862; x_wconf 85' lang='lat' dir='ltr'><strong>dicit</strong></span> <span class='ocrx_word' id='word_1_133' title='bbox 712 1808 974 1864; x_wconf 87' lang='lat' dir='ltr'><strong>Dominus</strong></span> <span class='ocrx_word' id='word_1_134' title='bbox 1017 1813 1086 1878; x_wconf 48' lang='grc' dir='ltr'><strong>Ἀ(</strong></span> <span class='ocrx_word' id='word_1_135' title='bbox 1121 1808 1264 1866; x_wconf 84' lang='lat' dir='ltr'><strong>Deus</strong></span> <span class='ocrx_word' id='word_1_136' title='bbox 1296 1814 1317 1880; x_wconf 93' lang='lat'><strong>1</strong></span> <span class='ocrx_word' id='word_1_137' title='bbox 1358 1813 1747 1881; x_wconf 89' lang='lat' dir='ltr'><strong>omnipotens:</strong></span> <span class='ocrx_word' id='word_1_138' title='bbox 1783 1810 1892 1866; x_wconf 87' lang='lat' dir='ltr'><strong>Pro</strong></span> <span class='ocrx_word' id='word_1_139' title='bbox 1918 1829 1983 1866; x_wconf 85' lang='lat' dir='ltr'><strong>eo</strong></span> 
     </span>
    </p>
   </div>
   <div class='ocr_carea' id='block_1_19' title="bbox 2088 636 3674 706">
    <p class='ocr_par' dir='ltr' id='par_1_19' title="bbox 2088 636 3674 706">
     <span class='ocr_line' id='line_1_19' title="bbox 2088 636 3674 706; baseline -0.001 -14"><span class='ocrx_word' id='word_1_140' title='bbox 2088 638 2271 693; x_wconf 79' lang='lat' dir='ltr'><strong>nobis.</strong></span> <span class='ocrx_word' id='word_1_141' title='bbox 2312 638 2403 691; x_wconf 80' lang='lat'><strong>25.</strong></span> <span class='ocrx_word' id='word_1_142' title='bbox 2438 637 2759 706; x_wconf 87' lang='lat' dir='ltr'><strong>lniquitates</strong></span> <span class='ocrx_word' id='word_1_143' title='bbox 2804 643 2998 690; x_wconf 72' lang='lat' dir='ltr'><strong>vestra:</strong></span> <span class='ocrx_word' id='word_1_144' title='bbox 3028 636 3364 690; x_wconf 67' lang='lat' dir='ltr'><strong>defieret-unt</strong></span> <span class='ocrx_word' id='word_1_145' title='bbox 3415 637 3564 703; x_wconf 68' lang='lat' dir='ltr'><strong>haec;</strong></span> <span class='ocrx_word' id='word_1_146' title='bbox 3621 649 3674 691; x_wconf 88' lang='lat' dir='ltr'><strong>et</strong></span> 
     </span>
    </p>
   </div>
   <div class='ocr_carea' id='block_1_20' title="bbox 2086 724 3668 798">
    <p class='ocr_par' dir='ltr' id='par_1_20' title="bbox 2086 724 3668 798">
     <span class='ocr_line' id='line_1_20' title="bbox 2086 724 3668 798; baseline -0.001 -17"><span class='ocrx_word' id='word_1_147' title='bbox 2086 737 2307 798; x_wconf 88' lang='lat' dir='ltr'><strong>peccata</strong></span> <span class='ocrx_word' id='word_1_148' title='bbox 2361 736 2541 782; x_wconf 86' lang='lat' dir='ltr'><strong>vestra</strong></span> <span class='ocrx_word' id='word_1_149' title='bbox 2598 726 2998 781; x_wconf 88' lang='lat' dir='ltr'><strong>transtulerunt</strong></span> <span class='ocrx_word' id='word_1_150' title='bbox 3059 726 3201 780; x_wconf 85' lang='lat' dir='ltr'><strong>bona</strong></span> <span class='ocrx_word' id='word_1_151' title='bbox 3257 742 3287 779; x_wconf 92' lang='lat' dir='ltr'><strong>a</strong></span> <span class='ocrx_word' id='word_1_152' title='bbox 3341 726 3518 780; x_wconf 85' lang='lat' dir='ltr'><strong>vobis.</strong></span> <span class='ocrx_word' id='word_1_153' title='bbox 3574 724 3668 780; x_wconf 83' lang='lat'><strong>26.</strong></span> 
     </span>
    </p>
   </div>
   <div class='ocr_carea' id='block_1_21' title="bbox 2086 817 3675 888">
    <p class='ocr_par' dir='ltr' id='par_1_21' title="bbox 2086 817 3675 888">
     <span class='ocr_line' id='line_1_21' title="bbox 2086 817 3675 888; baseline -0.004 -12"><span class='ocrx_word' id='word_1_154' title='bbox 2086 821 2225 888; x_wconf 86' lang='lat' dir='ltr'><strong>Quia</strong></span> <span class='ocrx_word' id='word_1_155' title='bbox 2261 824 2495 875; x_wconf 62' lang='lat' dir='ltr'><strong>inventa:</strong></span> <span class='ocrx_word' id='word_1_156' title='bbox 2540 826 2670 875; x_wconf 89' lang='lat' dir='ltr'><strong>sunt</strong></span> <span class='ocrx_word' id='word_1_157' title='bbox 2726 819 2779 872; x_wconf 93' lang='lat' dir='ltr'><strong>in</strong></span> <span class='ocrx_word' id='word_1_158' title='bbox 2828 817 3029 887; x_wconf 86' lang='lat' dir='ltr'><strong>populo</strong></span> <span class='ocrx_word' id='word_1_159' title='bbox 3063 831 3186 872; x_wconf 86' lang='lat' dir='ltr'><strong>meo</strong></span> <span class='ocrx_word' id='word_1_160' title='bbox 3222 817 3574 885; x_wconf 83' lang='lat' dir='ltr'><strong>impietates:</strong></span> <span class='ocrx_word' id='word_1_161' title='bbox 3619 827 3675 870; x_wconf 91' lang='lat' dir='ltr'><strong>et</strong></span> 
     </span>
    </p>
   </div>
   <div class='ocr_carea' id='block_1_22' title="bbox 2085 908 3673 981">
    <p class='ocr_par' dir='ltr' id='par_1_22' title="bbox 2085 908 3673 981">
     <span class='ocr_line' id='line_1_22' title="bbox 2085 908 3673 981; baseline -0.003 -15"><span class='ocrx_word' id='word_1_162' title='bbox 2085 913 2311 981; x_wconf 86' lang='lat' dir='ltr'><strong>laqueos</strong></span> <span class='ocrx_word' id='word_1_163' title='bbox 2342 915 2409 979; x_wconf 54' lang='lat'><strong>)5:</strong></span> <span class='ocrx_word' id='word_1_164' title='bbox 2453 921 2511 966; x_wconf 92' lang='lat' dir='ltr'><strong>ut</strong></span> <span class='ocrx_word' id='word_1_165' title='bbox 2554 918 2667 965; x_wconf 90' lang='lat' dir='ltr'><strong>rete</strong></span> <span class='ocrx_word' id='word_1_166' title='bbox 2694 910 2945 964; x_wconf 81' lang='lat' dir='ltr'><strong>venantis</strong></span> <span class='ocrx_word' id='word_1_167' title='bbox 2992 908 3145 962; x_wconf 81' lang='lat' dir='ltr'><strong>visco</strong></span> <span class='ocrx_word' id='word_1_168' title='bbox 3176 913 3485 962; x_wconf 85' lang='lat' dir='ltr'><strong>statuerunt</strong></span> <span class='ocrx_word' id='word_1_169' title='bbox 3535 908 3558 978; x_wconf 90' lang='lat'><strong>1</strong></span> <span class='ocrx_word' id='word_1_170' title='bbox 3606 908 3673 962; x_wconf 87' lang='lat' dir='ltr'><strong>ad</strong></span> 
     </span>
    </p>
   </div>
   <div class='ocr_carea' id='block_1_23' title="bbox 2085 997 3673 1072">
    <p class='ocr_par' dir='ltr' id='par_1_23' title="bbox 2085 997 3673 1072">
     <span class='ocr_line' id='line_1_23' title="bbox 2085 997 3673 1072; baseline -0.005 -13"><span class='ocrx_word' id='word_1_171' title='bbox 2085 1004 2549 1072; x_wconf 90' lang='lat' dir='ltr'><strong>corrumpendum</strong></span> <span class='ocrx_word' id='word_1_172' title='bbox 2592 1002 2762 1064; x_wconf 90' lang='lat' dir='ltr'><strong>viros,</strong></span> <span class='ocrx_word' id='word_1_173' title='bbox 2814 1007 2866 1054; x_wconf 91' lang='lat' dir='ltr'><strong>et</strong></span> <span class='ocrx_word' id='word_1_174' title='bbox 2909 999 3321 1053; x_wconf 69' lang='lat' dir='ltr'><strong>conelusnunt.</strong></span> <span class='ocrx_word' id='word_1_175' title='bbox 3357 997 3448 1053; x_wconf 86' lang='lat'><strong>27.</strong></span> <span class='ocrx_word' id='word_1_176' title='bbox 3490 997 3559 1054; x_wconf 86' lang='lat' dir='ltr'><strong>Ut</strong></span> <span class='ocrx_word' id='word_1_177' title='bbox 3592 999 3673 1051; x_wconf 47' lang='lat' dir='ltr'><strong>ia.</strong></span> 
     </span>
    </p>
   </div>
   <div class='ocr_carea' id='block_1_24' title="bbox 2085 1090 3673 1165">
    <p class='ocr_par' dir='ltr' id='par_1_24' title="bbox 2085 1090 3673 1165">
     <span class='ocr_line' id='line_1_24' title="bbox 2085 1090 3673 1165; baseline -0.003 -17"><span class='ocrx_word' id='word_1_178' title='bbox 2085 1110 2261 1165; x_wconf 81' lang='lat' dir='ltr'><strong>quens</strong></span> <span class='ocrx_word' id='word_1_179' title='bbox 2288 1105 2500 1157; x_wconf 86' lang='lat' dir='ltr'><strong>tensus,</strong></span> <span class='ocrx_word' id='word_1_180' title='bbox 2532 1094 2624 1164; x_wconf 90' lang='lat' dir='ltr'><strong>qui</strong></span> <span class='ocrx_word' id='word_1_181' title='bbox 2659 1094 2850 1163; x_wconf 89' lang='lat' dir='ltr'><strong>plenus</strong></span> <span class='ocrx_word' id='word_1_182' title='bbox 2886 1092 3093 1151; x_wconf 86' lang='lat' dir='ltr'><strong>avium.</strong></span> <span class='ocrx_word' id='word_1_183' title='bbox 3139 1092 3212 1144; x_wconf 89' lang='lat' dir='ltr'><strong>ita</strong></span> <span class='ocrx_word' id='word_1_184' title='bbox 3249 1090 3446 1146; x_wconf 86' lang='lat' dir='ltr'><strong>domus</strong></span> <span class='ocrx_word' id='word_1_185' title='bbox 3480 1104 3673 1146; x_wconf 88' lang='lat' dir='ltr'><strong>eorum</strong></span> 
     </span>
    </p>
   </div>
   <div class='ocr_carea' id='block_1_25' title="bbox 2084 1180 3676 1256">
    <p class='ocr_par' dir='ltr' id='par_1_25' title="bbox 2084 1180 3676 1256">
     <span class='ocr_line' id='line_1_25' title="bbox 2084 1180 3676 1256; baseline -0.003 -17"><span class='ocrx_word' id='word_1_186' title='bbox 2084 1188 2259 1256; x_wconf 69' lang='lat' dir='ltr'><strong>plena:</strong></span> <span class='ocrx_word' id='word_1_187' title='bbox 2287 1184 2359 1253; x_wconf 77' lang='lat' dir='ltr'><strong>(It)</strong></span> <span class='ocrx_word' id='word_1_188' title='bbox 2393 1184 2524 1237; x_wconf 89' lang='lat' dir='ltr'><strong>doli.</strong></span> <span class='ocrx_word' id='word_1_189' title='bbox 2558 1182 2788 1251; x_wconf 82' lang='lat' dir='ltr'><strong>Propter</strong></span> <span class='ocrx_word' id='word_1_190' title='bbox 2818 1182 2921 1236; x_wconf 92' lang='lat' dir='ltr'><strong>hoc</strong></span> <span class='ocrx_word' id='word_1_191' title='bbox 2947 1180 3127 1251; x_wconf 83' lang='lat' dir='ltr'><strong>magni</strong></span> <span class='ocrx_word' id='word_1_192' title='bbox 3160 1191 3478 1244; x_wconf 78' lang='lat' dir='ltr'><strong>evaserunt,</strong></span> <span class='ocrx_word' id='word_1_193' title='bbox 3509 1191 3565 1235; x_wconf 90' lang='lat' dir='ltr'><strong>et</strong></span> <span class='ocrx_word' id='word_1_194' title='bbox 3596 1181 3676 1235; x_wconf 85' lang='lat' dir='ltr'><strong>di-</strong></span> 
     </span>
    </p>
   </div>
   <div class='ocr_carea' id='block_1_26' title="bbox 2086 1272 3677 1344">
    <p class='ocr_par' dir='ltr' id='par_1_26' title="bbox 2086 1272 3677 1344">
     <span class='ocr_line' id='line_1_26' title="bbox 2086 1272 3677 1344; baseline -0.003 -13"><span class='ocrx_word' id='word_1_195' title='bbox 2086 1286 2169 1331; x_wconf 89' lang='lat' dir='ltr'><strong>tes</strong></span> <span class='ocrx_word' id='word_1_196' title='bbox 2225 1282 2558 1331; x_wconf 87' lang='lat' dir='ltr'><strong>evaserunt:</strong></span> <span class='ocrx_word' id='word_1_197' title='bbox 2588 1274 2680 1329; x_wconf 91' lang='lat'><strong>28.</strong></span> <span class='ocrx_word' id='word_1_198' title='bbox 2714 1277 2781 1341; x_wconf 74' lang='grc' dir='ltr'><strong>&gt;ε&lt;</strong></span> <span class='ocrx_word' id='word_1_199' title='bbox 2816 1272 3140 1344; x_wconf 85' lang='lat' dir='ltr'><strong>impinguati</strong></span> <span class='ocrx_word' id='word_1_200' title='bbox 3193 1280 3343 1337; x_wconf 92' lang='lat' dir='ltr'><strong>sunt,</strong></span> <span class='ocrx_word' id='word_1_201' title='bbox 3377 1274 3677 1328; x_wconf 84' lang='lat' dir='ltr'><strong>insolentes</strong></span> 
     </span>
    </p>
   </div>
   <div class='ocr_carea' id='block_1_27' title="bbox 2086 1363 3672 1441">
    <p class='ocr_par' dir='ltr' id='par_1_27' title="bbox 2086 1363 3672 1441">
     <span class='ocr_line' id='line_1_27' title="bbox 2086 1363 3672 1441; baseline -0.003 -20"><span class='ocrx_word' id='word_1_202' title='bbox 2086 1367 2213 1422; x_wconf 84' lang='lat' dir='ltr'><strong>facti</strong></span> <span class='ocrx_word' id='word_1_203' title='bbox 2244 1370 2314 1441; x_wconf 57' lang='grc' dir='ltr'><strong>χ(</strong></span> <span class='ocrx_word' id='word_1_204' title='bbox 2342 1375 2489 1431; x_wconf 92' lang='lat' dir='ltr'><strong>sunt,</strong></span> <span class='ocrx_word' id='word_1_205' title='bbox 2530 1376 2584 1421; x_wconf 92' lang='lat' dir='ltr'><strong>et</strong></span> <span class='ocrx_word' id='word_1_206' title='bbox 2633 1365 2965 1436; x_wconf 81' lang='lat' dir='ltr'><strong>transgressi</strong></span> <span class='ocrx_word' id='word_1_207' title='bbox 2997 1371 3127 1419; x_wconf 85' lang='lat' dir='ltr'><strong>sunt</strong></span> <span class='ocrx_word' id='word_1_208' title='bbox 3161 1364 3225 1434; x_wconf 86' lang='grc' dir='ltr'><strong>(ι)</strong></span> <span class='ocrx_word' id='word_1_209' title='bbox 3261 1364 3427 1419; x_wconf 90' lang='lat' dir='ltr'><strong>verba</strong></span> <span class='ocrx_word' id='word_1_210' title='bbox 3457 1378 3577 1418; x_wconf 86' lang='lat' dir='ltr'><strong>mea</strong></span> <span class='ocrx_word' id='word_1_211' title='bbox 3615 1363 3672 1417; x_wconf 90' lang='lat' dir='ltr'><strong>in</strong></span> 
     </span>
    </p>
   </div>
   <div class='ocr_carea' id='block_1_28' title="bbox 2087 1453 3671 1525">
    <p class='ocr_par' dir='ltr' id='par_1_28' title="bbox 2087 1453 3671 1525">
     <span class='ocr_line' id='line_1_28' title="bbox 2087 1453 3671 1525; baseline -0.002 -15"><span class='ocrx_word' id='word_1_212' title='bbox 2087 1458 2289 1511; x_wconf 86' lang='lat' dir='ltr'><strong>malum</strong></span> <span class='ocrx_word' id='word_1_213' title='bbox 2318 1457 2366 1525; x_wconf 83' lang='lat'><strong>1.</strong></span> <span class='ocrx_word' id='word_1_214' title='bbox 2392 1456 2662 1525; x_wconf 85' lang='lat' dir='ltr'><strong>judicium</strong></span> <span class='ocrx_word' id='word_1_215' title='bbox 2687 1470 2794 1509; x_wconf 91' lang='lat' dir='ltr'><strong>non</strong></span> <span class='ocrx_word' id='word_1_216' title='bbox 2826 1455 3169 1524; x_wconf 83' lang='lat' dir='ltr'><strong>judicarunt.</strong></span> <span class='ocrx_word' id='word_1_217' title='bbox 3199 1469 3379 1524; x_wconf 87' lang='lat' dir='ltr'><strong>neque</strong></span> <span class='ocrx_word' id='word_1_218' title='bbox 3396 1453 3671 1523; x_wconf 86' lang='lat' dir='ltr'><strong>judicium</strong></span> 
     </span>
    </p>
   </div>
   <div class='ocr_carea' id='block_1_29' title="bbox 2086 1540 3674 1616">
    <p class='ocr_par' dir='ltr' id='par_1_29' title="bbox 2086 1540 3674 1616">
     <span class='ocr_line' id='line_1_29' title="bbox 2086 1540 3674 1616; baseline -0.004 -16"><span class='ocrx_word' id='word_1_219' title='bbox 2086 1546 2277 1616; x_wconf 89' lang='lat' dir='ltr'><strong>pupilli</strong></span> <span class='ocrx_word' id='word_1_220' title='bbox 2310 1555 2459 1599; x_wconf 90' lang='lat' dir='ltr'><strong>recte</strong></span> <span class='ocrx_word' id='word_1_221' title='bbox 2498 1545 2909 1613; x_wconf 87' lang='lat' dir='ltr'><strong>disposuerunt,</strong></span> <span class='ocrx_word' id='word_1_222' title='bbox 2944 1551 3000 1597; x_wconf 90' lang='lat' dir='ltr'><strong>et</strong></span> <span class='ocrx_word' id='word_1_223' title='bbox 3046 1540 3316 1611; x_wconf 89' lang='lat' dir='ltr'><strong>judicium</strong></span> <span class='ocrx_word' id='word_1_224' title='bbox 3369 1541 3467 1609; x_wconf 73' lang='grc' dir='ltr'><strong>(ηπ)</strong></span> <span class='ocrx_word' id='word_1_225' title='bbox 3495 1540 3674 1594; x_wconf 67' lang='lat' dir='ltr'><strong>viduae</strong></span> 
     </span>
    </p>
   </div>
   <div class='ocr_carea' id='block_1_30' title="bbox 2087 1628 3674 1704">
    <p class='ocr_par' dir='ltr' id='par_1_30' title="bbox 2087 1628 3674 1704">
     <span class='ocr_line' id='line_1_30' title="bbox 2087 1628 3674 1704; baseline -0.007 -13"><span class='ocrx_word' id='word_1_226' title='bbox 2087 1652 2195 1691; x_wconf 83' lang='lat' dir='ltr'><strong>non</strong></span> <span class='ocrx_word' id='word_1_227' title='bbox 2233 1635 2575 1704; x_wconf 88' lang='lat' dir='ltr'><strong>judicarunt.</strong></span> <span class='ocrx_word' id='word_1_228' title='bbox 2604 1632 2696 1688; x_wconf 84' lang='lat'><strong>29.</strong></span> <span class='ocrx_word' id='word_1_229' title='bbox 2732 1629 2872 1685; x_wconf 83' lang='lat' dir='ltr'><strong>Num</strong></span> <span class='ocrx_word' id='word_1_230' title='bbox 2925 1646 3090 1701; x_wconf 82' lang='lat' dir='ltr'><strong>super</strong></span> <span class='ocrx_word' id='word_1_231' title='bbox 3121 1631 3207 1685; x_wconf 86' lang='lat' dir='ltr'><strong>his</strong></span> <span class='ocrx_word' id='word_1_232' title='bbox 3256 1644 3365 1684; x_wconf 91' lang='lat' dir='ltr'><strong>non</strong></span> <span class='ocrx_word' id='word_1_233' title='bbox 3399 1628 3674 1683; x_wconf 81' lang='lat' dir='ltr'><strong>visitabo?</strong></span> 
     </span>
    </p>
   </div>
   <div class='ocr_carea' id='block_1_31' title="bbox 2088 1719 3675 1792">
    <p class='ocr_par' dir='ltr' id='par_1_31' title="bbox 2088 1719 3675 1792">
     <span class='ocr_line' id='line_1_31' title="bbox 2088 1719 3675 1792; baseline -0.006 -11"><span class='ocrx_word' id='word_1_234' title='bbox 2088 1725 2217 1781; x_wconf 84' lang='lat' dir='ltr'><strong>dicit</strong></span> <span class='ocrx_word' id='word_1_235' title='bbox 2248 1724 2545 1779; x_wconf 86' lang='lat' dir='ltr'><strong>Dominus:</strong></span> <span class='ocrx_word' id='word_1_236' title='bbox 2584 1733 2680 1778; x_wconf 90' lang='lat' dir='ltr'><strong>aut</strong></span> <span class='ocrx_word' id='word_1_237' title='bbox 2709 1722 2761 1777; x_wconf 84' lang='lat' dir='ltr'><strong>in</strong></span> <span class='ocrx_word' id='word_1_238' title='bbox 2794 1730 3006 1792; x_wconf 78' lang='lat' dir='ltr'><strong>gentem</strong></span> <span class='ocrx_word' id='word_1_239' title='bbox 3041 1721 3202 1775; x_wconf 87' lang='lat' dir='ltr'><strong>talem</strong></span> <span class='ocrx_word' id='word_1_240' title='bbox 3236 1735 3344 1774; x_wconf 90' lang='lat' dir='ltr'><strong>non</strong></span> <span class='ocrx_word' id='word_1_241' title='bbox 3379 1719 3675 1774; x_wconf 86' lang='lat' dir='ltr'><strong>ulciscetur</strong></span> 
     </span>
    </p>
   </div>
   <div class='ocr_carea' id='block_1_32' title="bbox 2089 1811 3674 1883">
    <p class='ocr_par' dir='ltr' id='par_1_32' title="bbox 2089 1811 3674 1883">
     <span class='ocr_line' id='line_1_32' title="bbox 2089 1811 3674 1883; baseline -0.006 -11"><span class='ocrx_word' id='word_1_242' title='bbox 2089 1818 2269 1872; x_wconf 84' lang='lat' dir='ltr'><strong>anima</strong></span> <span class='ocrx_word' id='word_1_243' title='bbox 2299 1817 2462 1871; x_wconf 85' lang='lat' dir='ltr'><strong>mea?</strong></span> <span class='ocrx_word' id='word_1_244' title='bbox 2486 1815 2575 1871; x_wconf 77' lang='lat'><strong>50.</strong></span> <span class='ocrx_word' id='word_1_245' title='bbox 2608 1816 2687 1883; x_wconf 76' lang='grc' dir='ltr'><strong>(η)</strong></span> <span class='ocrx_word' id='word_1_246' title='bbox 2726 1813 2951 1883; x_wconf 87' lang='lat' dir='ltr'><strong>Stupor,</strong></span> <span class='ocrx_word' id='word_1_247' title='bbox 2979 1821 3033 1867; x_wconf 91' lang='lat' dir='ltr'><strong>et</strong></span> <span class='ocrx_word' id='word_1_248' title='bbox 3057 1812 3339 1867; x_wconf 85' lang='lat' dir='ltr'><strong>horribilia</strong></span> <span class='ocrx_word' id='word_1_249' title='bbox 3375 1811 3514 1866; x_wconf 75' lang='lat' dir='ltr'><strong>farta</strong></span> <span class='ocrx_word' id='word_1_250' title='bbox 3544 1820 3674 1867; x_wconf 88' lang='lat' dir='ltr'><strong>sunt</strong></span> 
     </span>
    </p>
   </div>
   <div class='ocr_carea' id='block_1_33' title="bbox 385 1899 1975 1977">
    <p class='ocr_par' dir='ltr' id='par_1_33' title="bbox 385 1899 1975 1973">
     <span class='ocr_line' id='line_1_33' title="bbox 385 1899 1975 1973; baseline 0.006 -26"><span class='ocrx_word' id='word_1_251' title='bbox 385 1899 533 1965; x_wconf 85' lang='lat' dir='ltr'><strong>quod</strong></span> <span class='ocrx_word' id='word_1_252' title='bbox 576 1901 744 1953; x_wconf 86' lang='lat' dir='ltr'><strong>locuti</strong></span> <span class='ocrx_word' id='word_1_253' title='bbox 772 1902 905 1956; x_wconf 79' lang='lat' dir='ltr'><strong>eStis</strong></span> <span class='ocrx_word' id='word_1_254' title='bbox 940 1905 1163 1957; x_wconf 85' lang='lat' dir='ltr'><strong>verbum</strong></span> <span class='ocrx_word' id='word_1_255' title='bbox 1195 1903 1318 1967; x_wconf 89' lang='lat' dir='ltr'><strong>hoc,</strong></span> <span class='ocrx_word' id='word_1_256' title='bbox 1357 1918 1488 1958; x_wconf 89' lang='lat' dir='ltr'><strong>ecce</strong></span> <span class='ocrx_word' id='word_1_257' title='bbox 1516 1918 1616 1973; x_wconf 84' lang='lat' dir='ltr'><strong>ego</strong></span> <span class='ocrx_word' id='word_1_258' title='bbox 1662 1903 1782 1958; x_wconf 88' lang='lat' dir='ltr'><strong>dedi</strong></span> <span class='ocrx_word' id='word_1_259' title='bbox 1818 1906 1975 1958; x_wconf 85' lang='lat' dir='ltr'><strong>verba</strong></span> 
     </span>
    </p>
   </div>
   <div class='ocr_carea' id='block_1_34' title="bbox 2080 1899 3673 1977">
    <p class='ocr_par' dir='ltr' id='par_1_34' title="bbox 2088 1902 3673 1977">
     <span class='ocr_line' id='line_1_34' title="bbox 2088 1902 3673 1977; baseline -0.004 -14"><span class='ocrx_word' id='word_1_260' title='bbox 2088 1922 2253 1977; x_wconf 90' lang='lat' dir='ltr'><strong>super</strong></span> <span class='ocrx_word' id='word_1_261' title='bbox 2277 1918 2440 1964; x_wconf 86' lang='lat' dir='ltr'><strong>terra.</strong></span> <span class='ocrx_word' id='word_1_262' title='bbox 2479 1907 2567 1962; x_wconf 80' lang='grc'><strong>51.</strong></span> <span class='ocrx_word' id='word_1_263' title='bbox 2604 1905 2886 1975; x_wconf 57' lang='lat' dir='ltr'><strong>Propheta!</strong></span> <span class='ocrx_word' id='word_1_264' title='bbox 2909 1903 3238 1974; x_wconf 82' lang='lat' dir='ltr'><strong>prophetam</strong></span> <span class='ocrx_word' id='word_1_265' title='bbox 3268 1902 3342 1973; x_wconf 91' lang='grc' dir='ltr'><strong>(ο)</strong></span> <span class='ocrx_word' id='word_1_266' title='bbox 3367 1904 3576 1972; x_wconf 86' lang='lat' dir='ltr'><strong>iniqua,</strong></span> <span class='ocrx_word' id='word_1_267' title='bbox 3619 1912 3673 1957; x_wconf 85' lang='lat' dir='ltr'><strong>et</strong></span> 
     </span>
    </p>
   </div>
   <div class='ocr_carea' id='block_1_35' title="bbox 388 1988 1983 2063">
    <p class='ocr_par' dir='ltr' id='par_1_35' title="bbox 388 1988 1983 2063">
     <span class='ocr_line' id='line_1_35' title="bbox 388 1988 1983 2063; baseline 0.004 -24"><span class='ocrx_word' id='word_1_268' title='bbox 388 2001 504 2040; x_wconf 86' lang='lat' dir='ltr'><strong>mea</strong></span> <span class='ocrx_word' id='word_1_269' title='bbox 541 1988 592 2040; x_wconf 92' lang='lat' dir='ltr'><strong>in</strong></span> <span class='ocrx_word' id='word_1_270' title='bbox 623 2004 687 2043; x_wconf 91' lang='lat' dir='ltr'><strong>os</strong></span> <span class='ocrx_word' id='word_1_271' title='bbox 715 2000 866 2043; x_wconf 89' lang='lat' dir='ltr'><strong>tuum</strong></span> <span class='ocrx_word' id='word_1_272' title='bbox 899 1993 1099 2061; x_wconf 79' lang='lat' dir='ltr'><strong>ignem,</strong></span> <span class='ocrx_word' id='word_1_273' title='bbox 1125 2001 1179 2047; x_wconf 89' lang='lat' dir='ltr'><strong>et</strong></span> <span class='ocrx_word' id='word_1_274' title='bbox 1224 1993 1485 2062; x_wconf 78' lang='lat' dir='ltr'><strong>populum</strong></span> <span class='ocrx_word' id='word_1_275' title='bbox 1539 1994 1687 2048; x_wconf 86' lang='lat' dir='ltr'><strong>hunc</strong></span> <span class='ocrx_word' id='word_1_276' title='bbox 1732 1994 1897 2063; x_wconf 81' lang='lat' dir='ltr'><strong>ligna,</strong></span> <span class='ocrx_word' id='word_1_277' title='bbox 1928 2004 1983 2047; x_wconf 91' lang='lat' dir='ltr'><strong>et</strong></span> 
     </span>
    </p>
   </div>
   <div class='ocr_carea' id='block_1_36' title="bbox 382 2076 1981 2154">
    <p class='ocr_par' dir='ltr' id='par_1_36' title="bbox 382 2076 1981 2154">
     <span class='ocr_line' id='line_1_36' title="bbox 382 2076 1981 2154; baseline 0.004 -24"><span class='ocrx_word' id='word_1_278' title='bbox 382 2076 669 2132; x_wconf 87' lang='lat' dir='ltr'><strong>devorabit</strong></span> <span class='ocrx_word' id='word_1_279' title='bbox 695 2094 812 2134; x_wconf 91' lang='lat' dir='ltr'><strong>eos.</strong></span> <span class='ocrx_word' id='word_1_280' title='bbox 848 2081 936 2134; x_wconf 84' lang='lat' dir='ltr'><strong>i5.</strong></span> <span class='ocrx_word' id='word_1_281' title='bbox 974 2082 1111 2137; x_wconf 76' lang='lat' dir='ltr'><strong>Ecce</strong></span> <span class='ocrx_word' id='word_1_282' title='bbox 1145 2097 1246 2153; x_wconf 85' lang='lat' dir='ltr'><strong>ego</strong></span> <span class='ocrx_word' id='word_1_283' title='bbox 1274 2083 1487 2138; x_wconf 90' lang='lat' dir='ltr'><strong>adduco</strong></span> <span class='ocrx_word' id='word_1_284' title='bbox 1520 2100 1686 2152; x_wconf 90' lang='lat' dir='ltr'><strong>super</strong></span> <span class='ocrx_word' id='word_1_285' title='bbox 1709 2100 1804 2139; x_wconf 87' lang='lat' dir='ltr'><strong>vos</strong></span> <span class='ocrx_word' id='word_1_286' title='bbox 1849 2099 1981 2154; x_wconf 88' lang='lat' dir='ltr'><strong>gen-</strong></span> 
     </span>
    </p>
   </div>
   <div class='ocr_carea' id='block_1_37' title="bbox 384 2170 1977 2241">
    <p class='ocr_par' dir='ltr' id='par_1_37' title="bbox 384 2170 1977 2241">
     <span class='ocr_line' id='line_1_37' title="bbox 384 2170 1977 2241; baseline 0.005 -20"><span class='ocrx_word' id='word_1_287' title='bbox 384 2174 495 2221; x_wconf 85' lang='lat' dir='ltr'><strong>tem</strong></span> <span class='ocrx_word' id='word_1_288' title='bbox 529 2183 597 2223; x_wconf 84' lang='lat' dir='ltr'><strong>ex</strong></span> <span class='ocrx_word' id='word_1_289' title='bbox 647 2170 968 2241; x_wconf 85' lang='lat' dir='ltr'><strong>longinquo,</strong></span> <span class='ocrx_word' id='word_1_290' title='bbox 1005 2174 1203 2229; x_wconf 90' lang='lat' dir='ltr'><strong>domus</strong></span> <span class='ocrx_word' id='word_1_291' title='bbox 1246 2173 1483 2240; x_wconf 88' lang='lat' dir='ltr'><strong>lsraelis,</strong></span> <span class='ocrx_word' id='word_1_292' title='bbox 1514 2174 1647 2230; x_wconf 90' lang='lat' dir='ltr'><strong>dicit</strong></span> <span class='ocrx_word' id='word_1_293' title='bbox 1694 2173 1977 2235; x_wconf 84' lang='lat' dir='ltr'><strong>Dominus.</strong></span> 
     </span>
    </p>
   </div>
   <div class='ocr_carea' id='block_1_38' title="bbox 384 2262 1974 2335">
    <p class='ocr_par' dir='ltr' id='par_1_38' title="bbox 384 2262 1974 2335">
     <span class='ocr_line' id='line_1_38' title="bbox 384 2262 1974 2335; baseline 0.003 -20"><span class='ocrx_word' id='word_1_294' title='bbox 384 2262 455 2327; x_wconf 60' lang='grc' dir='ltr'><strong>ξι(</strong></span> <span class='ocrx_word' id='word_1_295' title='bbox 482 2277 614 2331; x_wconf 84' lang='lat' dir='ltr'><strong>gens</strong></span> <span class='ocrx_word' id='word_1_296' title='bbox 665 2263 741 2333; x_wconf 86' lang='lat' dir='ltr'><strong>(y)</strong></span> <span class='ocrx_word' id='word_1_297' title='bbox 796 2273 954 2318; x_wconf 86' lang='lat' dir='ltr'><strong>vetus</strong></span> <span class='ocrx_word' id='word_1_298' title='bbox 999 2274 1102 2330; x_wconf 89' lang='lat' dir='ltr'><strong>est,</strong></span> <span class='ocrx_word' id='word_1_299' title='bbox 1155 2281 1309 2335; x_wconf 90' lang='lat' dir='ltr'><strong>gens,</strong></span> <span class='ocrx_word' id='word_1_300' title='bbox 1345 2281 1470 2335; x_wconf 65' lang='lat' dir='ltr'><strong>quae</strong></span> <span class='ocrx_word' id='word_1_301' title='bbox 1501 2283 1529 2320; x_wconf 89' lang='lat' dir='ltr'><strong>a</strong></span> <span class='ocrx_word' id='word_1_302' title='bbox 1567 2267 1769 2321; x_wconf 74' lang='lat' dir='ltr'><strong>saeculo</strong></span> <span class='ocrx_word' id='word_1_303' title='bbox 1811 2276 1894 2320; x_wconf 92' lang='lat' dir='ltr'><strong>est</strong></span> <span class='ocrx_word' id='word_1_304' title='bbox 1928 2266 1974 2335; x_wconf 90' lang='lat'><strong>1,</strong></span> 
     </span>
    </p>
   </div>
   <div class='ocr_carea' id='block_1_39' title="bbox 385 2353 1980 2427">
    <p class='ocr_par' dir='ltr' id='par_1_39' title="bbox 385 2353 1980 2427">
     <span class='ocr_line' id='line_1_39' title="bbox 385 2353 1980 2427; baseline 0.003 -23"><span class='ocrx_word' id='word_1_305' title='bbox 385 2367 537 2420; x_wconf 82' lang='lat' dir='ltr'><strong>gens,</strong></span> <span class='ocrx_word' id='word_1_306' title='bbox 562 2353 635 2423; x_wconf 71' lang='lat' dir='ltr'><strong>(a)</strong></span> <span class='ocrx_word' id='word_1_307' title='bbox 671 2355 828 2422; x_wconf 88' lang='lat' dir='ltr'><strong>cujus</strong></span> <span class='ocrx_word' id='word_1_308' title='bbox 860 2370 966 2409; x_wconf 91' lang='lat' dir='ltr'><strong>non</strong></span> <span class='ocrx_word' id='word_1_309' title='bbox 994 2356 1185 2411; x_wconf 87' lang='lat' dir='ltr'><strong>audies</strong></span> <span class='ocrx_word' id='word_1_310' title='bbox 1218 2356 1458 2427; x_wconf 87' lang='lat' dir='ltr'><strong>linguam</strong></span> <span class='ocrx_word' id='word_1_311' title='bbox 1490 2357 1632 2426; x_wconf 79' lang='lat' dir='ltr'><strong>ejus,</strong></span> <span class='ocrx_word' id='word_1_312' title='bbox 1657 2360 1726 2424; x_wconf 63' lang='grc'><strong>31(</strong></span> <span class='ocrx_word' id='word_1_313' title='bbox 1757 2372 1855 2411; x_wconf 91' lang='lat' dir='ltr'><strong>nec</strong></span> <span class='ocrx_word' id='word_1_314' title='bbox 1880 2372 1980 2409; x_wconf 81' lang='lat' dir='ltr'><strong>au-</strong></span> 
     </span>
    </p>
   </div>
   <div class='ocr_carea' id='block_1_40' title="bbox 382 2442 1971 2519">
    <p class='ocr_par' dir='ltr' id='par_1_40' title="bbox 382 2442 1971 2519">
     <span class='ocr_line' id='line_1_40' title="bbox 382 2442 1971 2519; baseline 0.005 -24"><span class='ocrx_word' id='word_1_315' title='bbox 382 2442 523 2511; x_wconf 84' lang='lat' dir='ltr'><strong>dies,</strong></span> <span class='ocrx_word' id='word_1_316' title='bbox 560 2460 682 2514; x_wconf 68' lang='lat' dir='ltr'><strong>quar</strong></span> <span class='ocrx_word' id='word_1_317' title='bbox 728 2447 1020 2515; x_wconf 86' lang='lat' dir='ltr'><strong>loquatur:</strong></span> <span class='ocrx_word' id='word_1_318' title='bbox 1072 2449 1157 2503; x_wconf 86' lang='grc'><strong>16.</strong></span> <span class='ocrx_word' id='word_1_319' title='bbox 1203 2449 1455 2517; x_wconf 76' lang='lat' dir='ltr'><strong>pharetra</strong></span> <span class='ocrx_word' id='word_1_320' title='bbox 1484 2449 1627 2518; x_wconf 90' lang='lat' dir='ltr'><strong>ejus,</strong></span> <span class='ocrx_word' id='word_1_321' title='bbox 1684 2458 1742 2502; x_wconf 91' lang='lat' dir='ltr'><strong>ut</strong></span> <span class='ocrx_word' id='word_1_322' title='bbox 1788 2450 1971 2519; x_wconf 76' lang='lat' dir='ltr'><strong>sepul-</strong></span> 
     </span>
    </p>
   </div>
   <div class='ocr_carea' id='block_1_41' title="bbox 383 2538 1974 2607">
    <p class='ocr_par' dir='ltr' id='par_1_41' title="bbox 383 2538 1974 2607">
     <span class='ocr_line' id='line_1_41' title="bbox 383 2538 1974 2607; baseline 0.004 -18"><span class='ocrx_word' id='word_1_323' title='bbox 383 2548 538 2589; x_wconf 84' lang='lat' dir='ltr'><strong>crum</strong></span> <span class='ocrx_word' id='word_1_324' title='bbox 574 2546 821 2607; x_wconf 91' lang='lat' dir='ltr'><strong>apertum</strong></span> <span class='ocrx_word' id='word_1_325' title='bbox 863 2538 923 2605; x_wconf 88' lang='lat'><strong>1:</strong></span> <span class='ocrx_word' id='word_1_326' title='bbox 968 2554 1161 2595; x_wconf 89' lang='lat' dir='ltr'><strong>omnes</strong></span> <span class='ocrx_word' id='word_1_327' title='bbox 1184 2539 1375 2605; x_wconf 83' lang='lat' dir='ltr'><strong>fortes,</strong></span> <span class='ocrx_word' id='word_1_328' title='bbox 1408 2550 1462 2594; x_wconf 82' lang='lat' dir='ltr'><strong>et</strong></span> <span class='ocrx_word' id='word_1_329' title='bbox 1509 2540 1801 2595; x_wconf 89' lang='lat' dir='ltr'><strong>comedent</strong></span> <span class='ocrx_word' id='word_1_330' title='bbox 1827 2557 1974 2595; x_wconf 89' lang='lat' dir='ltr'><strong>mes—</strong></span> 
     </span>
    </p>
   </div>
   <div class='ocr_carea' id='block_1_42' title="bbox 384 2628 1978 2700">
    <p class='ocr_par' dir='ltr' id='par_1_42' title="bbox 384 2628 1978 2700">
     <span class='ocr_line' id='line_1_42' title="bbox 384 2628 1978 2700; baseline 0.004 -21"><span class='ocrx_word' id='word_1_331' title='bbox 384 2642 499 2680; x_wconf 90' lang='lat' dir='ltr'><strong>sem</strong></span> <span class='ocrx_word' id='word_1_332' title='bbox 533 2638 795 2696; x_wconf 86' lang='lat' dir='ltr'><strong>vestram,</strong></span> <span class='ocrx_word' id='word_1_333' title='bbox 836 2629 922 2683; x_wconf 88' lang='grc'><strong>17.</strong></span> <span class='ocrx_word' id='word_1_334' title='bbox 962 2628 1015 2684; x_wconf 83' lang='lat' dir='ltr'><strong>et</strong></span> <span class='ocrx_word' id='word_1_335' title='bbox 1041 2646 1210 2700; x_wconf 78' lang='lat' dir='ltr'><strong>panes</strong></span> <span class='ocrx_word' id='word_1_336' title='bbox 1246 2641 1479 2697; x_wconf 82' lang='lat' dir='ltr'><strong>vestros,</strong></span> <span class='ocrx_word' id='word_1_337' title='bbox 1517 2641 1569 2686; x_wconf 87' lang='lat' dir='ltr'><strong>et</strong></span> <span class='ocrx_word' id='word_1_338' title='bbox 1594 2633 1882 2687; x_wconf 89' lang='lat' dir='ltr'><strong>comedent</strong></span> <span class='ocrx_word' id='word_1_339' title='bbox 1915 2631 1978 2685; x_wconf 80' lang='lat' dir='ltr'><strong>fi-</strong></span> 
     </span>
    </p>
   </div>
   <div class='ocr_carea' id='block_1_43' title="bbox 383 2716 1976 2791">
    <p class='ocr_par' dir='ltr' id='par_1_43' title="bbox 383 2716 1976 2791">
     <span class='ocr_line' id='line_1_43' title="bbox 383 2716 1976 2791; baseline 0.003 -21"><span class='ocrx_word' id='word_1_340' title='bbox 383 2716 488 2772; x_wconf 93' lang='lat' dir='ltr'><strong>lios</strong></span> <span class='ocrx_word' id='word_1_341' title='bbox 518 2728 754 2782; x_wconf 86' lang='lat' dir='ltr'><strong>vestros,</strong></span> <span class='ocrx_word' id='word_1_342' title='bbox 790 2727 845 2773; x_wconf 88' lang='lat' dir='ltr'><strong>et</strong></span> <span class='ocrx_word' id='word_1_343' title='bbox 876 2720 1015 2774; x_wconf 81' lang='lat' dir='ltr'><strong>ﬁlias</strong></span> <span class='ocrx_word' id='word_1_344' title='bbox 1043 2734 1269 2784; x_wconf 81' lang='lat' dir='ltr'><strong>vestras,</strong></span> <span class='ocrx_word' id='word_1_345' title='bbox 1312 2730 1366 2775; x_wconf 91' lang='lat' dir='ltr'><strong>et</strong></span> <span class='ocrx_word' id='word_1_346' title='bbox 1409 2722 1699 2776; x_wconf 89' lang='lat' dir='ltr'><strong>comedent</strong></span> <span class='ocrx_word' id='word_1_347' title='bbox 1737 2720 1813 2791; x_wconf 89' lang='lat' dir='ltr'><strong>(a)</strong></span> <span class='ocrx_word' id='word_1_348' title='bbox 1845 2732 1976 2776; x_wconf 85' lang='lat' dir='ltr'><strong>oves</strong></span> 
     </span>
    </p>
   </div>
   <div class='ocr_carea' id='block_1_44' title="bbox 381 2809 1977 2874">
    <p class='ocr_par' dir='ltr' id='par_1_44' title="bbox 381 2809 1977 2874">
     <span class='ocr_line' id='line_1_44' title="bbox 381 2809 1977 2874; baseline 0.004 -14"><span class='ocrx_word' id='word_1_349' title='bbox 381 2816 613 2873; x_wconf 86' lang='lat' dir='ltr'><strong>vestras,</strong></span> <span class='ocrx_word' id='word_1_350' title='bbox 661 2821 713 2863; x_wconf 88' lang='lat' dir='ltr'><strong>et</strong></span> <span class='ocrx_word' id='word_1_351' title='bbox 761 2809 927 2866; x_wconf 73' lang='lat' dir='ltr'><strong>bores</strong></span> <span class='ocrx_word' id='word_1_352' title='bbox 956 2820 1186 2874; x_wconf 79' lang='lat' dir='ltr'><strong>vestros,</strong></span> <span class='ocrx_word' id='word_1_353' title='bbox 1218 2822 1272 2866; x_wconf 88' lang='lat' dir='ltr'><strong>et</strong></span> <span class='ocrx_word' id='word_1_354' title='bbox 1316 2813 1607 2867; x_wconf 91' lang='lat' dir='ltr'><strong>comedent</strong></span> <span class='ocrx_word' id='word_1_355' title='bbox 1653 2812 1841 2867; x_wconf 83' lang='lat' dir='ltr'><strong>vineas</strong></span> <span class='ocrx_word' id='word_1_356' title='bbox 1892 2828 1977 2867; x_wconf 87' lang='lat' dir='ltr'><strong>ve-</strong></span> 
     </span>
    </p>
   </div>
   <div class='ocr_carea' id='block_1_45' title="bbox 381 2902 1977 2974">
    <p class='ocr_par' dir='ltr' id='par_1_45' title="bbox 381 2902 1977 2974">
     <span class='ocr_line' id='line_1_45' title="bbox 381 2902 1977 2974; baseline 0.002 -20"><span class='ocrx_word' id='word_1_357' title='bbox 381 2908 551 2959; x_wconf 85' lang='lat' dir='ltr'><strong>stras.</strong></span> <span class='ocrx_word' id='word_1_358' title='bbox 583 2910 635 2953; x_wconf 88' lang='lat' dir='ltr'><strong>ct</strong></span> <span class='ocrx_word' id='word_1_359' title='bbox 667 2902 822 2955; x_wconf 87' lang='lat' dir='ltr'><strong>liceta</strong></span> <span class='ocrx_word' id='word_1_360' title='bbox 874 2913 1080 2967; x_wconf 77' lang='lat' dir='ltr'><strong>vestra,</strong></span> <span class='ocrx_word' id='word_1_361' title='bbox 1111 2916 1163 2957; x_wconf 87' lang='lat' dir='ltr'><strong>et</strong></span> <span class='ocrx_word' id='word_1_362' title='bbox 1191 2904 1389 2958; x_wconf 85' lang='lat' dir='ltr'><strong>oliveta</strong></span> <span class='ocrx_word' id='word_1_363' title='bbox 1445 2917 1506 2957; x_wconf 77' lang='grc' dir='ltr'><strong>-ι-</strong></span> <span class='ocrx_word' id='word_1_364' title='bbox 1558 2910 1737 2957; x_wconf 88' lang='lat' dir='ltr'><strong>vestra</strong></span> <span class='ocrx_word' id='word_1_365' title='bbox 1763 2904 1784 2972; x_wconf 89' lang='lat'><strong>1</strong></span> <span class='ocrx_word' id='word_1_366' title='bbox 1816 2904 1890 2974; x_wconf 76' lang='grc' dir='ltr'><strong>(ὁ)</strong></span> <span class='ocrx_word' id='word_1_367' title='bbox 1921 2913 1977 2959; x_wconf 87' lang='lat' dir='ltr'><strong>et</strong></span> 
     </span>
    </p>
   </div>
   <div class='ocr_carea' id='block_1_46' title="bbox 382 2990 1971 3065">
    <p class='ocr_par' dir='ltr' id='par_1_46' title="bbox 382 2990 1971 3065">
     <span class='ocr_line' id='line_1_46' title="bbox 382 2990 1971 3065; baseline 0.003 -22"><span class='ocrx_word' id='word_1_368' title='bbox 382 2990 720 3047; x_wconf 83' lang='lat' dir='ltr'><strong>triturabuut</strong></span> <span class='ocrx_word' id='word_1_369' title='bbox 750 2994 918 3049; x_wconf 86' lang='lat' dir='ltr'><strong>urbes</strong></span> <span class='ocrx_word' id='word_1_370' title='bbox 952 2995 1194 3050; x_wconf 88' lang='lat' dir='ltr'><strong>munitas</strong></span> <span class='ocrx_word' id='word_1_371' title='bbox 1221 3005 1449 3059; x_wconf 84' lang='lat' dir='ltr'><strong>vestras,</strong></span> <span class='ocrx_word' id='word_1_372' title='bbox 1481 3011 1648 3064; x_wconf 83' lang='lat' dir='ltr'><strong>super</strong></span> <span class='ocrx_word' id='word_1_373' title='bbox 1672 2997 1872 3065; x_wconf 80' lang='lat' dir='ltr'><strong>quibus</strong></span> <span class='ocrx_word' id='word_1_374' title='bbox 1902 2998 1971 3065; x_wconf 86' lang='lat' dir='ltr'><strong>(c)</strong></span> 
     </span>
    </p>
   </div>
   <div class='ocr_carea' id='block_1_47' title="bbox 381 3084 1975 3158">
    <p class='ocr_par' dir='ltr' id='par_1_47' title="bbox 381 3084 1975 3158">
     <span class='ocr_line' id='line_1_47' title="bbox 381 3084 1975 3158; baseline 0.006 -23"><span class='ocrx_word' id='word_1_375' title='bbox 381 3091 440 3137; x_wconf 89' lang='lat' dir='ltr'><strong>tu</strong></span> <span class='ocrx_word' id='word_1_376' title='bbox 466 3084 696 3138; x_wconf 79' lang='lat' dir='ltr'><strong>conﬁdis</strong></span> <span class='ocrx_word' id='word_1_377' title='bbox 730 3100 895 3155; x_wconf 89' lang='lat' dir='ltr'><strong>super</strong></span> <span class='ocrx_word' id='word_1_378' title='bbox 926 3088 1026 3147; x_wconf 82' lang='lat' dir='ltr'><strong>eis.</strong></span> <span class='ocrx_word' id='word_1_379' title='bbox 1062 3088 1115 3141; x_wconf 93' lang='lat' dir='ltr'><strong>in</strong></span> <span class='ocrx_word' id='word_1_380' title='bbox 1148 3088 1348 3158; x_wconf 82' lang='lat' dir='ltr'><strong>gladio.</strong></span> <span class='ocrx_word' id='word_1_381' title='bbox 1385 3088 1471 3143; x_wconf 85' lang='lat' dir='ltr'><strong>i8.</strong></span> <span class='ocrx_word' id='word_1_382' title='bbox 1518 3087 1583 3143; x_wconf 84' lang='lat' dir='ltr'><strong>Et</strong></span> <span class='ocrx_word' id='word_1_383' title='bbox 1623 3090 1729 3144; x_wconf 90' lang='lat' dir='ltr'><strong>erit</strong></span> <span class='ocrx_word' id='word_1_384' title='bbox 1778 3091 1831 3143; x_wconf 91' lang='lat' dir='ltr'><strong>in</strong></span> <span class='ocrx_word' id='word_1_385' title='bbox 1857 3091 1975 3145; x_wconf 89' lang='lat' dir='ltr'><strong>die-</strong></span> 
     </span>
    </p>
   </div>
   <div class='ocr_carea' id='block_1_48' title="bbox 383 3175 1971 3249">
    <p class='ocr_par' dir='ltr' id='par_1_48' title="bbox 383 3175 1971 3249">
     <span class='ocr_line' id='line_1_48' title="bbox 383 3175 1971 3249; baseline 0.004 -20"><span class='ocrx_word' id='word_1_386' title='bbox 383 3178 484 3230; x_wconf 88' lang='lat' dir='ltr'><strong>bus</strong></span> <span class='ocrx_word' id='word_1_387' title='bbox 510 3175 638 3240; x_wconf 82' lang='lat' dir='ltr'><strong>illis,</strong></span> <span class='ocrx_word' id='word_1_388' title='bbox 675 3176 809 3231; x_wconf 76' lang='lat' dir='ltr'><strong>dicit</strong></span> <span class='ocrx_word' id='word_1_389' title='bbox 841 3178 1101 3233; x_wconf 86' lang='lat' dir='ltr'><strong>Dominus</strong></span> <span class='ocrx_word' id='word_1_390' title='bbox 1134 3193 1196 3235; x_wconf 88' lang='lat' dir='ltr'><strong>-t-</strong></span> <span class='ocrx_word' id='word_1_391' title='bbox 1226 3178 1368 3235; x_wconf 86' lang='lat' dir='ltr'><strong>Deus</strong></span> <span class='ocrx_word' id='word_1_392' title='bbox 1404 3189 1531 3235; x_wconf 89' lang='lat' dir='ltr'><strong>tuus</strong></span> <span class='ocrx_word' id='word_1_393' title='bbox 1563 3179 1611 3249; x_wconf 91' lang='lat'><strong>1,</strong></span> <span class='ocrx_word' id='word_1_394' title='bbox 1638 3196 1746 3235; x_wconf 90' lang='lat' dir='ltr'><strong>non</strong></span> <span class='ocrx_word' id='word_1_395' title='bbox 1776 3179 1971 3236; x_wconf 83' lang='lat' dir='ltr'><strong>faciam</strong></span> 
     </span>
    </p>
   </div>
   <div class='ocr_carea' id='block_1_49' title="bbox 2086 1993 3675 2069">
    <p class='ocr_par' dir='ltr' id='par_1_49' title="bbox 2086 1993 3675 2069">
     <span class='ocr_line' id='line_1_49' title="bbox 2086 1993 3675 2069; baseline -0.006 -14"><span class='ocrx_word' id='word_1_396' title='bbox 2086 2001 2398 2055; x_wconf 84' lang='lat' dir='ltr'><strong>sacerdotes</strong></span> <span class='ocrx_word' id='word_1_397' title='bbox 2438 1999 2825 2069; x_wconf 85' lang='lat' dir='ltr'><strong>appiauserunt</strong></span> <span class='ocrx_word' id='word_1_398' title='bbox 2860 1994 3116 2049; x_wconf 85' lang='lat' dir='ltr'><strong>manibus</strong></span> <span class='ocrx_word' id='word_1_399' title='bbox 3159 1994 3310 2049; x_wconf 87' lang='lat' dir='ltr'><strong>suis:</strong></span> <span class='ocrx_word' id='word_1_400' title='bbox 3345 2001 3401 2045; x_wconf 86' lang='lat' dir='ltr'><strong>et</strong></span> <span class='ocrx_word' id='word_1_401' title='bbox 3436 1993 3675 2063; x_wconf 85' lang='lat' dir='ltr'><strong>populus</strong></span> 
     </span>
    </p>
   </div>
   <div class='ocr_carea' id='block_1_50' title="bbox 2082 2083 3674 2157">
    <p class='ocr_par' dir='ltr' id='par_1_50' title="bbox 2082 2083 3674 2157">
     <span class='ocr_line' id='line_1_50' title="bbox 2082 2083 3674 2157; baseline -0.005 -13"><span class='ocrx_word' id='word_1_402' title='bbox 2082 2104 2238 2144; x_wconf 88' lang='lat' dir='ltr'><strong>meus</strong></span> <span class='ocrx_word' id='word_1_403' title='bbox 2259 2090 2460 2143; x_wconf 85' lang='lat' dir='ltr'><strong>amavit</strong></span> <span class='ocrx_word' id='word_1_404' title='bbox 2486 2092 2585 2143; x_wconf 84' lang='lat' dir='ltr'><strong>sic.</strong></span> <span class='ocrx_word' id='word_1_405' title='bbox 2601 2087 2665 2141; x_wconf 88' lang='lat' dir='ltr'><strong>Et</strong></span> <span class='ocrx_word' id='word_1_406' title='bbox 2683 2086 2812 2157; x_wconf 91' lang='lat' dir='ltr'><strong>quid</strong></span> <span class='ocrx_word' id='word_1_407' title='bbox 2837 2084 3050 2139; x_wconf 80' lang='lat' dir='ltr'><strong>facietis</strong></span> <span class='ocrx_word' id='word_1_408' title='bbox 3065 2084 3119 2137; x_wconf 92' lang='lat' dir='ltr'><strong>iu</strong></span> <span class='ocrx_word' id='word_1_409' title='bbox 3134 2084 3225 2147; x_wconf 91' lang='lat' dir='ltr'><strong>iis,</strong></span> <span class='ocrx_word' id='word_1_410' title='bbox 3245 2096 3366 2151; x_wconf 59' lang='lat' dir='ltr'><strong>qua</strong></span> <span class='ocrx_word' id='word_1_411' title='bbox 3391 2093 3514 2153; x_wconf 88' lang='lat' dir='ltr'><strong>post</strong></span> <span class='ocrx_word' id='word_1_412' title='bbox 3532 2083 3674 2137; x_wconf 74' lang='lat' dir='ltr'><strong>hzec‘!</strong></span> 
     </span>
    </p>
   </div>
   <div class='ocr_carea' id='block_1_51' title="bbox 2151 2172 3672 2250">
    <p class='ocr_par' dir='ltr' id='par_1_51' title="bbox 2151 2172 3672 2250">
     <span class='ocr_line' id='line_1_51' title="bbox 2151 2172 3672 2250; baseline -0.004 -16"><span class='ocrx_word' id='word_1_413' title='bbox 2151 2179 2284 2250; x_wconf 85' lang='lat' dir='ltr'><strong>Cap.</strong></span> <span class='ocrx_word' id='word_1_414' title='bbox 2318 2178 2409 2236; x_wconf 78' lang='lat' dir='ltr'><strong>Vl.</strong></span> <span class='ocrx_word' id='word_1_415' title='bbox 2441 2210 2511 2220; x_wconf 95' lang='lat'><strong><em>—</em></strong></span> <span class='ocrx_word' id='word_1_416' title='bbox 2538 2180 2589 2235; x_wconf 89' lang='grc'><strong>1.</strong></span> <span class='ocrx_word' id='word_1_417' title='bbox 2619 2175 3089 2241; x_wconf 85' lang='lat' dir='ltr'><strong>Corroboramiui,</strong></span> <span class='ocrx_word' id='word_1_418' title='bbox 3120 2173 3213 2229; x_wconf 89' lang='lat' dir='ltr'><strong>lilii</strong></span> <span class='ocrx_word' id='word_1_419' title='bbox 3241 2172 3549 2244; x_wconf 79' lang='lat' dir='ltr'><strong>Benjamin,</strong></span> <span class='ocrx_word' id='word_1_420' title='bbox 3593 2175 3672 2245; x_wconf 77' lang='grc' dir='ltr'><strong>(ρ)</strong></span> 
     </span>
    </p>
   </div>
   <div class='ocr_carea' id='block_1_52' title="bbox 2080 2263 3674 2333">
    <p class='ocr_par' dir='ltr' id='par_1_52' title="bbox 2080 2263 3674 2333">
     <span class='ocr_line' id='line_1_52' title="bbox 2080 2263 3674 2333; baseline -0.005 -10"><span class='ocrx_word' id='word_1_421' title='bbox 2080 2268 2149 2324; x_wconf 89' lang='lat' dir='ltr'><strong>de</strong></span> <span class='ocrx_word' id='word_1_422' title='bbox 2178 2270 2359 2325; x_wconf 91' lang='lat' dir='ltr'><strong>medio</strong></span> <span class='ocrx_word' id='word_1_423' title='bbox 2386 2268 2727 2324; x_wconf 82' lang='lat' dir='ltr'><strong>Jerusalem‘:</strong></span> <span class='ocrx_word' id='word_1_424' title='bbox 2752 2266 2883 2323; x_wconf 86' lang='lat' dir='ltr'><strong>etin</strong></span> <span class='ocrx_word' id='word_1_425' title='bbox 2913 2265 3139 2319; x_wconf 87' lang='lat' dir='ltr'><strong>Tbeeua</strong></span> <span class='ocrx_word' id='word_1_426' title='bbox 3169 2263 3474 2333; x_wconf 78' lang='lat' dir='ltr'><strong>significate</strong></span> <span class='ocrx_word' id='word_1_427' title='bbox 3497 2265 3627 2318; x_wconf 81' lang='lat' dir='ltr'><strong>tuba</strong></span> <span class='ocrx_word' id='word_1_428' title='bbox 3668 2309 3674 2315; x_wconf 87' lang='lat'><strong>.</strong></span> 
     </span>
    </p>
   </div>
   <div class='ocr_carea' id='block_1_53' title="bbox 2083 2353 3672 2430">
    <p class='ocr_par' dir='ltr' id='par_1_53' title="bbox 2083 2353 3672 2430">
     <span class='ocr_line' id='line_1_53' title="bbox 2083 2353 3672 2430; baseline -0.006 -13"><span class='ocrx_word' id='word_1_429' title='bbox 2083 2359 2157 2430; x_wconf 86' lang='lat' dir='ltr'><strong>(q)</strong></span> <span class='ocrx_word' id='word_1_430' title='bbox 2179 2369 2233 2415; x_wconf 88' lang='lat' dir='ltr'><strong>et</strong></span> <span class='ocrx_word' id='word_1_431' title='bbox 2273 2374 2436 2430; x_wconf 85' lang='lat' dir='ltr'><strong>super</strong></span> <span class='ocrx_word' id='word_1_432' title='bbox 2465 2359 2821 2414; x_wconf 87' lang='lat' dir='ltr'><strong>Betbcherem</strong></span> <span class='ocrx_word' id='word_1_433' title='bbox 2847 2355 3025 2411; x_wconf 82' lang='lat' dir='ltr'><strong>tollite</strong></span> <span class='ocrx_word' id='word_1_434' title='bbox 3052 2355 3305 2425; x_wconf 84' lang='lat' dir='ltr'><strong>signum:</strong></span> <span class='ocrx_word' id='word_1_435' title='bbox 3354 2353 3484 2425; x_wconf 81' lang='lat' dir='ltr'><strong>quia</strong></span> <span class='ocrx_word' id='word_1_436' title='bbox 3530 2355 3672 2409; x_wconf 89' lang='lat' dir='ltr'><strong>mala</strong></span> 
     </span>
    </p>
   </div>
   <div class='ocr_carea' id='block_1_54' title="bbox 2079 2445 3670 2519">
    <p class='ocr_par' dir='ltr' id='par_1_54' title="bbox 2079 2445 3670 2519">
     <span class='ocr_line' id='line_1_54' title="bbox 2079 2445 3670 2519; baseline -0.003 -16"><span class='ocrx_word' id='word_1_437' title='bbox 2079 2458 2485 2519; x_wconf 76' lang='lat' dir='ltr'><strong>prospexerant</strong></span> <span class='ocrx_word' id='word_1_438' title='bbox 2524 2450 2594 2503; x_wconf 89' lang='lat' dir='ltr'><strong>ab</strong></span> <span class='ocrx_word' id='word_1_439' title='bbox 2620 2448 2897 2517; x_wconf 72' lang='lat' dir='ltr'><strong>aquilone,</strong></span> <span class='ocrx_word' id='word_1_440' title='bbox 2928 2455 2982 2502; x_wconf 89' lang='lat' dir='ltr'><strong>et</strong></span> <span class='ocrx_word' id='word_1_441' title='bbox 3008 2445 3269 2501; x_wconf 88' lang='lat' dir='ltr'><strong>contritio</strong></span> <span class='ocrx_word' id='word_1_442' title='bbox 3313 2460 3510 2515; x_wconf 86' lang='lat' dir='ltr'><strong>magna</strong></span> <span class='ocrx_word' id='word_1_443' title='bbox 3559 2447 3670 2500; x_wconf 80' lang='lat' dir='ltr'><strong>tiet.</strong></span> 
     </span>
    </p>
   </div>
   <div class='ocr_carea' id='block_1_55' title="bbox 2077 2522 3668 2609">
    <p class='ocr_par' dir='ltr' id='par_1_55' title="bbox 2077 2522 3668 2609">
     <span class='ocr_line' id='line_1_55' title="bbox 2077 2522 3668 2609; baseline -0.001 -16"><span class='ocrx_word' id='word_1_444' title='bbox 2077 2541 2131 2593; x_wconf 88' lang='lat'><strong>2.</strong></span> <span class='ocrx_word' id='word_1_445' title='bbox 2159 2544 2227 2609; x_wconf 60' lang='grc' dir='ltr'>Χ</span> <span class='ocrx_word' id='word_1_446' title='bbox 2263 2543 2334 2609; x_wconf 80' lang='lat' dir='ltr'><strong>(ri</strong></span> <span class='ocrx_word' id='word_1_447' title='bbox 2370 2538 2668 2593; x_wconf 80' lang='lat' dir='ltr'><strong>Venustam</strong></span> <span class='ocrx_word' id='word_1_448' title='bbox 2693 2522 2747 2593; x_wconf 86' lang='lat' dir='ltr'><strong>et</strong></span> <span class='ocrx_word' id='word_1_449' title='bbox 2770 2538 3058 2592; x_wconf 84' lang='lat' dir='ltr'><strong>delicatam</strong></span> <span class='ocrx_word' id='word_1_450' title='bbox 3099 2536 3149 2604; x_wconf 91' lang='lat'><strong>1.</strong></span> <span class='ocrx_word' id='word_1_451' title='bbox 3181 2535 3249 2589; x_wconf 79' lang='lat' dir='ltr'><strong>Et</strong></span> <span class='ocrx_word' id='word_1_452' title='bbox 3275 2537 3528 2590; x_wconf 87' lang='lat' dir='ltr'><strong>transibit</strong></span> <span class='ocrx_word' id='word_1_453' title='bbox 3558 2536 3668 2591; x_wconf 89' lang='lat' dir='ltr'><strong>cel-</strong></span> 
     </span>
    </p>
   </div>
   <div class='ocr_carea' id='block_1_56' title="bbox 2078 2626 3674 2696">
    <p class='ocr_par' dir='ltr' id='par_1_56' title="bbox 2078 2626 3674 2696">
     <span class='ocr_line' id='line_1_56' title="bbox 2078 2626 3674 2696; baseline -0.003 -10"><span class='ocrx_word' id='word_1_454' title='bbox 2078 2631 2263 2686; x_wconf 83' lang='lat' dir='ltr'><strong>situdo</strong></span> <span class='ocrx_word' id='word_1_455' title='bbox 2295 2644 2350 2684; x_wconf 87' lang='lat' dir='ltr'><strong>-t—</strong></span> <span class='ocrx_word' id='word_1_456' title='bbox 2390 2640 2479 2683; x_wconf 88' lang='lat' dir='ltr'><strong>tua</strong></span> <span class='ocrx_word' id='word_1_457' title='bbox 2515 2628 2563 2696; x_wconf 92' lang='lat'><strong>1,</strong></span> <span class='ocrx_word' id='word_1_458' title='bbox 2602 2628 2711 2683; x_wconf 87' lang='lat' dir='ltr'><strong>lilia</strong></span> <span class='ocrx_word' id='word_1_459' title='bbox 2745 2626 2952 2683; x_wconf 82' lang='lat' dir='ltr'><strong>Sienis.</strong></span> <span class='ocrx_word' id='word_1_460' title='bbox 2977 2628 3031 2682; x_wconf 81' lang='grc'><strong>5.</strong></span> <span class='ocrx_word' id='word_1_461' title='bbox 3067 2626 3124 2680; x_wconf 88' lang='lat' dir='ltr'><strong>In</strong></span> <span class='ocrx_word' id='word_1_462' title='bbox 3161 2642 3281 2680; x_wconf 88' lang='lat' dir='ltr'><strong>eam</strong></span> <span class='ocrx_word' id='word_1_463' title='bbox 3329 2627 3550 2681; x_wconf 87' lang='lat' dir='ltr'><strong>venient</strong></span> <span class='ocrx_word' id='word_1_464' title='bbox 3584 2643 3674 2696; x_wconf 80' lang='lat' dir='ltr'><strong>pu-</strong></span> 
     </span>
    </p>
   </div>
   <div class='ocr_carea' id='block_1_57' title="bbox 2078 2721 3673 2792">
    <p class='ocr_par' dir='ltr' id='par_1_57' title="bbox 2078 2721 3673 2792">
     <span class='ocr_line' id='line_1_57' title="bbox 2078 2721 3673 2792; baseline -0.004 -13"><span class='ocrx_word' id='word_1_465' title='bbox 2078 2734 2257 2779; x_wconf 72' lang='lat' dir='ltr'><strong>Stores</strong></span> <span class='ocrx_word' id='word_1_466' title='bbox 2281 2721 2348 2792; x_wconf 73' lang='grc' dir='ltr'><strong>(δ)</strong></span> <span class='ocrx_word' id='word_1_467' title='bbox 2383 2731 2437 2776; x_wconf 93' lang='lat' dir='ltr'><strong>et</strong></span> <span class='ocrx_word' id='word_1_468' title='bbox 2467 2736 2658 2792; x_wconf 88' lang='lat' dir='ltr'><strong>greges</strong></span> <span class='ocrx_word' id='word_1_469' title='bbox 2680 2735 2873 2776; x_wconf 89' lang='lat' dir='ltr'><strong>eorum</strong></span> <span class='ocrx_word' id='word_1_470' title='bbox 2902 2738 2912 2771; x_wconf 97' lang='lat'>:</span> <span class='ocrx_word' id='word_1_471' title='bbox 2964 2729 3019 2775; x_wconf 91' lang='lat' dir='ltr'><strong>et</strong></span> <span class='ocrx_word' id='word_1_472' title='bbox 3051 2721 3216 2790; x_wconf 85' lang='lat' dir='ltr'><strong>iigent</strong></span> <span class='ocrx_word' id='word_1_473' title='bbox 3245 2732 3410 2789; x_wconf 85' lang='lat' dir='ltr'><strong>super</strong></span> <span class='ocrx_word' id='word_1_474' title='bbox 3441 2733 3560 2772; x_wconf 88' lang='lat' dir='ltr'><strong>eam</strong></span> <span class='ocrx_word' id='word_1_475' title='bbox 3591 2727 3673 2773; x_wconf 88' lang='lat' dir='ltr'><strong>ta-</strong></span> 
     </span>
    </p>
   </div>
   <div class='ocr_carea' id='block_1_58' title="bbox 2079 2812 3672 2883">
    <p class='ocr_par' dir='ltr' id='par_1_58' title="bbox 2079 2812 3672 2883">
     <span class='ocr_line' id='line_1_58' title="bbox 2079 2812 3672 2883; baseline -0.003 -14"><span class='ocrx_word' id='word_1_476' title='bbox 2079 2814 2372 2869; x_wconf 84' lang='lat' dir='ltr'><strong>bernacula</strong></span> <span class='ocrx_word' id='word_1_477' title='bbox 2399 2815 2451 2867; x_wconf 90' lang='lat' dir='ltr'><strong>in</strong></span> <span class='ocrx_word' id='word_1_478' title='bbox 2471 2814 2708 2868; x_wconf 88' lang='lat' dir='ltr'><strong>circuitu</strong></span> <span class='ocrx_word' id='word_1_479' title='bbox 2730 2832 2744 2867; x_wconf 90' lang='lat'><strong>:</strong></span> <span class='ocrx_word' id='word_1_480' title='bbox 2771 2823 2824 2868; x_wconf 91' lang='lat' dir='ltr'><strong>et</strong></span> <span class='ocrx_word' id='word_1_481' title='bbox 2844 2822 3067 2883; x_wconf 88' lang='lat' dir='ltr'><strong>pascent</strong></span> <span class='ocrx_word' id='word_1_482' title='bbox 3106 2812 3488 2882; x_wconf 86' lang='lat' dir='ltr'><strong>unusquisque</strong></span> <span class='ocrx_word' id='word_1_483' title='bbox 3506 2827 3672 2867; x_wconf 88' lang='lat' dir='ltr'><strong>manu</strong></span> 
     </span>
    </p>
   </div>
   <div class='ocr_carea' id='block_1_59' title="bbox 2079 2904 3669 2976">
    <p class='ocr_par' dir='ltr' id='par_1_59' title="bbox 2079 2904 3669 2976">
     <span class='ocr_line' id='line_1_59' title="bbox 2079 2904 3669 2976; baseline -0.002 -15"><span class='ocrx_word' id='word_1_484' title='bbox 2079 2922 2198 2962; x_wconf 79' lang='lat' dir='ltr'><strong>sua.</strong></span> <span class='ocrx_word' id='word_1_485' title='bbox 2249 2906 2304 2961; x_wconf 76' lang='grc'><strong>4.</strong></span> <span class='ocrx_word' id='word_1_486' title='bbox 2337 2905 2531 2961; x_wconf 86' lang='lat' dir='ltr'><strong>Parate</strong></span> <span class='ocrx_word' id='word_1_487' title='bbox 2562 2921 2658 2960; x_wconf 85' lang='lat' dir='ltr'><strong>vos</strong></span> <span class='ocrx_word' id='word_1_488' title='bbox 2699 2921 2866 2976; x_wconf 90' lang='lat' dir='ltr'><strong>super</strong></span> <span class='ocrx_word' id='word_1_489' title='bbox 2908 2920 3028 2960; x_wconf 90' lang='lat' dir='ltr'><strong>eam</strong></span> <span class='ocrx_word' id='word_1_490' title='bbox 3064 2904 3132 2960; x_wconf 90' lang='lat' dir='ltr'><strong>ad</strong></span> <span class='ocrx_word' id='word_1_491' title='bbox 3163 2905 3399 2959; x_wconf 83' lang='lat' dir='ltr'><strong>bellum:</strong></span> <span class='ocrx_word' id='word_1_492' title='bbox 3438 2906 3669 2974; x_wconf 81' lang='lat' dir='ltr'><strong>surgite,</strong></span> 
     </span>
    </p>
   </div>
   <div class='ocr_carea' id='block_1_60' title="bbox 2075 2996 3672 3066">
    <p class='ocr_par' dir='ltr' id='par_1_60' title="bbox 2075 2996 3672 3066">
     <span class='ocr_line' id='line_1_60' title="bbox 2075 2996 3672 3066; baseline -0.002 -14"><span class='ocrx_word' id='word_1_493' title='bbox 2075 3007 2130 3052; x_wconf 91' lang='lat' dir='ltr'><strong>et</strong></span> <span class='ocrx_word' id='word_1_494' title='bbox 2160 2998 2518 3053; x_wconf 86' lang='lat' dir='ltr'><strong>aseendamus</strong></span> <span class='ocrx_word' id='word_1_495' title='bbox 2558 3011 2723 3066; x_wconf 84' lang='lat' dir='ltr'><strong>super</strong></span> <span class='ocrx_word' id='word_1_496' title='bbox 2745 3011 2865 3051; x_wconf 90' lang='lat' dir='ltr'><strong>eam</strong></span> <span class='ocrx_word' id='word_1_497' title='bbox 2904 2996 3162 3051; x_wconf 84' lang='lat' dir='ltr'><strong>meridie:</strong></span> <span class='ocrx_word' id='word_1_498' title='bbox 3207 3010 3286 3049; x_wconf 66' lang='lat' dir='ltr'><strong>va:</strong></span> <span class='ocrx_word' id='word_1_499' title='bbox 3314 2996 3499 3061; x_wconf 86' lang='lat' dir='ltr'><strong>nobis,</strong></span> <span class='ocrx_word' id='word_1_500' title='bbox 3538 2996 3672 3066; x_wconf 80' lang='lat' dir='ltr'><strong>quia</strong></span> 
     </span>
    </p>
   </div>
   <div class='ocr_carea' id='block_1_61' title="bbox 2076 3086 3659 3157">
    <p class='ocr_par' dir='ltr' id='par_1_61' title="bbox 2076 3086 3659 3157">
     <span class='ocr_line' id='line_1_61' title="bbox 2076 3086 3659 3157; baseline -0.003 -13"><span class='ocrx_word' id='word_1_501' title='bbox 2076 3088 2370 3144; x_wconf 86' lang='lat' dir='ltr'><strong>declinavit</strong></span> <span class='ocrx_word' id='word_1_502' title='bbox 2403 3088 2521 3144; x_wconf 90' lang='lat' dir='ltr'><strong>dies</strong></span> <span class='ocrx_word' id='word_1_503' title='bbox 2553 3128 2567 3153; x_wconf 91' lang='lat'><strong>,</strong></span> <span class='ocrx_word' id='word_1_504' title='bbox 2599 3088 2730 3157; x_wconf 88' lang='lat' dir='ltr'><strong>quia</strong></span> <span class='ocrx_word' id='word_1_505' title='bbox 2760 3087 3023 3142; x_wconf 82' lang='lat' dir='ltr'><strong>deﬁciunt</strong></span> <span class='ocrx_word' id='word_1_506' title='bbox 3053 3087 3258 3141; x_wconf 69' lang='lat' dir='ltr'><strong>umbrae</strong></span> <span class='ocrx_word' id='word_1_507' title='bbox 3294 3086 3357 3157; x_wconf 82' lang='grc' dir='ltr'><strong>(ι)</strong></span> <span class='ocrx_word' id='word_1_508' title='bbox 3390 3102 3659 3156; x_wconf 66' lang='lat' dir='ltr'><strong>vesperae.</strong></span> 
     </span>
    </p>
   </div>
   <div class='ocr_carea' id='block_1_62' title="bbox 2077 3174 3676 3252">
    <p class='ocr_par' dir='ltr' id='par_1_62' title="bbox 2077 3174 3676 3252">
     <span class='ocr_line' id='line_1_62' title="bbox 2077 3174 3676 3252; baseline -0.001 -17"><span class='ocrx_word' id='word_1_509' title='bbox 2077 3181 2130 3236; x_wconf 85' lang='lat'><strong>5.</strong></span> <span class='ocrx_word' id='word_1_510' title='bbox 2178 3180 2417 3251; x_wconf 84' lang='lat' dir='ltr'><strong>Surgite,</strong></span> <span class='ocrx_word' id='word_1_511' title='bbox 2447 3188 2503 3236; x_wconf 92' lang='lat' dir='ltr'><strong>et</strong></span> <span class='ocrx_word' id='word_1_512' title='bbox 2550 3174 2914 3236; x_wconf 85' lang='lat' dir='ltr'><strong>ascendamus</strong></span> <span class='ocrx_word' id='word_1_513' title='bbox 2952 3182 3004 3235; x_wconf 92' lang='lat' dir='ltr'><strong>in</strong></span> <span class='ocrx_word' id='word_1_514' title='bbox 3038 3190 3217 3244; x_wconf 90' lang='lat' dir='ltr'><strong>nocte,</strong></span> <span class='ocrx_word' id='word_1_515' title='bbox 3254 3190 3308 3235; x_wconf 92' lang='lat' dir='ltr'><strong>et</strong></span> <span class='ocrx_word' id='word_1_516' title='bbox 3358 3195 3676 3252; x_wconf 87' lang='lat' dir='ltr'><strong>corrumpa-</strong></span> 
     </span>
    </p>
   </div>
   <div class='ocr_carea' id='block_1_63' title="bbox 382 3267 3673 3343">
    <p class='ocr_par' dir='ltr' id='par_1_63' title="bbox 382 3267 3673 3343">
     <span class='ocr_line' id='line_1_63' title="bbox 382 3267 3673 3343; baseline 0.002 -24"><span class='ocrx_word' id='word_1_517' title='bbox 382 3283 482 3323; x_wconf 91' lang='lat' dir='ltr'><strong>vos</strong></span> <span class='ocrx_word' id='word_1_518' title='bbox 511 3267 564 3322; x_wconf 90' lang='lat' dir='ltr'><strong>in</strong></span> <span class='ocrx_word' id='word_1_519' title='bbox 596 3273 1153 3325; x_wconf 84' lang='lat' dir='ltr'><strong>consummationem.</strong></span> <span class='ocrx_word' id='word_1_520' title='bbox 1189 3270 1276 3326; x_wconf 84' lang='grc'><strong>19.</strong></span> <span class='ocrx_word' id='word_1_521' title='bbox 1318 3270 1382 3326; x_wconf 82' lang='grc' dir='ltr'>Ει</span> <span class='ocrx_word' id='word_1_522' title='bbox 1418 3273 1544 3337; x_wconf 89' lang='lat' dir='ltr'><strong>erit,</strong></span> <span class='ocrx_word' id='word_1_523' title='bbox 1570 3273 1790 3340; x_wconf 88' lang='lat' dir='ltr'><strong>quando</strong></span> <span class='ocrx_word' id='word_1_524' title='bbox 1821 3274 1973 3327; x_wconf 80' lang='lat' dir='ltr'><strong>dixe—</strong></span> <span class='ocrx_word' id='word_1_525' title='bbox 1999 3281 2042 3337; x_wconf 85' lang='lat' dir='ltr'><strong>c</strong></span> <span class='ocrx_word' id='word_1_526' title='bbox 2078 3289 2202 3329; x_wconf 88' lang='lat' dir='ltr'><strong>mus</strong></span> <span class='ocrx_word' id='word_1_527' title='bbox 2238 3276 2316 3343; x_wconf 81' lang='grc' dir='ltr'>(ιι)</span> <span class='ocrx_word' id='word_1_528' title='bbox 2346 3272 2700 3327; x_wconf 87' lang='lat' dir='ltr'><strong>fundamenta</strong></span> <span class='ocrx_word' id='word_1_529' title='bbox 2733 3273 2877 3343; x_wconf 89' lang='lat' dir='ltr'><strong>ejus.</strong></span> <span class='ocrx_word' id='word_1_530' title='bbox 2908 3274 2960 3327; x_wconf 83' lang='lat' dir='ltr'><strong>(i.</strong></span> <span class='ocrx_word' id='word_1_531' title='bbox 2990 3272 3130 3338; x_wconf 88' lang='lat' dir='ltr'><strong>Quia</strong></span> <span class='ocrx_word' id='word_1_532' title='bbox 3163 3274 3277 3327; x_wconf 67' lang='lat' dir='ltr'><strong>haec</strong></span> <span class='ocrx_word' id='word_1_533' title='bbox 3307 3273 3441 3327; x_wconf 89' lang='lat' dir='ltr'><strong>dicit</strong></span> <span class='ocrx_word' id='word_1_534' title='bbox 3485 3272 3673 3327; x_wconf 80' lang='lat' dir='ltr'><strong>Domi-</strong></span> 
     </span>
    </p>
   </div>
   <div class='ocr_carea' id='block_1_64' title="bbox 379 3358 1976 3428">
    <p class='ocr_par' dir='ltr' id='par_1_64' title="bbox 379 3358 1976 3428">
     <span class='ocr_line' id='line_1_64' title="bbox 379 3358 1976 3428; baseline 0.001 -17"><span class='ocrx_word' id='word_1_535' title='bbox 379 3358 522 3422; x_wconf 83' lang='lat' dir='ltr'><strong>ritis,</strong></span> <span class='ocrx_word' id='word_1_536' title='bbox 559 3358 902 3428; x_wconf 83' lang='lat' dir='ltr'><strong>QuaprOpter</strong></span> <span class='ocrx_word' id='word_1_537' title='bbox 933 3358 1061 3414; x_wconf 85' lang='lat' dir='ltr'><strong>fecit</strong></span> <span class='ocrx_word' id='word_1_538' title='bbox 1099 3361 1259 3415; x_wconf 91' lang='lat' dir='ltr'><strong>nobis</strong></span> <span class='ocrx_word' id='word_1_539' title='bbox 1301 3361 1566 3416; x_wconf 88' lang='lat' dir='ltr'><strong>Dominus</strong></span> <span class='ocrx_word' id='word_1_540' title='bbox 1606 3361 1751 3417; x_wconf 86' lang='lat' dir='ltr'><strong>Deus</strong></span> <span class='ocrx_word' id='word_1_541' title='bbox 1790 3370 1976 3417; x_wconf 89' lang='lat' dir='ltr'><strong>noster</strong></span> 
     </span>
    </p>
   </div>
   <div class='ocr_carea' id='block_1_65' title="bbox 380 3449 1978 3523">
    <p class='ocr_par' dir='ltr' id='par_1_65' title="bbox 380 3449 1978 3523">
     <span class='ocr_line' id='line_1_65' title="bbox 380 3449 1978 3523; baseline 0.004 -22"><span class='ocrx_word' id='word_1_542' title='bbox 380 3450 497 3505; x_wconf 68' lang='lat' dir='ltr'><strong>inec</strong></span> <span class='ocrx_word' id='word_1_543' title='bbox 531 3452 761 3505; x_wconf 78' lang='lat' dir='ltr'><strong>omnia?</strong></span> <span class='ocrx_word' id='word_1_544' title='bbox 789 3462 843 3505; x_wconf 88' lang='lat' dir='ltr'><strong>et</strong></span> <span class='ocrx_word' id='word_1_545' title='bbox 869 3453 1018 3507; x_wconf 75' lang='lat' dir='ltr'><strong>dices</strong></span> <span class='ocrx_word' id='word_1_546' title='bbox 1052 3453 1164 3507; x_wconf 92' lang='lat' dir='ltr'><strong>eis:</strong></span> <span class='ocrx_word' id='word_1_547' title='bbox 1221 3451 1300 3522; x_wconf 77' lang='grc' dir='ltr'><strong>(τί)</strong></span> <span class='ocrx_word' id='word_1_548' title='bbox 1350 3449 1453 3508; x_wconf 80' lang='lat' dir='ltr'><strong>Pro</strong></span> <span class='ocrx_word' id='word_1_549' title='bbox 1495 3468 1561 3507; x_wconf 86' lang='lat' dir='ltr'><strong>eo</strong></span> <span class='ocrx_word' id='word_1_550' title='bbox 1591 3453 1736 3523; x_wconf 85' lang='lat' dir='ltr'><strong>quod</strong></span> <span class='ocrx_word' id='word_1_551' title='bbox 1785 3453 1978 3507; x_wconf 86' lang='lat' dir='ltr'><strong>dereli-</strong></span> 
     </span>
    </p>
   </div>
   <div class='ocr_carea' id='block_1_66' title="bbox 386 3541 1973 3613">
    <p class='ocr_par' dir='ltr' id='par_1_66' title="bbox 386 3541 1973 3613">
     <span class='ocr_line' id='line_1_66' title="bbox 386 3541 1973 3613; baseline 0.004 -19"><span class='ocrx_word' id='word_1_552' title='bbox 386 3541 585 3610; x_wconf 86' lang='lat' dir='ltr'><strong>quistis</strong></span> <span class='ocrx_word' id='word_1_553' title='bbox 618 3556 724 3603; x_wconf 88' lang='lat' dir='ltr'><strong>me,</strong></span> <span class='ocrx_word' id='word_1_554' title='bbox 764 3551 818 3596; x_wconf 87' lang='lat' dir='ltr'><strong>et</strong></span> <span class='ocrx_word' id='word_1_555' title='bbox 842 3542 1089 3596; x_wconf 88' lang='lat' dir='ltr'><strong>coluistis</strong></span> <span class='ocrx_word' id='word_1_556' title='bbox 1130 3544 1416 3597; x_wconf 86' lang='lat' dir='ltr'><strong>servitium</strong></span> <span class='ocrx_word' id='word_1_557' title='bbox 1447 3545 1555 3599; x_wconf 89' lang='lat' dir='ltr'><strong>diis</strong></span> <span class='ocrx_word' id='word_1_558' title='bbox 1588 3545 1659 3613; x_wconf 74' lang='grc' dir='ltr'><strong>(ε)</strong></span> <span class='ocrx_word' id='word_1_559' title='bbox 1692 3546 1887 3600; x_wconf 89' lang='lat' dir='ltr'><strong>alienis</strong></span> <span class='ocrx_word' id='word_1_560' title='bbox 1921 3547 1973 3600; x_wconf 92' lang='lat' dir='ltr'><strong>in</strong></span> 
     </span>
    </p>
   </div>
   <div class='ocr_carea' id='block_1_67' title="bbox 381 3634 1974 3699">
    <p class='ocr_par' dir='ltr' id='par_1_67' title="bbox 381 3634 1974 3699">
     <span class='ocr_line' id='line_1_67' title="bbox 381 3634 1974 3699; baseline 0.003 -14"><span class='ocrx_word' id='word_1_561' title='bbox 381 3639 525 3686; x_wconf 86' lang='lat' dir='ltr'><strong>terra</strong></span> <span class='ocrx_word' id='word_1_562' title='bbox 567 3642 783 3699; x_wconf 87' lang='lat' dir='ltr'><strong>vestra;</strong></span> <span class='ocrx_word' id='word_1_563' title='bbox 838 3634 925 3687; x_wconf 61' lang='lat' dir='ltr'><strong>ita&#39;</strong></span> <span class='ocrx_word' id='word_1_564' title='bbox 950 3634 1142 3689; x_wconf 89' lang='lat' dir='ltr'><strong>coletis</strong></span> <span class='ocrx_word' id='word_1_565' title='bbox 1177 3636 1462 3689; x_wconf 82' lang='lat' dir='ltr'><strong>servitium</strong></span> <span class='ocrx_word' id='word_1_566' title='bbox 1515 3637 1711 3690; x_wconf 88' lang='lat' dir='ltr'><strong>alienis</strong></span> <span class='ocrx_word' id='word_1_567' title='bbox 1739 3637 1793 3689; x_wconf 91' lang='lat' dir='ltr'><strong>in</strong></span> <span class='ocrx_word' id='word_1_568' title='bbox 1832 3646 1974 3690; x_wconf 88' lang='lat' dir='ltr'><strong>terra</strong></span> 
     </span>
    </p>
   </div>
   <div class='ocr_carea' id='block_1_68' title="bbox 382 3724 1971 3793">
    <p class='ocr_par' dir='ltr' id='par_1_68' title="bbox 382 3724 1971 3793">
     <span class='ocr_line' id='line_1_68' title="bbox 382 3724 1971 3793; baseline 0.003 -18"><span class='ocrx_word' id='word_1_569' title='bbox 382 3738 491 3776; x_wconf 89' lang='lat' dir='ltr'><strong>non</strong></span> <span class='ocrx_word' id='word_1_570' title='bbox 524 3733 727 3779; x_wconf 88' lang='lat' dir='ltr'><strong>vestra.</strong></span> <span class='ocrx_word' id='word_1_571' title='bbox 760 3724 851 3777; x_wconf 86' lang='lat'><strong>20.</strong></span> <span class='ocrx_word' id='word_1_572' title='bbox 886 3724 1223 3779; x_wconf 84' lang='lat' dir='ltr'><strong>Anunntiate</strong></span> <span class='ocrx_word' id='word_1_573' title='bbox 1256 3726 1368 3781; x_wconf 71' lang='lat' dir='ltr'><strong>lucc</strong></span> <span class='ocrx_word' id='word_1_574' title='bbox 1403 3727 1456 3780; x_wconf 92' lang='lat' dir='ltr'><strong>in</strong></span> <span class='ocrx_word' id='word_1_575' title='bbox 1494 3726 1723 3780; x_wconf 92' lang='lat' dir='ltr'><strong>Domum</strong></span> <span class='ocrx_word' id='word_1_576' title='bbox 1762 3726 1971 3793; x_wconf 83' lang='lat' dir='ltr'><strong>Jacobi,</strong></span> 
     </span>
    </p>
   </div>
   <div class='ocr_carea' id='block_1_69' title="bbox 379 3813 1976 3885">
    <p class='ocr_par' dir='ltr' id='par_1_69' title="bbox 379 3813 1976 3885">
     <span class='ocr_line' id='line_1_69' title="bbox 379 3813 1976 3885; baseline 0.004 -20"><span class='ocrx_word' id='word_1_577' title='bbox 379 3823 432 3865; x_wconf 88' lang='lat' dir='ltr'><strong>et</strong></span> <span class='ocrx_word' id='word_1_578' title='bbox 462 3813 718 3867; x_wconf 86' lang='lat' dir='ltr'><strong>audiatur</strong></span> <span class='ocrx_word' id='word_1_579' title='bbox 744 3816 800 3867; x_wconf 87' lang='lat' dir='ltr'><strong>in</strong></span> <span class='ocrx_word' id='word_1_580' title='bbox 833 3815 999 3868; x_wconf 89' lang='lat' dir='ltr'><strong>domo</strong></span> <span class='ocrx_word' id='word_1_581' title='bbox 1023 3815 1198 3878; x_wconf 70' lang='lat' dir='ltr'><strong>Judze,</strong></span> <span class='ocrx_word' id='word_1_582' title='bbox 1235 3819 1302 3882; x_wconf 75' lang='lat' dir='ltr'><strong>)t(</strong></span> <span class='ocrx_word' id='word_1_583' title='bbox 1342 3816 1531 3870; x_wconf 89' lang='lat' dir='ltr'><strong>dicens</strong></span> <span class='ocrx_word' id='word_1_584' title='bbox 1567 3820 1587 3885; x_wconf 91' lang='lat'><strong>1</strong></span> <span class='ocrx_word' id='word_1_585' title='bbox 1613 3834 1632 3869; x_wconf 90' lang='lat'><strong><em>:</em></strong></span> <span class='ocrx_word' id='word_1_586' title='bbox 1659 3817 1749 3870; x_wconf 85' lang='lat' dir='ltr'><strong>2i.</strong></span> <span class='ocrx_word' id='word_1_587' title='bbox 1778 3820 1976 3872; x_wconf 84' lang='lat' dir='ltr'><strong>Audite</strong></span> 
     </span>
    </p>
   </div>
   <div class='ocr_carea' id='block_1_70' title="bbox 380 3905 1972 3980">
    <p class='ocr_par' dir='ltr' id='par_1_70' title="bbox 380 3905 1972 3980">
     <span class='ocr_line' id='line_1_70' title="bbox 380 3905 1972 3980; baseline 0.004 -24"><span class='ocrx_word' id='word_1_588' title='bbox 380 3905 547 3973; x_wconf 81' lang='lat' dir='ltr'><strong>igitur</strong></span> <span class='ocrx_word' id='word_1_589' title='bbox 583 3906 720 3970; x_wconf 77' lang='lat' dir='ltr'><strong>lucc,</strong></span> <span class='ocrx_word' id='word_1_590' title='bbox 750 3906 948 3974; x_wconf 89' lang='lat' dir='ltr'><strong>popule</strong></span> <span class='ocrx_word' id='word_1_591' title='bbox 983 3907 1051 3975; x_wconf 76' lang='grc'><strong>(1⁸)</strong></span> <span class='ocrx_word' id='word_1_592' title='bbox 1079 3905 1249 3968; x_wconf 83' lang='lat' dir='ltr'><strong>fatue,</strong></span> <span class='ocrx_word' id='word_1_593' title='bbox 1292 3915 1346 3961; x_wconf 90' lang='lat' dir='ltr'><strong>et</strong></span> <span class='ocrx_word' id='word_1_594' title='bbox 1387 3908 1506 3961; x_wconf 82' lang='lat' dir='ltr'><strong>sine</strong></span> <span class='ocrx_word' id='word_1_595' title='bbox 1536 3908 1740 3963; x_wconf 87' lang='lat' dir='ltr'><strong>corde:</strong></span> <span class='ocrx_word' id='word_1_596' title='bbox 1770 3913 1837 3978; x_wconf 68' lang='grc' dir='ltr'><strong>&gt;ς&lt;</strong></span> <span class='ocrx_word' id='word_1_597' title='bbox 1871 3911 1972 3980; x_wconf 83' lang='lat' dir='ltr'><strong>ipsi</strong></span> 
     </span>
    </p>
   </div>
   <div class='ocr_carea' id='block_1_71' title="bbox 385 3996 1974 4066">
    <p class='ocr_par' dir='ltr' id='par_1_71' title="bbox 385 3996 1974 4066">
     <span class='ocr_line' id='line_1_71' title="bbox 385 3996 1974 4066; baseline 0.006 -18"><span class='ocrx_word' id='word_1_598' title='bbox 385 3996 407 4063; x_wconf 92' lang='lat'><strong>1</strong></span> <span class='ocrx_word' id='word_1_599' title='bbox 443 3999 538 4065; x_wconf 88' lang='lat' dir='ltr'><strong>qui</strong></span> <span class='ocrx_word' id='word_1_600' title='bbox 568 3998 713 4051; x_wconf 90' lang='lat' dir='ltr'><strong>oculi</strong></span> <span class='ocrx_word' id='word_1_601' title='bbox 750 3999 853 4061; x_wconf 88' lang='lat' dir='ltr'><strong>eis,</strong></span> <span class='ocrx_word' id='word_1_602' title='bbox 884 4009 937 4052; x_wconf 89' lang='lat' dir='ltr'><strong>et</strong></span> <span class='ocrx_word' id='word_1_603' title='bbox 965 4015 1072 4052; x_wconf 90' lang='lat' dir='ltr'><strong>non</strong></span> <span class='ocrx_word' id='word_1_604' title='bbox 1110 3998 1313 4062; x_wconf 86' lang='lat' dir='ltr'><strong>vident,</strong></span> <span class='ocrx_word' id='word_1_605' title='bbox 1352 4015 1515 4056; x_wconf 84' lang='lat' dir='ltr'><strong>aures</strong></span> <span class='ocrx_word' id='word_1_606' title='bbox 1544 4001 1643 4066; x_wconf 90' lang='lat' dir='ltr'><strong>eis,</strong></span> <span class='ocrx_word' id='word_1_607' title='bbox 1675 4011 1729 4056; x_wconf 90' lang='lat' dir='ltr'><strong>et</strong></span> <span class='ocrx_word' id='word_1_608' title='bbox 1755 4019 1861 4057; x_wconf 89' lang='lat' dir='ltr'><strong>non</strong></span> <span class='ocrx_word' id='word_1_609' title='bbox 1886 4020 1974 4057; x_wconf 87' lang='lat' dir='ltr'><strong>au-</strong></span> 
     </span>
    </p>
   </div>
   <div class='ocr_carea' id='block_1_72' title="bbox 379 4089 1974 4153">
    <p class='ocr_par' dir='ltr' id='par_1_72' title="bbox 379 4089 1974 4153">
     <span class='ocr_line' id='line_1_72' title="bbox 379 4089 1974 4153; baseline 0.005 -11"><span class='ocrx_word' id='word_1_610' title='bbox 379 4092 556 4143; x_wconf 77' lang='lat' dir='ltr'><strong>diunt.</strong></span> <span class='ocrx_word' id='word_1_611' title='bbox 587 4089 679 4143; x_wconf 85' lang='lat'><strong>22.</strong></span> <span class='ocrx_word' id='word_1_612' title='bbox 715 4091 794 4143; x_wconf 82' lang='lat' dir='ltr'><strong>An</strong></span> <span class='ocrx_word' id='word_1_613' title='bbox 830 4105 1041 4145; x_wconf 90' lang='lat' dir='ltr'><strong>menon</strong></span> <span class='ocrx_word' id='word_1_614' title='bbox 1076 4092 1358 4153; x_wconf 83' lang='lat' dir='ltr'><strong>timebitis,</strong></span> <span class='ocrx_word' id='word_1_615' title='bbox 1384 4093 1520 4146; x_wconf 90' lang='lat' dir='ltr'><strong>dicit</strong></span> <span class='ocrx_word' id='word_1_616' title='bbox 1544 4091 1849 4150; x_wconf 70' lang='lat' dir='ltr'><strong>Dominus?</strong></span> <span class='ocrx_word' id='word_1_617' title='bbox 1878 4106 1974 4150; x_wconf 87' lang='lat' dir='ltr'><strong>aut</strong></span> 
     </span>
    </p>
   </div>
   <div class='ocr_carea' id='block_1_73' title="bbox 379 4180 1965 4253">
    <p class='ocr_par' dir='ltr' id='par_1_73' title="bbox 379 4180 1965 4253">
     <span class='ocr_line' id='line_1_73' title="bbox 379 4180 1965 4253; baseline 0.004 -18"><span class='ocrx_word' id='word_1_618' title='bbox 379 4198 411 4235; x_wconf 86' lang='lat' dir='ltr'><strong>a</strong></span> <span class='ocrx_word' id='word_1_619' title='bbox 447 4180 585 4236; x_wconf 88' lang='lat' dir='ltr'><strong>facie</strong></span> <span class='ocrx_word' id='word_1_620' title='bbox 615 4197 732 4236; x_wconf 89' lang='lat' dir='ltr'><strong>mea</strong></span> <span class='ocrx_word' id='word_1_621' title='bbox 767 4182 1140 4238; x_wconf 82' lang='lat' dir='ltr'><strong>erubescetis?</strong></span> <span class='ocrx_word' id='word_1_622' title='bbox 1174 4184 1267 4253; x_wconf 92' lang='lat' dir='ltr'><strong>qui</strong></span> <span class='ocrx_word' id='word_1_623' title='bbox 1298 4185 1483 4253; x_wconf 87' lang='lat' dir='ltr'><strong>posuit</strong></span> <span class='ocrx_word' id='word_1_624' title='bbox 1521 4200 1744 4240; x_wconf 89' lang='lat' dir='ltr'><strong>arenam</strong></span> <span class='ocrx_word' id='word_1_625' title='bbox 1778 4190 1965 4242; x_wconf 83' lang='lat' dir='ltr'><strong>termi-</strong></span> 
     </span>
    </p>
   </div>
   <div class='ocr_carea' id='block_1_74' title="bbox 379 4269 1971 4345">
    <p class='ocr_par' dir='ltr' id='par_1_74' title="bbox 379 4269 1971 4345">
     <span class='ocr_line' id='line_1_74' title="bbox 379 4269 1971 4345; baseline 0.004 -18"><span class='ocrx_word' id='word_1_626' title='bbox 379 4289 512 4327; x_wconf 89' lang='lat' dir='ltr'><strong>num</strong></span> <span class='ocrx_word' id='word_1_627' title='bbox 546 4274 705 4337; x_wconf 81' lang='lat' dir='ltr'><strong>mari,</strong></span> <span class='ocrx_word' id='word_1_628' title='bbox 740 4269 817 4345; x_wconf 82' lang='lat' dir='ltr'><strong>(g)</strong></span> <span class='ocrx_word' id='word_1_629' title='bbox 855 4286 1183 4345; x_wconf 70' lang='lat' dir='ltr'><strong>praeceptum</strong></span> <span class='ocrx_word' id='word_1_630' title='bbox 1208 4286 1497 4342; x_wconf 70' lang='lat' dir='ltr'><strong>aeternum,</strong></span> <span class='ocrx_word' id='word_1_631' title='bbox 1546 4287 1600 4330; x_wconf 90' lang='lat' dir='ltr'><strong>et</strong></span> <span class='ocrx_word' id='word_1_632' title='bbox 1642 4295 1750 4331; x_wconf 86' lang='lat' dir='ltr'><strong>non</strong></span> <span class='ocrx_word' id='word_1_633' title='bbox 1789 4289 1971 4334; x_wconf 87' lang='lat' dir='ltr'><strong>trans-</strong></span> 
     </span>
    </p>
   </div>
   <div class='ocr_carea' id='block_1_75' title="bbox 380 4364 1970 4436">
    <p class='ocr_par' dir='ltr' id='par_1_75' title="bbox 380 4364 1970 4436">
     <span class='ocr_line' id='line_1_75' title="bbox 380 4364 1970 4436; baseline 0.003 -19"><span class='ocrx_word' id='word_1_634' title='bbox 380 4364 656 4435; x_wconf 84' lang='lat' dir='ltr'><strong>gredietur</strong></span> <span class='ocrx_word' id='word_1_635' title='bbox 685 4364 851 4419; x_wconf 87' lang='lat' dir='ltr'><strong>illud:</strong></span> <span class='ocrx_word' id='word_1_636' title='bbox 883 4372 938 4417; x_wconf 91' lang='lat' dir='ltr'><strong>et</strong></span> <span class='ocrx_word' id='word_1_637' title='bbox 970 4364 1276 4418; x_wconf 87' lang='lat' dir='ltr'><strong>turbabitur</strong></span> <span class='ocrx_word' id='word_1_638' title='bbox 1309 4371 1363 4419; x_wconf 88' lang='lat' dir='ltr'><strong>et</strong></span> <span class='ocrx_word' id='word_1_639' title='bbox 1398 4382 1503 4420; x_wconf 93' lang='lat' dir='ltr'><strong>non</strong></span> <span class='ocrx_word' id='word_1_640' title='bbox 1532 4368 1765 4436; x_wconf 89' lang='lat' dir='ltr'><strong>poterit:</strong></span> <span class='ocrx_word' id='word_1_641' title='bbox 1793 4380 1847 4423; x_wconf 90' lang='lat' dir='ltr'><strong>et</strong></span> <span class='ocrx_word' id='word_1_642' title='bbox 1870 4370 1970 4423; x_wconf 87' lang='lat' dir='ltr'><strong>da-</strong></span> 
     </span>
    </p>
   </div>
   <div class='ocr_carea' id='block_1_76' title="bbox 379 4455 1972 4528">
    <p class='ocr_par' dir='ltr' id='par_1_76' title="bbox 379 4455 1972 4528">
     <span class='ocr_line' id='line_1_76' title="bbox 379 4455 1972 4528; baseline 0.004 -20"><span class='ocrx_word' id='word_1_643' title='bbox 379 4456 515 4510; x_wconf 88' lang='lat' dir='ltr'><strong>bunt</strong></span> <span class='ocrx_word' id='word_1_644' title='bbox 548 4471 745 4510; x_wconf 88' lang='lat' dir='ltr'><strong>sonum</strong></span> <span class='ocrx_word' id='word_1_645' title='bbox 803 4457 1002 4511; x_wconf 82' lang='lat' dir='ltr'><strong>ﬂuctus</strong></span> <span class='ocrx_word' id='word_1_646' title='bbox 1041 4455 1183 4524; x_wconf 85' lang='lat' dir='ltr'><strong>ejus,</strong></span> <span class='ocrx_word' id='word_1_647' title='bbox 1228 4466 1285 4509; x_wconf 91' lang='lat' dir='ltr'><strong>et</strong></span> <span class='ocrx_word' id='word_1_648' title='bbox 1332 4471 1440 4510; x_wconf 87' lang='lat' dir='ltr'><strong>non</strong></span> <span class='ocrx_word' id='word_1_649' title='bbox 1498 4459 1972 4528; x_wconf 85' lang='lat' dir='ltr'><strong>transgredientur</strong></span> 
     </span>
    </p>
   </div>
   <div class='ocr_carea' id='block_1_77' title="bbox 379 4546 1970 4620">
    <p class='ocr_par' dir='ltr' id='par_1_77' title="bbox 379 4546 1970 4620">
     <span class='ocr_line' id='line_1_77' title="bbox 379 4546 1970 4620; baseline 0.003 -19"><span class='ocrx_word' id='word_1_650' title='bbox 379 4549 533 4602; x_wconf 87' lang='lat' dir='ltr'><strong>illud.</strong></span> <span class='ocrx_word' id='word_1_651' title='bbox 569 4549 662 4602; x_wconf 76' lang='lat'><strong>2&#39;5.</strong></span> <span class='ocrx_word' id='word_1_652' title='bbox 702 4548 913 4618; x_wconf 90' lang='lat' dir='ltr'><strong>Populo</strong></span> <span class='ocrx_word' id='word_1_653' title='bbox 950 4560 1133 4602; x_wconf 87' lang='lat' dir='ltr'><strong>autem</strong></span> <span class='ocrx_word' id='word_1_654' title='bbox 1182 4548 1311 4602; x_wconf 90' lang='lat' dir='ltr'><strong>huic</strong></span> <span class='ocrx_word' id='word_1_655' title='bbox 1351 4546 1555 4603; x_wconf 87' lang='lat' dir='ltr'><strong>factum</strong></span> <span class='ocrx_word' id='word_1_656' title='bbox 1600 4559 1686 4604; x_wconf 86' lang='lat' dir='ltr'><strong>est</strong></span> <span class='ocrx_word' id='word_1_657' title='bbox 1718 4566 1815 4605; x_wconf 92' lang='lat' dir='ltr'><strong>cor</strong></span> <span class='ocrx_word' id='word_1_658' title='bbox 1848 4566 1970 4620; x_wconf 89' lang='lat' dir='ltr'><strong>per-</strong></span> 
     </span>
    </p>
   </div>
   <div class='ocr_carea' id='block_1_78' title="bbox 2080 3362 3671 3434">
    <p class='ocr_par' dir='ltr' id='par_1_78' title="bbox 2080 3362 3671 3434">
     <span class='ocr_line' id='line_1_78' title="bbox 2080 3362 3671 3434; baseline -0.002 -14"><span class='ocrx_word' id='word_1_659' title='bbox 2080 3382 2185 3420; x_wconf 87' lang='lat' dir='ltr'><strong>nus</strong></span> <span class='ocrx_word' id='word_1_660' title='bbox 2215 3366 2476 3419; x_wconf 85' lang='lat' dir='ltr'><strong>virtutum</strong></span> <span class='ocrx_word' id='word_1_661' title='bbox 2504 3385 2518 3418; x_wconf 84' lang='lat'><strong>:</strong></span> <span class='ocrx_word' id='word_1_662' title='bbox 2550 3364 2754 3418; x_wconf 64' lang='lat' dir='ltr'><strong>Caedite</strong></span> <span class='ocrx_word' id='word_1_663' title='bbox 2781 3364 2926 3433; x_wconf 81' lang='lat' dir='ltr'><strong>ligna</strong></span> <span class='ocrx_word' id='word_1_664' title='bbox 2961 3365 3104 3434; x_wconf 84' lang='lat' dir='ltr'><strong>ejus,</strong></span> <span class='ocrx_word' id='word_1_665' title='bbox 3136 3363 3354 3419; x_wconf 79' lang='lat' dir='ltr'><strong>eﬂ&#39;unde</strong></span> <span class='ocrx_word' id='word_1_666' title='bbox 3390 3378 3553 3434; x_wconf 87' lang='lat' dir='ltr'><strong>super</strong></span> <span class='ocrx_word' id='word_1_667' title='bbox 3576 3362 3671 3419; x_wconf 76' lang='lat' dir='ltr'><strong>Je—</strong></span> 
     </span>
    </p>
   </div>
   <div class='ocr_carea' id='block_1_79' title="bbox 2080 3453 3666 3524">
    <p class='ocr_par' dir='ltr' id='par_1_79' title="bbox 2080 3453 3666 3524">
     <span class='ocr_line' id='line_1_79' title="bbox 2080 3453 3666 3524; baseline -0.004 -13"><span class='ocrx_word' id='word_1_668' title='bbox 2080 3456 2317 3511; x_wconf 87' lang='lat' dir='ltr'><strong>rusalem</strong></span> <span class='ocrx_word' id='word_1_669' title='bbox 2345 3456 2423 3524; x_wconf 73' lang='lat' dir='ltr'><strong>(as)</strong></span> <span class='ocrx_word' id='word_1_670' title='bbox 2459 3456 2643 3510; x_wconf 88' lang='lat' dir='ltr'><strong>robur.</strong></span> <span class='ocrx_word' id='word_1_671' title='bbox 2685 3457 2751 3522; x_wconf 58' lang='grc'><strong>34(</strong></span> <span class='ocrx_word' id='word_1_672' title='bbox 2784 3454 2909 3508; x_wconf 74' lang='lat' dir='ltr'><strong>llaec</strong></span> <span class='ocrx_word' id='word_1_673' title='bbox 2947 3453 2970 3521; x_wconf 92' lang='lat'><strong>1</strong></span> <span class='ocrx_word' id='word_1_674' title='bbox 3005 3454 3120 3524; x_wconf 85' lang='lat' dir='ltr'><strong>ipsa</strong></span> <span class='ocrx_word' id='word_1_675' title='bbox 3148 3454 3343 3508; x_wconf 84' lang='lat' dir='ltr'><strong>civitas</strong></span> <span class='ocrx_word' id='word_1_676' title='bbox 3385 3454 3619 3507; x_wconf 79' lang='lat' dir='ltr'><strong>mendax</strong></span> <span class='ocrx_word' id='word_1_677' title='bbox 3654 3469 3666 3504; x_wconf 92' lang='lat'>:</span> 
     </span>
    </p>
   </div>
   <div class='ocr_carea' id='block_1_80' title="bbox 2079 3543 3674 3618">
    <p class='ocr_par' dir='ltr' id='par_1_80' title="bbox 2079 3543 3674 3618">
     <span class='ocr_line' id='line_1_80' title="bbox 2079 3543 3674 3618; baseline -0.004 -14"><span class='ocrx_word' id='word_1_678' title='bbox 2079 3548 2155 3618; x_wconf 67' lang='grc' dir='ltr'><strong>(ν)</strong></span> <span class='ocrx_word' id='word_1_679' title='bbox 2186 3548 2368 3603; x_wconf 89' lang='lat' dir='ltr'><strong>omnis</strong></span> <span class='ocrx_word' id='word_1_680' title='bbox 2414 3549 2489 3615; x_wconf 67' lang='grc' dir='ltr'><strong>(ι)</strong></span> <span class='ocrx_word' id='word_1_681' title='bbox 2516 3547 2802 3617; x_wconf 84' lang='lat' dir='ltr'><strong>oppressio</strong></span> <span class='ocrx_word' id='word_1_682' title='bbox 2833 3546 2886 3599; x_wconf 92' lang='lat' dir='ltr'><strong>iu</strong></span> <span class='ocrx_word' id='word_1_683' title='bbox 2917 3561 2999 3600; x_wconf 85' lang='lat' dir='ltr'><strong>ea.</strong></span> <span class='ocrx_word' id='word_1_684' title='bbox 3051 3548 3102 3599; x_wconf 90' lang='lat'><strong>7.</strong></span> <span class='ocrx_word' id='word_1_685' title='bbox 3141 3543 3208 3599; x_wconf 89' lang='lat' dir='ltr'><strong>Ut</strong></span> <span class='ocrx_word' id='word_1_686' title='bbox 3249 3545 3502 3616; x_wconf 77' lang='lat' dir='ltr'><strong>frigidam</strong></span> <span class='ocrx_word' id='word_1_687' title='bbox 3541 3543 3674 3598; x_wconf 84' lang='lat' dir='ltr'><strong>facit</strong></span> 
     </span>
    </p>
   </div>
   <div class='ocr_carea' id='block_1_81' title="bbox 2076 3635 3669 3707">
    <p class='ocr_par' dir='ltr' id='par_1_81' title="bbox 2076 3635 3669 3707">
     <span class='ocr_line' id='line_1_81' title="bbox 2076 3635 3669 3707; baseline -0.003 -15"><span class='ocrx_word' id='word_1_688' title='bbox 2076 3641 2313 3693; x_wconf 86' lang='lat' dir='ltr'><strong>cisterna</strong></span> <span class='ocrx_word' id='word_1_689' title='bbox 2371 3653 2572 3707; x_wconf 88' lang='lat' dir='ltr'><strong>aquam</strong></span> <span class='ocrx_word' id='word_1_690' title='bbox 2606 3652 2786 3703; x_wconf 85' lang='lat' dir='ltr'><strong>suam,</strong></span> <span class='ocrx_word' id='word_1_691' title='bbox 2815 3637 2885 3691; x_wconf 89' lang='lat' dir='ltr'><strong>ita</strong></span> <span class='ocrx_word' id='word_1_692' title='bbox 2924 3636 3175 3707; x_wconf 71' lang='lat' dir='ltr'><strong>frigidam</strong></span> <span class='ocrx_word' id='word_1_693' title='bbox 3213 3636 3343 3691; x_wconf 84' lang='lat' dir='ltr'><strong>facit</strong></span> <span class='ocrx_word' id='word_1_694' title='bbox 3401 3635 3669 3690; x_wconf 79' lang='lat' dir='ltr'><strong>malitiam</strong></span> 
     </span>
    </p>
   </div>
   <div class='ocr_carea' id='block_1_82' title="bbox 2078 3727 3669 3800">
    <p class='ocr_par' dir='ltr' id='par_1_82' title="bbox 2078 3727 3669 3800">
     <span class='ocr_line' id='line_1_82' title="bbox 2078 3727 3669 3800; baseline -0.004 -14"><span class='ocrx_word' id='word_1_695' title='bbox 2078 3747 2255 3786; x_wconf 87' lang='lat' dir='ltr'><strong>suam.</strong></span> <span class='ocrx_word' id='word_1_696' title='bbox 2337 3732 2588 3800; x_wconf 85' lang='lat' dir='ltr'><strong>Impietas</strong></span> <span class='ocrx_word' id='word_1_697' title='bbox 2625 3771 2640 3795; x_wconf 91' lang='lat'><strong>,</strong></span> <span class='ocrx_word' id='word_1_698' title='bbox 2723 3738 2779 3784; x_wconf 90' lang='lat' dir='ltr'><strong>et</strong></span> <span class='ocrx_word' id='word_1_699' title='bbox 2862 3728 3085 3784; x_wconf 88' lang='lat' dir='ltr'><strong>miseria</strong></span> <span class='ocrx_word' id='word_1_700' title='bbox 3164 3727 3420 3782; x_wconf 88' lang='lat' dir='ltr'><strong>audietur</strong></span> <span class='ocrx_word' id='word_1_701' title='bbox 3480 3728 3534 3781; x_wconf 92' lang='lat' dir='ltr'><strong>in</strong></span> <span class='ocrx_word' id='word_1_702' title='bbox 3605 3741 3669 3779; x_wconf 88' lang='lat' dir='ltr'><strong>ea</strong></span> 
     </span>
    </p>
   </div>
   <div class='ocr_carea' id='block_1_83' title="bbox 2077 3816 3671 3891">
    <p class='ocr_par' dir='ltr' id='par_1_83' title="bbox 2077 3816 3671 3891">
     <span class='ocr_line' id='line_1_83' title="bbox 2077 3816 3671 3891; baseline -0.005 -13"><span class='ocrx_word' id='word_1_703' title='bbox 2077 3838 2241 3891; x_wconf 80' lang='lat' dir='ltr'><strong>super</strong></span> <span class='ocrx_word' id='word_1_704' title='bbox 2307 3820 2501 3875; x_wconf 86' lang='lat' dir='ltr'><strong>faciem</strong></span> <span class='ocrx_word' id='word_1_705' title='bbox 2564 3819 2640 3889; x_wconf 91' lang='lat' dir='ltr'><strong>(a)</strong></span> <span class='ocrx_word' id='word_1_706' title='bbox 2699 3819 2820 3889; x_wconf 86' lang='lat' dir='ltr'><strong>ejus</strong></span> <span class='ocrx_word' id='word_1_707' title='bbox 2894 3834 3127 3889; x_wconf 89' lang='lat' dir='ltr'><strong>semper.</strong></span> <span class='ocrx_word' id='word_1_708' title='bbox 3196 3817 3395 3873; x_wconf 89' lang='lat' dir='ltr'><strong>Dolore</strong></span> <span class='ocrx_word' id='word_1_709' title='bbox 3459 3826 3514 3872; x_wconf 92' lang='lat' dir='ltr'><strong>et</strong></span> <span class='ocrx_word' id='word_1_710' title='bbox 3570 3816 3671 3871; x_wconf 80' lang='lat' dir='ltr'><strong>ﬂa-</strong></span> 
     </span>
    </p>
   </div>
   <div class='ocr_carea' id='block_1_84' title="bbox 2079 3909 3666 3985">
    <p class='ocr_par' dir='ltr' id='par_1_84' title="bbox 2079 3909 3666 3985">
     <span class='ocr_line' id='line_1_84' title="bbox 2079 3909 3666 3985; baseline -0.003 -19"><span class='ocrx_word' id='word_1_711' title='bbox 2079 3914 2219 3985; x_wconf 88' lang='lat' dir='ltr'><strong>gello</strong></span> <span class='ocrx_word' id='word_1_712' title='bbox 2240 3911 2292 3966; x_wconf 87' lang='lat'><strong>8.</strong></span> <span class='ocrx_word' id='word_1_713' title='bbox 2322 3910 2614 3978; x_wconf 87' lang='lat' dir='ltr'><strong>erudieris,</strong></span> <span class='ocrx_word' id='word_1_714' title='bbox 2640 3909 2967 3977; x_wconf 75' lang='lat' dir='ltr'><strong>Jerusalem,</strong></span> <span class='ocrx_word' id='word_1_715' title='bbox 2992 3924 3061 3965; x_wconf 87' lang='lat' dir='ltr'><strong>ne</strong></span> <span class='ocrx_word' id='word_1_716' title='bbox 3092 3910 3310 3965; x_wconf 82' lang='lat' dir='ltr'><strong>recedat</strong></span> <span class='ocrx_word' id='word_1_717' title='bbox 3341 3909 3524 3962; x_wconf 79' lang='lat' dir='ltr'><strong>anima</strong></span> <span class='ocrx_word' id='word_1_718' title='bbox 3547 3923 3666 3962; x_wconf 82' lang='lat' dir='ltr'><strong>mea</strong></span> 
     </span>
    </p>
   </div>
   <div class='ocr_carea' id='block_1_85' title="bbox 2078 4000 3663 4071">
    <p class='ocr_par' dir='ltr' id='par_1_85' title="bbox 2078 4000 3663 4071">
     <span class='ocr_line' id='line_1_85' title="bbox 2078 4000 3663 4071; baseline -0.004 -13"><span class='ocrx_word' id='word_1_719' title='bbox 2078 4022 2108 4058; x_wconf 87' lang='lat' dir='ltr'><strong>a</strong></span> <span class='ocrx_word' id='word_1_720' title='bbox 2146 4015 2215 4067; x_wconf 84' lang='lat' dir='ltr'><strong>te,</strong></span> <span class='ocrx_word' id='word_1_721' title='bbox 2248 4016 2359 4057; x_wconf 90' lang='lat' dir='ltr'><strong>non</strong></span> <span class='ocrx_word' id='word_1_722' title='bbox 2391 4001 2587 4057; x_wconf 85' lang='lat' dir='ltr'><strong>faciam</strong></span> <span class='ocrx_word' id='word_1_723' title='bbox 2614 4012 2665 4056; x_wconf 88' lang='lat' dir='ltr'><strong>te</strong></span> <span class='ocrx_word' id='word_1_724' title='bbox 2694 4013 2893 4057; x_wconf 86' lang='lat' dir='ltr'><strong>terram</strong></span> <span class='ocrx_word' id='word_1_725' title='bbox 2916 4017 3021 4055; x_wconf 89' lang='lat' dir='ltr'><strong>non</strong></span> <span class='ocrx_word' id='word_1_726' title='bbox 3052 4001 3321 4071; x_wconf 82' lang='lat' dir='ltr'><strong>perviam,</strong></span> <span class='ocrx_word' id='word_1_727' title='bbox 3347 4000 3529 4069; x_wconf 77' lang='lat' dir='ltr'><strong>qualis</strong></span> <span class='ocrx_word' id='word_1_728' title='bbox 3552 4013 3663 4052; x_wconf 88' lang='lat' dir='ltr'><strong>non</strong></span> 
     </span>
    </p>
   </div>
   <div class='ocr_carea' id='block_1_86' title="bbox 2079 4091 3669 4162">
    <p class='ocr_par' dir='ltr' id='par_1_86' title="bbox 2079 4091 3669 4162">
     <span class='ocr_line' id='line_1_86' title="bbox 2079 4091 3669 4162; baseline -0.005 -13"><span class='ocrx_word' id='word_1_729' title='bbox 2079 4097 2431 4152; x_wconf 79' lang='lat' dir='ltr'><strong>habitabitur.</strong></span> <span class='ocrx_word' id='word_1_730' title='bbox 2466 4096 2519 4151; x_wconf 87' lang='lat'><strong>9.</strong></span> <span class='ocrx_word' id='word_1_731' title='bbox 2551 4095 2689 4162; x_wconf 84' lang='lat' dir='ltr'><strong>Quia</strong></span> <span class='ocrx_word' id='word_1_732' title='bbox 2721 4095 2834 4149; x_wconf 64' lang='lat' dir='ltr'><strong>haec</strong></span> <span class='ocrx_word' id='word_1_733' title='bbox 2862 4093 2993 4149; x_wconf 82' lang='lat' dir='ltr'><strong>dicit</strong></span> <span class='ocrx_word' id='word_1_734' title='bbox 3040 4092 3307 4147; x_wconf 84' lang='lat' dir='ltr'><strong>Dominus</strong></span> <span class='ocrx_word' id='word_1_735' title='bbox 3367 4091 3669 4144; x_wconf 87' lang='lat' dir='ltr'><strong>virtutum:</strong></span> 
     </span>
    </p>
   </div>
   <div class='ocr_carea' id='block_1_87' title="bbox 2077 4180 3666 4251">
    <p class='ocr_par' dir='ltr' id='par_1_87' title="bbox 2077 4180 3666 4251">
     <span class='ocr_line' id='line_1_87' title="bbox 2077 4180 3666 4251; baseline -0.004 -12"><span class='ocrx_word' id='word_1_736' title='bbox 2077 4186 2390 4251; x_wconf 79' lang='lat' dir='ltr'><strong>Raeemate,</strong></span> <span class='ocrx_word' id='word_1_737' title='bbox 2428 4194 2726 4246; x_wconf 84' lang='lat' dir='ltr'><strong>racemate.</strong></span> <span class='ocrx_word' id='word_1_738' title='bbox 2749 4183 3069 4246; x_wconf 82' lang='lat' dir='ltr'><strong>utvineam,</strong></span> <span class='ocrx_word' id='word_1_739' title='bbox 3110 4182 3372 4251; x_wconf 80' lang='lat' dir='ltr'><strong>reliquias</strong></span> <span class='ocrx_word' id='word_1_740' title='bbox 3405 4180 3666 4235; x_wconf 86' lang='lat' dir='ltr'><strong>lsraelis:</strong></span> 
     </span>
    </p>
   </div>
   <div class='ocr_carea' id='block_1_88' title="bbox 2075 4270 3667 4344">
    <p class='ocr_par' dir='ltr' id='par_1_88' title="bbox 2075 4270 3667 4344">
     <span class='ocr_line' id='line_1_88' title="bbox 2075 4270 3667 4344; baseline -0.004 -12"><span class='ocrx_word' id='word_1_741' title='bbox 2075 4280 2376 4334; x_wconf 79' lang='lat' dir='ltr'><strong>convertite</strong></span> <span class='ocrx_word' id='word_1_742' title='bbox 2407 4290 2526 4343; x_wconf 75' lang='lat' dir='ltr'><strong>Vos,</strong></span> <span class='ocrx_word' id='word_1_743' title='bbox 2575 4288 2634 4332; x_wconf 90' lang='lat' dir='ltr'><strong>ut</strong></span> <span class='ocrx_word' id='word_1_744' title='bbox 2666 4276 3034 4330; x_wconf 82' lang='lat' dir='ltr'><strong>vindemiator</strong></span> <span class='ocrx_word' id='word_1_745' title='bbox 3061 4289 3227 4344; x_wconf 89' lang='lat' dir='ltr'><strong>super</strong></span> <span class='ocrx_word' id='word_1_746' title='bbox 3256 4270 3449 4329; x_wconf 83' lang='lat' dir='ltr'><strong>cistam</strong></span> <span class='ocrx_word' id='word_1_747' title='bbox 3484 4287 3667 4327; x_wconf 84' lang='lat' dir='ltr'><strong>suam.</strong></span> 
     </span>
    </p>
   </div>
   <div class='ocr_carea' id='block_1_89' title="bbox 2078 4362 3675 4440">
    <p class='ocr_par' dir='ltr' id='par_1_89' title="bbox 2078 4362 3675 4440">
     <span class='ocr_line' id='line_1_89' title="bbox 2078 4362 3675 4440; baseline -0.006 -16"><span class='ocrx_word' id='word_1_748' title='bbox 2078 4370 2163 4425; x_wconf 84' lang='lat' dir='ltr'><strong>i0.</strong></span> <span class='ocrx_word' id='word_1_749' title='bbox 2216 4371 2293 4424; x_wconf 75' lang='lat' dir='ltr'><strong>Ad</strong></span> <span class='ocrx_word' id='word_1_750' title='bbox 2350 4382 2512 4440; x_wconf 89' lang='lat' dir='ltr'><strong>quem</strong></span> <span class='ocrx_word' id='word_1_751' title='bbox 2571 4368 2789 4438; x_wconf 84' lang='lat' dir='ltr'><strong>loquar,</strong></span> <span class='ocrx_word' id='word_1_752' title='bbox 2826 4376 2882 4421; x_wconf 89' lang='lat' dir='ltr'><strong>et</strong></span> <span class='ocrx_word' id='word_1_753' title='bbox 2920 4366 3293 4427; x_wconf 81' lang='lat' dir='ltr'><strong>contestabor,</strong></span> <span class='ocrx_word' id='word_1_754' title='bbox 3338 4372 3393 4419; x_wconf 84' lang='lat' dir='ltr'><strong>et</strong></span> <span class='ocrx_word' id='word_1_755' title='bbox 3440 4362 3675 4419; x_wconf 70' lang='lat' dir='ltr'><strong>audiet?</strong></span> 
     </span>
    </p>
   </div>
   <div class='ocr_carea' id='block_1_90' title="bbox 2074 4460 3672 4523">
    <p class='ocr_par' dir='ltr' id='par_1_90' title="bbox 2074 4460 3672 4523">
     <span class='ocr_line' id='line_1_90' title="bbox 2074 4460 3672 4523; baseline -0.007 -6"><span class='ocrx_word' id='word_1_756' title='bbox 2074 4462 2212 4517; x_wconf 82' lang='lat' dir='ltr'><strong>Ecce</strong></span> <span class='ocrx_word' id='word_1_757' title='bbox 2262 4460 2660 4516; x_wconf 69' lang='lat' dir='ltr'><strong>incircumcisaa</strong></span> <span class='ocrx_word' id='word_1_758' title='bbox 2703 4474 2866 4514; x_wconf 88' lang='lat' dir='ltr'><strong>aures</strong></span> <span class='ocrx_word' id='word_1_759' title='bbox 2915 4472 3130 4521; x_wconf 89' lang='lat' dir='ltr'><strong>eorum,</strong></span> <span class='ocrx_word' id='word_1_760' title='bbox 3180 4468 3232 4510; x_wconf 86' lang='lat' dir='ltr'><strong>et</strong></span> <span class='ocrx_word' id='word_1_761' title='bbox 3283 4470 3391 4510; x_wconf 89' lang='lat' dir='ltr'><strong>non</strong></span> <span class='ocrx_word' id='word_1_762' title='bbox 3438 4462 3672 4523; x_wconf 87' lang='lat' dir='ltr'><strong>possunt</strong></span> 
     </span>
    </p>
   </div>
   <div class='ocr_carea' id='block_1_91' title="bbox 2073 4544 3671 4610">
    <p class='ocr_par' dir='ltr' id='par_1_91' title="bbox 2073 4544 3671 4610">
     <span class='ocr_line' id='line_1_91' title="bbox 2073 4544 3671 4610; baseline -0.005 -7"><span class='ocrx_word' id='word_1_763' title='bbox 2073 4551 2283 4605; x_wconf 88' lang='lat' dir='ltr'><strong>audire.</strong></span> <span class='ocrx_word' id='word_1_764' title='bbox 2324 4550 2460 4605; x_wconf 83' lang='lat' dir='ltr'><strong>Ecce</strong></span> <span class='ocrx_word' id='word_1_765' title='bbox 2486 4550 2713 4604; x_wconf 85' lang='lat' dir='ltr'><strong>verbum</strong></span> <span class='ocrx_word' id='word_1_766' title='bbox 2769 4547 2982 4602; x_wconf 89' lang='lat' dir='ltr'><strong>Domini</strong></span> <span class='ocrx_word' id='word_1_767' title='bbox 3015 4546 3217 4600; x_wconf 84' lang='lat' dir='ltr'><strong>factum</strong></span> <span class='ocrx_word' id='word_1_768' title='bbox 3253 4553 3340 4599; x_wconf 83' lang='lat' dir='ltr'><strong>est</strong></span> <span class='ocrx_word' id='word_1_769' title='bbox 3363 4545 3444 4599; x_wconf 83' lang='lat' dir='ltr'><strong>eis</strong></span> <span class='ocrx_word' id='word_1_770' title='bbox 3476 4544 3528 4596; x_wconf 88' lang='lat' dir='ltr'><strong>in</strong></span> <span class='ocrx_word' id='word_1_771' title='bbox 3566 4557 3671 4610; x_wconf 80' lang='lat' dir='ltr'><strong>op-</strong></span> 
     </span>
    </p>
   </div>
   <div class='ocr_carea' id='block_1_92' title="bbox 378 4622 3667 4713">
    <p class='ocr_par' dir='ltr' id='par_1_92' title="bbox 378 4622 3667 4713">
     <span class='ocr_line' id='line_1_92' title="bbox 378 4622 3667 4713; baseline -0.002 -16"><span class='ocrx_word' id='word_1_772' title='bbox 378 4642 600 4697; x_wconf 82' lang='lat' dir='ltr'><strong>suaderi</strong></span> <span class='ocrx_word' id='word_1_773' title='bbox 631 4644 897 4707; x_wconf 85' lang='lat' dir='ltr'><strong>nescium,</strong></span> <span class='ocrx_word' id='word_1_774' title='bbox 931 4640 1009 4710; x_wconf 85' lang='grc' dir='ltr'><strong>(Ιι)</strong></span> <span class='ocrx_word' id='word_1_775' title='bbox 1040 4650 1094 4695; x_wconf 91' lang='lat' dir='ltr'><strong>et</strong></span> <span class='ocrx_word' id='word_1_776' title='bbox 1136 4655 1243 4694; x_wconf 85' lang='lat' dir='ltr'><strong>non</strong></span> <span class='ocrx_word' id='word_1_777' title='bbox 1280 4642 1571 4695; x_wconf 89' lang='lat' dir='ltr'><strong>obediens:</strong></span> <span class='ocrx_word' id='word_1_778' title='bbox 1607 4642 1961 4705; x_wconf 77' lang='lat' dir='ltr'><strong>deﬂexerunt,</strong></span> <span class='ocrx_word' id='word_1_779' title='bbox 2003 4622 2045 4676; x_wconf 67' lang='grc' dir='ltr'>θ</span> <span class='ocrx_word' id='word_1_780' title='bbox 2076 4645 2390 4713; x_wconf 88' lang='lat' dir='ltr'><strong>probrium:</strong></span> <span class='ocrx_word' id='word_1_781' title='bbox 2418 4642 2538 4698; x_wconf 79' lang='lat' dir='ltr'><strong>Non</strong></span> <span class='ocrx_word' id='word_1_782' title='bbox 2569 4643 2753 4697; x_wconf 87' lang='lat' dir='ltr'><strong>volent</strong></span> <span class='ocrx_word' id='word_1_783' title='bbox 2788 4641 2975 4696; x_wconf 89' lang='lat' dir='ltr'><strong>audire</strong></span> <span class='ocrx_word' id='word_1_784' title='bbox 3005 4639 3159 4694; x_wconf 88' lang='lat' dir='ltr'><strong>illud.</strong></span> <span class='ocrx_word' id='word_1_785' title='bbox 3196 4640 3282 4694; x_wconf 89' lang='grc'><strong>11.</strong></span> <span class='ocrx_word' id='word_1_786' title='bbox 3319 4638 3394 4709; x_wconf 87' lang='lat' dir='ltr'><strong>(b)</strong></span> <span class='ocrx_word' id='word_1_787' title='bbox 3425 4638 3489 4692; x_wconf 88' lang='lat' dir='ltr'><strong>Et</strong></span> <span class='ocrx_word' id='word_1_788' title='bbox 3513 4636 3667 4692; x_wconf 87' lang='lat' dir='ltr'><strong>furo-</strong></span> 
     </span>
    </p>
   </div>
   <div class='ocr_carea' id='block_1_93' title="bbox 378 4733 1966 4800">
    <p class='ocr_par' dir='ltr' id='par_1_93' title="bbox 378 4733 1966 4800">
     <span class='ocr_line' id='line_1_93' title="bbox 378 4733 1966 4800; baseline 0.001 -13"><span class='ocrx_word' id='word_1_789' title='bbox 378 4745 433 4788; x_wconf 90' lang='lat' dir='ltr'><strong>et</strong></span> <span class='ocrx_word' id='word_1_790' title='bbox 460 4736 752 4800; x_wconf 87' lang='lat' dir='ltr'><strong>abierunt;</strong></span> <span class='ocrx_word' id='word_1_791' title='bbox 779 4735 869 4789; x_wconf 68' lang='lat'><strong>24.</strong></span> <span class='ocrx_word' id='word_1_792' title='bbox 904 4749 1004 4787; x_wconf 87' lang='lat' dir='ltr'><strong>nec</strong></span> <span class='ocrx_word' id='word_1_793' title='bbox 1026 4734 1282 4786; x_wconf 81' lang='lat' dir='ltr'><strong>dixerunt</strong></span> <span class='ocrx_word' id='word_1_794' title='bbox 1310 4733 1363 4785; x_wconf 94' lang='lat' dir='ltr'><strong>in</strong></span> <span class='ocrx_word' id='word_1_795' title='bbox 1392 4736 1557 4788; x_wconf 90' lang='lat' dir='ltr'><strong>corde</strong></span> <span class='ocrx_word' id='word_1_796' title='bbox 1590 4751 1724 4789; x_wconf 84' lang='lat' dir='ltr'><strong>suo:</strong></span> <span class='ocrx_word' id='word_1_797' title='bbox 1759 4734 1966 4788; x_wconf 85' lang='lat' dir='ltr'><strong>Timea-</strong></span> 
     </span>
    </p>
   </div>
   <div class='ocr_carea' id='block_1_94' title="bbox 377 4820 1961 4894">
    <p class='ocr_par' dir='ltr' id='par_1_94' title="bbox 377 4820 1961 4894">
     <span class='ocr_line' id='line_1_94' title="bbox 377 4820 1961 4894; baseline 0.001 -16"><span class='ocrx_word' id='word_1_798' title='bbox 377 4839 506 4878; x_wconf 86' lang='lat' dir='ltr'><strong>mus</strong></span> <span class='ocrx_word' id='word_1_799' title='bbox 556 4839 700 4878; x_wconf 89' lang='lat' dir='ltr'><strong>nunc</strong></span> <span class='ocrx_word' id='word_1_800' title='bbox 743 4820 1032 4876; x_wconf 89' lang='lat' dir='ltr'><strong>Dominum</strong></span> <span class='ocrx_word' id='word_1_801' title='bbox 1092 4820 1259 4876; x_wconf 80' lang='lat' dir='ltr'><strong>Deum</strong></span> <span class='ocrx_word' id='word_1_802' title='bbox 1319 4834 1587 4887; x_wconf 86' lang='lat' dir='ltr'><strong>nostrum,</strong></span> <span class='ocrx_word' id='word_1_803' title='bbox 1631 4825 1723 4894; x_wconf 86' lang='lat' dir='ltr'><strong>qui</strong></span> <span class='ocrx_word' id='word_1_804' title='bbox 1765 4826 1860 4879; x_wconf 89' lang='lat' dir='ltr'><strong>dat</strong></span> <span class='ocrx_word' id='word_1_805' title='bbox 1898 4839 1961 4879; x_wconf 81' lang='grc' dir='ltr'><strong>-ι-</strong></span> 
     </span>
    </p>
   </div>
   <div class='ocr_carea' id='block_1_95' title="bbox 381 4916 1964 4987">
    <p class='ocr_par' dir='ltr' id='par_1_95' title="bbox 381 4916 1964 4987">
     <span class='ocr_line' id='line_1_95' title="bbox 381 4916 1964 4987; baseline 0.001 -16"><span class='ocrx_word' id='word_1_806' title='bbox 381 4918 541 4973; x_wconf 87' lang='lat' dir='ltr'><strong>uobis</strong></span> <span class='ocrx_word' id='word_1_807' title='bbox 576 4916 860 4987; x_wconf 81' lang='lat' dir='ltr'><strong>1piuviam</strong></span> <span class='ocrx_word' id='word_1_808' title='bbox 904 4916 1282 4985; x_wconf 74' lang='lat' dir='ltr'><strong>tempestivam</strong></span> <span class='ocrx_word' id='word_1_809' title='bbox 1308 4926 1362 4969; x_wconf 82' lang='lat' dir='ltr'><strong>et</strong></span> <span class='ocrx_word' id='word_1_810' title='bbox 1395 4918 1715 4985; x_wconf 87' lang='lat' dir='ltr'><strong>serotinam,</strong></span> <span class='ocrx_word' id='word_1_811' title='bbox 1753 4919 1808 4972; x_wconf 88' lang='lat' dir='ltr'><strong>in</strong></span> <span class='ocrx_word' id='word_1_812' title='bbox 1835 4927 1964 4972; x_wconf 86' lang='lat' dir='ltr'><strong>tem-</strong></span> 
     </span>
    </p>
   </div>
   <div class='ocr_carea' id='block_1_96' title="bbox 454 5125 1114 5197">
    <p class='ocr_par' dir='ltr' id='par_1_96' title="bbox 454 5125 1114 5197">
     <span class='ocr_line' id='line_1_96' title="bbox 454 5125 1114 5197; baseline -0.002 -18"><span class='ocrx_word' id='word_1_813' title='bbox 454 5126 523 5197; x_wconf 73' lang='grc' dir='ltr'><strong>(δ)</strong></span> <span class='ocrx_word' id='word_1_814' title='bbox 575 5125 673 5197; x_wconf 8' lang='grc'><strong>,4.,7</strong></span> <span class='ocrx_word' id='word_1_815' title='bbox 705 5139 869 5195; x_wconf 89' lang='lat' dir='ltr'><strong>super</strong></span> <span class='ocrx_word' id='word_1_816' title='bbox 889 5140 1114 5197; x_wconf 83' lang='lat' dir='ltr'><strong>muros.</strong></span> 
     </span>
    </p>
   </div>
   <div class='ocr_carea' id='block_1_97' title="bbox 382 5195 1615 5266">
    <p class='ocr_par' dir='ltr' id='par_1_97' title="bbox 382 5195 1615 5266">
     <span class='ocr_line' id='line_1_97' title="bbox 382 5195 1615 5266; baseline -0.004 -15"><span class='ocrx_word' id='word_1_817' title='bbox 382 5195 510 5265; x_wconf 85' lang='lat' dir='ltr'><strong>ipse</strong></span> <span class='ocrx_word' id='word_1_818' title='bbox 556 5196 679 5250; x_wconf 83' lang='lat' dir='ltr'><strong>est?</strong></span> <span class='ocrx_word' id='word_1_819' title='bbox 732 5199 808 5266; x_wconf 67' lang='grc' dir='ltr'><strong>(ῃ)</strong></span> <span class='ocrx_word' id='word_1_820' title='bbox 861 5195 1259 5266; x_wconf 26' lang='grc' dir='ltr'><strong>Α.,ηι·οι›ιιειιι.</strong></span> <span class='ocrx_word' id='word_1_821' title='bbox 1294 5195 1378 5259; x_wconf 87' lang='grc'><strong>8.,</strong></span> <span class='ocrx_word' id='word_1_822' title='bbox 1438 5195 1615 5266; x_wconf 67' lang='lat' dir='ltr'><strong>fortis.</strong></span> 
     </span>
    </p>
   </div>
   <div class='ocr_carea' id='block_1_98' title="bbox 377 5262 1587 5336">
    <p class='ocr_par' dir='ltr' id='par_1_98' title="bbox 377 5262 1587 5336">
     <span class='ocr_line' id='line_1_98' title="bbox 377 5262 1587 5336; baseline -0.005 -15"><span class='ocrx_word' id='word_1_823' title='bbox 377 5262 436 5321; x_wconf 77' lang='lat' dir='ltr'><strong>et</strong></span> <span class='ocrx_word' id='word_1_824' title='bbox 468 5268 630 5321; x_wconf 83' lang='lat' dir='ltr'><strong>boves</strong></span> <span class='ocrx_word' id='word_1_825' title='bbox 656 5262 798 5320; x_wconf 67' lang='lat' dir='ltr'><strong>tuos.</strong></span> <span class='ocrx_word' id='word_1_826' title='bbox 853 5267 930 5336; x_wconf 72' lang='grc' dir='ltr'><strong>(ὁ)</strong></span> <span class='ocrx_word' id='word_1_827' title='bbox 966 5265 1031 5319; x_wconf 84' lang='lat' dir='ltr'><strong>Et</strong></span> <span class='ocrx_word' id='word_1_828' title='bbox 1060 5266 1306 5321; x_wconf 82' lang='lat' dir='ltr'><strong>foedabit.</strong></span> <span class='ocrx_word' id='word_1_829' title='bbox 1352 5266 1421 5336; x_wconf 76' lang='grc' dir='ltr'><strong>(ο)</strong></span> <span class='ocrx_word' id='word_1_830' title='bbox 1459 5262 1587 5336; x_wconf 74' lang='lat' dir='ltr'><strong>Vos.</strong></span> 
     </span>
    </p>
   </div>
   <div class='ocr_carea' id='block_1_99' title="bbox 1190 5123 2193 5195">
    <p class='ocr_par' dir='ltr' id='par_1_99' title="bbox 1190 5123 2193 5195">
     <span class='ocr_line' id='line_1_99' title="bbox 1190 5123 2193 5195; baseline 0.002 -18"><span class='ocrx_word' id='word_1_831' title='bbox 1190 5125 1254 5195; x_wconf 87' lang='grc' dir='ltr'><strong>(ι)</strong></span> <span class='ocrx_word' id='word_1_832' title='bbox 1294 5124 1516 5179; x_wconf 87' lang='lat' dir='ltr'><strong>Portate</strong></span> <span class='ocrx_word' id='word_1_833' title='bbox 1550 5133 1913 5179; x_wconf 88' lang='lat' dir='ltr'><strong>commeatus.</strong></span> <span class='ocrx_word' id='word_1_834' title='bbox 1984 5123 2063 5194; x_wconf 73' lang='grc' dir='ltr'><strong>(α)</strong></span> <span class='ocrx_word' id='word_1_835' title='bbox 2103 5127 2193 5188; x_wconf 77' lang='grc' dir='ltr'><strong>Α..</strong></span> 
     </span>
    </p>
   </div>
   <div class='ocr_carea' id='block_1_100' title="bbox 1667 5192 3669 5266">
    <p class='ocr_par' dir='ltr' id='par_1_100' title="bbox 1667 5192 3669 5266">
     <span class='ocr_line' id='line_1_100' title="bbox 1667 5192 3669 5266; baseline -0.001 -20"><span class='ocrx_word' id='word_1_836' title='bbox 1667 5196 1740 5262; x_wconf 67' lang='grc' dir='ltr'><strong>(ι)</strong></span> <span class='ocrx_word' id='word_1_837' title='bbox 1786 5192 2053 5266; x_wconf 62' lang='lat' dir='ltr'><strong>Reliqui,</strong></span> <span class='ocrx_word' id='word_1_838' title='bbox 2099 5198 2259 5266; x_wconf 90' lang='lat' dir='ltr'><strong>cujus</strong></span> <span class='ocrx_word' id='word_1_839' title='bbox 2306 5214 2413 5250; x_wconf 90' lang='lat' dir='ltr'><strong>nou</strong></span> <span class='ocrx_word' id='word_1_840' title='bbox 2475 5192 2798 5266; x_wconf 73' lang='lat' dir='ltr'><strong>cognosces.</strong></span> <span class='ocrx_word' id='word_1_841' title='bbox 2832 5198 2930 5266; x_wconf 80' lang='grc' dir='ltr'><strong>(α).</strong></span> <span class='ocrx_word' id='word_1_842' title='bbox 2968 5195 3088 5266; x_wconf 57' lang='grc' dir='ltr'><strong>ᾼη-</strong></span> <span class='ocrx_word' id='word_1_843' title='bbox 3109 5192 3191 5256; x_wconf 65' lang='grc'><strong>8.,</strong></span> <span class='ocrx_word' id='word_1_844' title='bbox 3230 5210 3446 5264; x_wconf 80' lang='lat' dir='ltr'><strong>gregem</strong></span> <span class='ocrx_word' id='word_1_845' title='bbox 3487 5202 3669 5247; x_wconf 88' lang='lat' dir='ltr'><strong>tuum.</strong></span> 
     </span>
    </p>
   </div>
   <div class='ocr_carea' id='block_1_101' title="bbox 1654 5262 3671 5335">
    <p class='ocr_par' dir='ltr' id='par_1_101' title="bbox 1654 5262 3671 5335">
     <span class='ocr_line' id='line_1_101' title="bbox 1654 5262 3671 5335; baseline 0 -18"><span class='ocrx_word' id='word_1_846' title='bbox 1654 5266 1731 5335; x_wconf 83' lang='lat' dir='ltr'><strong>(d)</strong></span> <span class='ocrx_word' id='word_1_847' title='bbox 1762 5265 1855 5327; x_wconf 81' lang='lat' dir='ltr'><strong>A.,</strong></span> <span class='ocrx_word' id='word_1_848' title='bbox 1896 5262 2017 5329; x_wconf 83' lang='grc' dir='ltr'><strong>ΤΙι.,</strong></span> <span class='ocrx_word' id='word_1_849' title='bbox 2056 5262 2569 5334; x_wconf 57' lang='lat' dir='ltr'><strong>queinadmodumf</strong></span> <span class='ocrx_word' id='word_1_850' title='bbox 2606 5266 2674 5334; x_wconf 82' lang='grc' dir='ltr'><strong>(ε)</strong></span> <span class='ocrx_word' id='word_1_851' title='bbox 2700 5264 2897 5318; x_wconf 79' lang='lat' dir='ltr'><strong>Falsis.</strong></span> <span class='ocrx_word' id='word_1_852' title='bbox 2940 5264 3006 5335; x_wconf 76' lang='lat' dir='ltr'><strong>if)</strong></span> <span class='ocrx_word' id='word_1_853' title='bbox 3049 5262 3133 5328; x_wconf 92' lang='lat' dir='ltr'><strong>S.,</strong></span> <span class='ocrx_word' id='word_1_854' title='bbox 3167 5262 3352 5329; x_wconf 76' lang='lat' dir='ltr'><strong>stulte,</strong></span> <span class='ocrx_word' id='word_1_855' title='bbox 3385 5274 3440 5318; x_wconf 89' lang='lat' dir='ltr'><strong>et</strong></span> <span class='ocrx_word' id='word_1_856' title='bbox 3471 5278 3671 5335; x_wconf 77' lang='lat' dir='ltr'><strong>expers</strong></span> 
     </span>
    </p>
   </div>
   <div class='ocr_carea' id='block_1_102' title="bbox 2074 4731 3668 4804">
    <p class='ocr_par' dir='ltr' id='par_1_102' title="bbox 2074 4731 3668 4804">
     <span class='ocr_line' id='line_1_102' title="bbox 2074 4731 3668 4804; baseline -0.003 -18"><span class='ocrx_word' id='word_1_857' title='bbox 2074 4748 2189 4788; x_wconf 88' lang='lat' dir='ltr'><strong>rem</strong></span> <span class='ocrx_word' id='word_1_858' title='bbox 2213 4749 2392 4788; x_wconf 89' lang='lat' dir='ltr'><strong>meum</strong></span> <span class='ocrx_word' id='word_1_859' title='bbox 2421 4733 2661 4804; x_wconf 75' lang='lat' dir='ltr'><strong>implevi,</strong></span> <span class='ocrx_word' id='word_1_860' title='bbox 2697 4735 2771 4802; x_wconf 71' lang='grc' dir='ltr'><strong>(ιδ)</strong></span> <span class='ocrx_word' id='word_1_861' title='bbox 2794 4741 2847 4786; x_wconf 86' lang='lat' dir='ltr'><strong>et</strong></span> <span class='ocrx_word' id='word_1_862' title='bbox 2872 4731 3119 4795; x_wconf 86' lang='lat' dir='ltr'><strong>cohibui,</strong></span> <span class='ocrx_word' id='word_1_863' title='bbox 3146 4740 3202 4785; x_wconf 85' lang='lat' dir='ltr'><strong>et</strong></span> <span class='ocrx_word' id='word_1_864' title='bbox 3232 4731 3516 4787; x_wconf 85' lang='lat' dir='ltr'><strong>consumsi</strong></span> <span class='ocrx_word' id='word_1_865' title='bbox 3546 4744 3668 4783; x_wconf 81' lang='lat' dir='ltr'><strong>eos.</strong></span> 
     </span>
    </p>
   </div>
   <div class='ocr_carea' id='block_1_103' title="bbox 2074 4822 3666 4896">
    <p class='ocr_par' dir='ltr' id='par_1_103' title="bbox 2074 4822 3666 4896">
     <span class='ocr_line' id='line_1_103' title="bbox 2074 4822 3666 4896; baseline -0.003 -19"><span class='ocrx_word' id='word_1_866' title='bbox 2074 4824 2361 4880; x_wconf 77' lang='lat' dir='ltr'><strong>Edundam</strong></span> <span class='ocrx_word' id='word_1_867' title='bbox 2390 4841 2553 4896; x_wconf 88' lang='lat' dir='ltr'><strong>super</strong></span> <span class='ocrx_word' id='word_1_868' title='bbox 2585 4840 2786 4896; x_wconf 88' lang='lat' dir='ltr'><strong>pueros</strong></span> <span class='ocrx_word' id='word_1_869' title='bbox 2818 4840 2847 4878; x_wconf 89' lang='lat' dir='ltr'><strong>a</strong></span> <span class='ocrx_word' id='word_1_870' title='bbox 2884 4822 3042 4888; x_wconf 87' lang='lat' dir='ltr'><strong>foris,</strong></span> <span class='ocrx_word' id='word_1_871' title='bbox 3084 4833 3139 4878; x_wconf 89' lang='lat' dir='ltr'><strong>et</strong></span> <span class='ocrx_word' id='word_1_872' title='bbox 3166 4836 3331 4892; x_wconf 78' lang='lat' dir='ltr'><strong>super</strong></span> <span class='ocrx_word' id='word_1_873' title='bbox 3360 4836 3666 4889; x_wconf 75' lang='lat' dir='ltr'><strong>congrega-</strong></span> 
     </span>
    </p>
   </div>
   <div class='ocr_carea' id='block_1_104' title="bbox 2074 4914 3672 4987">
    <p class='ocr_par' dir='ltr' id='par_1_104' title="bbox 2074 4914 3672 4987">
     <span class='ocr_line' id='line_1_104' title="bbox 2074 4914 3672 4987; baseline -0.003 -16"><span class='ocrx_word' id='word_1_874' title='bbox 2074 4918 2274 4971; x_wconf 73' lang='lat' dir='ltr'><strong>tionem</strong></span> <span class='ocrx_word' id='word_1_875' title='bbox 2308 4918 2385 4987; x_wconf 77' lang='grc' dir='ltr'><strong>(ά)</strong></span> <span class='ocrx_word' id='word_1_876' title='bbox 2408 4918 2669 4987; x_wconf 87' lang='lat' dir='ltr'><strong>juvenum</strong></span> <span class='ocrx_word' id='word_1_877' title='bbox 2697 4918 2897 4983; x_wconf 83' lang='lat' dir='ltr'><strong>simul;</strong></span> <span class='ocrx_word' id='word_1_878' title='bbox 2925 4917 3055 4986; x_wconf 84' lang='lat' dir='ltr'><strong>quia</strong></span> <span class='ocrx_word' id='word_1_879' title='bbox 3079 4915 3160 4969; x_wconf 87' lang='lat' dir='ltr'><strong>vir</strong></span> <span class='ocrx_word' id='word_1_880' title='bbox 3192 4924 3247 4969; x_wconf 90' lang='lat' dir='ltr'><strong>et</strong></span> <span class='ocrx_word' id='word_1_881' title='bbox 3270 4930 3411 4969; x_wconf 74' lang='lat' dir='ltr'><strong>uxor</strong></span> <span class='ocrx_word' id='word_1_882' title='bbox 3448 4914 3672 4983; x_wconf 75' lang='lat' dir='ltr'><strong>capien~</strong></span> 
     </span>
    </p>
   </div>
   <div class='ocr_carea' id='block_1_105' title="bbox 2252 5124 3665 5194">
    <p class='ocr_par' dir='ltr' id='par_1_105' title="bbox 2252 5124 3665 5194">
     <span class='ocr_line' id='line_1_105' title="bbox 2252 5124 3665 5194; baseline -0.001 -15"><span class='ocrx_word' id='word_1_883' title='bbox 2252 5142 2358 5180; x_wconf 92' lang='lat' dir='ltr'><strong>non</strong></span> <span class='ocrx_word' id='word_1_884' title='bbox 2392 5125 2628 5188; x_wconf 90' lang='lat' dir='ltr'><strong>Domini,</strong></span> <span class='ocrx_word' id='word_1_885' title='bbox 2698 5125 2777 5194; x_wconf 70' lang='grc' dir='ltr'><strong>(ας)</strong></span> <span class='ocrx_word' id='word_1_886' title='bbox 2820 5125 2909 5188; x_wconf 78' lang='grc' dir='ltr'><strong>Α.,</strong></span> <span class='ocrx_word' id='word_1_887' title='bbox 2966 5139 3077 5177; x_wconf 88' lang='lat' dir='ltr'><strong>non</strong></span> <span class='ocrx_word' id='word_1_888' title='bbox 3122 5125 3277 5194; x_wconf 71' lang='lat' dir='ltr'><strong>ipse.</strong></span> <span class='ocrx_word' id='word_1_889' title='bbox 3334 5124 3424 5187; x_wconf 89' lang='lat' dir='ltr'><strong>S.,</strong></span> <span class='ocrx_word' id='word_1_890' title='bbox 3477 5137 3665 5178; x_wconf 88' lang='lat' dir='ltr'><strong>annon</strong></span> 
     </span>
    </p>
   </div>
   <div class='ocr_carea' id='block_1_106' title="bbox 382 5330 3669 5456">
    <p class='ocr_par' dir='ltr' id='par_1_106' title="bbox 382 5330 3669 5456">
     <span class='ocr_line' id='line_1_106' title="bbox 382 5330 3669 5456; baseline -0.001 -67"><span class='ocrx_word' id='word_1_891' title='bbox 382 5336 603 5417; x_wconf 73' lang='lat' dir='ltr'><strong>mentis.</strong></span> <span class='ocrx_word' id='word_1_892' title='bbox 681 5337 754 5456; x_wconf 51' lang='grc' dir='ltr'><strong>(ἕ)</strong></span> <span class='ocrx_word' id='word_1_893' title='bbox 913 5330 1203 5391; x_wconf 77' lang='lat' dir='ltr'><strong>statutum.</strong></span> <span class='ocrx_word' id='word_1_894' title='bbox 1236 5330 1474 5417; x_wconf 69' lang='grc' dir='ltr'><strong>⁹(Ιι)“ᾼ.,</strong></span> <span class='ocrx_word' id='word_1_895' title='bbox 1532 5330 1618 5397; x_wconf 86' lang='grc'><strong>8.,</strong></span> <span class='ocrx_word' id='word_1_896' title='bbox 1648 5330 1989 5416; x_wconf 54' lang='grc' dir='ltr'><strong>ελιίηςίιξιιιε.</strong></span> <span class='ocrx_word' id='word_1_897' title='bbox 2041 5330 2105 5403; x_wconf 74' lang='grc' dir='ltr'><strong>(ξ’)</strong></span> <span class='ocrx_word' id='word_1_898' title='bbox 2141 5342 2234 5398; x_wconf 78' lang='grc' dir='ltr'><strong>Α..</strong></span> <span class='ocrx_word' id='word_1_899' title='bbox 2277 5335 2361 5400; x_wconf 89' lang='grc'><strong>8.,</strong></span> <span class='ocrx_word' id='word_1_900' title='bbox 2395 5330 2715 5404; x_wconf 78' lang='lat' dir='ltr'><strong>septimanae</strong></span> <span class='ocrx_word' id='word_1_901' title='bbox 2770 5330 3221 5416; x_wconf 11' lang='lat' dir='ltr'><strong>statutii&#39;messis‘,</strong></span> <span class='ocrx_word' id='word_1_902' title='bbox 3279 5335 3375 5400; x_wconf 89' lang='lat' dir='ltr'><strong>qui</strong></span> <span class='ocrx_word' id='word_1_903' title='bbox 3430 5330 3669 5413; x_wconf 79' lang='lat' dir='ltr'><strong>custodit</strong></span> 
     </span>
     <span class='ocr_line' id='line_1_107' title="bbox 382 5403 3669 5456; baseline 0 0"><span class='ocrx_word' id='word_1_904' title='bbox 382 5407 561 5456; x_wconf 77' lang='lat' dir='ltr'><strong>liObiS.</strong></span> <span class='ocrx_word' id='word_1_905' title='bbox 589 5403 660 5456; x_wconf 77' lang='lat' dir='ltr'><strong>(Iri</strong></span> <span class='ocrx_word' id='word_1_906' title='bbox 737 5444 776 5456; x_wconf 89' lang='lat'><strong>..</strong></span> <span class='ocrx_word' id='word_1_907' title='bbox 807 5408 1096 5456; x_wconf 81' lang='lat' dir='ltr'><strong>rliusiouis.</strong></span> <span class='ocrx_word' id='word_1_908' title='bbox 1127 5406 1208 5456; x_wconf 92' lang='grc'><strong>8..</strong></span> <span class='ocrx_word' id='word_1_909' title='bbox 1234 5405 1579 5456; x_wconf 72' lang='lat' dir='ltr'><strong>msudtarum.</strong></span> <span class='ocrx_word' id='word_1_910' title='bbox 1613 5405 1674 5456; x_wconf 78' lang='lat' dir='ltr'><strong>ll!</strong></span> <span class='ocrx_word' id='word_1_911' title='bbox 1700 5403 1995 5456; x_wconf 70' lang='lat' dir='ltr'><strong>ludicrum.</strong></span> <span class='ocrx_word' id='word_1_912' title='bbox 2031 5408 2126 5456; x_wconf 84' lang='lat' dir='ltr'><strong>(mi</strong></span> <span class='ocrx_word' id='word_1_913' title='bbox 2158 5408 2244 5456; x_wconf 81' lang='grc' dir='ltr'><strong>Α-.</strong></span> <span class='ocrx_word' id='word_1_914' title='bbox 2277 5409 2362 5456; x_wconf 86' lang='grc'><strong>8..</strong></span> <span class='ocrx_word' id='word_1_915' title='bbox 2387 5419 2705 5456; x_wconf 86' lang='lat' dir='ltr'><strong>nauuerum.</strong></span> <span class='ocrx_word' id='word_1_916' title='bbox 2730 5406 2808 5456; x_wconf 82' lang='lat' dir='ltr'><strong>(ni</strong></span> <span class='ocrx_word' id='word_1_917' title='bbox 2841 5406 2931 5456; x_wconf 82' lang='lat' dir='ltr'><strong>A..</strong></span> <span class='ocrx_word' id='word_1_918' title='bbox 2964 5414 3265 5456; x_wconf 82' lang='lat' dir='ltr'><strong>corruutto.</strong></span> <span class='ocrx_word' id='word_1_919' title='bbox 3297 5404 3382 5456; x_wconf 91' lang='grc'><strong>8..</strong></span> <span class='ocrx_word' id='word_1_920' title='bbox 3404 5418 3669 5456; x_wconf 77' lang='lat' dir='ltr'><strong>commis-</strong></span> 
     </span>
    </p>
   </div>
   <div class='ocr_carea' id='block_1_107' title="bbox 379 5403 662 5490">
    <p class='ocr_par' dir='ltr' id='par_1_107' title="bbox 379 5403 662 5490">
     <span class='ocr_line' id='line_1_108' title="bbox 379 5403 662 5490; baseline 0 0"><span class='ocrx_word' id='word_1_921' title='bbox 379 5403 662 5490; x_wconf 53' lang='lat' dir='ltr'><strong>uobis-ﬂii</strong></span> 
     </span>
    </p>
   </div>
   <div class='ocr_carea' id='block_1_108' title="bbox 737 5403 1975 5476">
    <p class='ocr_par' dir='ltr' id='par_1_108' title="bbox 737 5403 1974 5475">
     <span class='ocr_line' id='line_1_109' title="bbox 737 5403 1974 5475; baseline 0.001 -19"><span class='ocrx_word' id='word_1_922' title='bbox 737 5444 776 5469; x_wconf 94' lang='lat'><strong>.,</strong></span> <span class='ocrx_word' id='word_1_923' title='bbox 807 5407 1096 5461; x_wconf 87' lang='lat' dir='ltr'><strong>illusiouis.</strong></span> <span class='ocrx_word' id='word_1_924' title='bbox 1127 5406 1209 5469; x_wconf 90' lang='grc'><strong>8.,</strong></span> <span class='ocrx_word' id='word_1_925' title='bbox 1234 5403 1579 5460; x_wconf 84' lang='lat' dir='ltr'><strong>insidiarum.</strong></span> <span class='ocrx_word' id='word_1_926' title='bbox 1613 5405 1674 5475; x_wconf 70' lang='grc' dir='ltr'><strong>(Ι)</strong></span> <span class='ocrx_word' id='word_1_927' title='bbox 1700 5403 1974 5459; x_wconf 90' lang='lat' dir='ltr'><strong>Judicium</strong></span> 
     </span>
    </p>
   </div>
   <div class='ocr_carea' id='block_1_109' title="bbox 2080 5403 3669 5476">
    <p class='ocr_par' dir='ltr' id='par_1_109' title="bbox 2080 5403 3669 5476">
     <span class='ocr_line' id='line_1_110' title="bbox 2080 5403 3669 5476; baseline 0.001 -21"><span class='ocrx_word' id='word_1_928' title='bbox 2080 5408 2126 5475; x_wconf 76' lang='grc' dir='ltr'><strong>η)</strong></span> <span class='ocrx_word' id='word_1_929' title='bbox 2158 5408 2244 5468; x_wconf 78' lang='grc' dir='ltr'><strong>Α..</strong></span> <span class='ocrx_word' id='word_1_930' title='bbox 2277 5409 2363 5468; x_wconf 79' lang='grc'><strong>8.,</strong></span> <span class='ocrx_word' id='word_1_931' title='bbox 2387 5403 2705 5476; x_wconf 86' lang='lat' dir='ltr'><strong>pauperum.</strong></span> <span class='ocrx_word' id='word_1_932' title='bbox 2730 5406 2808 5473; x_wconf 81' lang='grc' dir='ltr'><strong>(η)</strong></span> <span class='ocrx_word' id='word_1_933' title='bbox 2841 5406 2931 5476; x_wconf 58' lang='grc' dir='ltr'><strong>Α.ἐ</strong></span> <span class='ocrx_word' id='word_1_934' title='bbox 2964 5405 3265 5472; x_wconf 89' lang='lat' dir='ltr'><strong>corruptio.</strong></span> <span class='ocrx_word' id='word_1_935' title='bbox 3297 5404 3382 5467; x_wconf 84' lang='lat'><strong>8.,</strong></span> <span class='ocrx_word' id='word_1_936' title='bbox 3404 5405 3669 5476; x_wconf 82' lang='lat' dir='ltr'><strong>commis-</strong></span> 
     </span>
    </p>
   </div>
   <div class='ocr_carea' id='block_1_110' title="bbox 382 5472 3665 5548">
    <p class='ocr_par' dir='ltr' id='par_1_110' title="bbox 382 5472 3665 5548">
     <span class='ocr_line' id='line_1_111' title="bbox 382 5472 3665 5548; baseline -0.002 -19"><span class='ocrx_word' id='word_1_937' title='bbox 382 5478 480 5530; x_wconf 73' lang='grc' dir='ltr'>ιιι).</span> <span class='ocrx_word' id='word_1_938' title='bbox 515 5476 589 5548; x_wconf 88' lang='grc' dir='ltr'><strong>(ο)</strong></span> <span class='ocrx_word' id='word_1_939' title='bbox 624 5472 801 5548; x_wconf 79' lang='lat' dir='ltr'><strong>Falsa.</strong></span> <span class='ocrx_word' id='word_1_940' title='bbox 830 5481 905 5545; x_wconf 83' lang='lat' dir='ltr'><strong>(p)</strong></span> <span class='ocrx_word' id='word_1_941' title='bbox 930 5476 999 5548; x_wconf 82' lang='lat' dir='ltr'><strong>_lu</strong></span> <span class='ocrx_word' id='word_1_942' title='bbox 1048 5477 1247 5548; x_wconf 88' lang='lat' dir='ltr'><strong>medio.</strong></span> <span class='ocrx_word' id='word_1_943' title='bbox 1280 5477 1357 5545; x_wconf 84' lang='lat' dir='ltr'><strong>(q)</strong></span> <span class='ocrx_word' id='word_1_944' title='bbox 1391 5478 1481 5548; x_wconf 64' lang='lat' dir='ltr'><strong>A_.,</strong></span> <span class='ocrx_word' id='word_1_945' title='bbox 1527 5486 1580 5529; x_wconf 91' lang='lat' dir='ltr'><strong>et</strong></span> <span class='ocrx_word' id='word_1_946' title='bbox 1612 5472 2032 5548; x_wconf 79' lang='lat' dir='ltr'><strong>superdomum</strong></span> <span class='ocrx_word' id='word_1_947' title='bbox 2061 5472 2297 5548; x_wconf 68' lang='lat' dir='ltr'><strong>(Sarmeii</strong></span> <span class='ocrx_word' id='word_1_948' title='bbox 2324 5472 2762 5548; x_wconf 72' lang='lat' dir='ltr'><strong>elevatci&#39;ncem.</strong></span> <span class='ocrx_word' id='word_1_949' title='bbox 2792 5472 2866 5548; x_wconf 64' lang='grc' dir='ltr'><strong>(ιτ)</strong></span> <span class='ocrx_word' id='word_1_950' title='bbox 2895 5472 2976 5548; x_wconf 84' lang='grc'><strong>8.,</strong></span> <span class='ocrx_word' id='word_1_951' title='bbox 3022 5483 3269 5548; x_wconf 73' lang='lat' dir='ltr'><strong>venustae</strong></span> <span class='ocrx_word' id='word_1_952' title='bbox 3315 5484 3373 5528; x_wconf 90' lang='lat' dir='ltr'><strong>ct</strong></span> <span class='ocrx_word' id='word_1_953' title='bbox 3413 5473 3665 5548; x_wconf 57' lang='lat' dir='ltr'><strong>delicatae</strong></span> 
     </span>
    </p>
   </div>
   <div class='ocr_carea' id='block_1_111' title="bbox 385 5539 1975 5617">
    <p class='ocr_par' dir='ltr' id='par_1_111' title="bbox 385 5539 1975 5617">
     <span class='ocr_line' id='line_1_112' title="bbox 385 5539 1975 5617; baseline -0.001 -17"><span class='ocrx_word' id='word_1_954' title='bbox 385 5539 689 5617; x_wconf 67' lang='lat' dir='ltr'><strong>assimilavi</strong></span> <span class='ocrx_word' id='word_1_955' title='bbox 725 5539 895 5600; x_wconf 77' lang='lat' dir='ltr'><strong>filiam</strong></span> <span class='ocrx_word' id='word_1_956' title='bbox 922 5545 1130 5600; x_wconf 89' lang='lat' dir='ltr'><strong>Sionis.</strong></span> <span class='ocrx_word' id='word_1_957' title='bbox 1171 5546 1241 5617; x_wconf 73' lang='grc' dir='ltr'><strong>(ε)</strong></span> <span class='ocrx_word' id='word_1_958' title='bbox 1275 5539 1367 5617; x_wconf 46' lang='lat' dir='ltr'><strong>AT,</strong></span> <span class='ocrx_word' id='word_1_959' title='bbox 1420 5544 1503 5607; x_wconf 89' lang='grc'><strong>8.,</strong></span> <span class='ocrx_word' id='word_1_960' title='bbox 1538 5554 1592 5599; x_wconf 92' lang='lat' dir='ltr'><strong>ct</strong></span> <span class='ocrx_word' id='word_1_961' title='bbox 1626 5539 1839 5617; x_wconf 69' lang='lat' dir='ltr'><strong>stabula</strong></span> <span class='ocrx_word' id='word_1_962' title='bbox 1883 5559 1975 5599; x_wconf 91' lang='lat' dir='ltr'><strong>eor</strong></span> 
     </span>
    </p>
   </div>
   <div class='ocr_carea' id='block_1_112' title="bbox 2080 5539 3663 5617">
    <p class='ocr_par' dir='ltr' id='par_1_112' title="bbox 2083 5539 3663 5617">
     <span class='ocr_line' id='line_1_113' title="bbox 2083 5539 3663 5617; baseline -0.004 -19"><span class='ocrx_word' id='word_1_963' title='bbox 2083 5585 2096 5598; x_wconf 94' lang='lat'><strong>.</strong></span> <span class='ocrx_word' id='word_1_964' title='bbox 2143 5547 2211 5615; x_wconf 81' lang='grc' dir='ltr'><strong>(ι)</strong></span> <span class='ocrx_word' id='word_1_965' title='bbox 2241 5545 2377 5600; x_wconf 88' lang='lat' dir='ltr'><strong>Diei.</strong></span> <span class='ocrx_word' id='word_1_966' title='bbox 2410 5545 2489 5614; x_wconf 83' lang='grc' dir='ltr'>(ιι)</span> <span class='ocrx_word' id='word_1_967' title='bbox 2521 5544 2614 5617; x_wconf 79' lang='grc' dir='ltr'><strong>Α.,</strong></span> <span class='ocrx_word' id='word_1_968' title='bbox 2645 5543 2727 5608; x_wconf 86' lang='grc'><strong>8.,</strong></span> <span class='ocrx_word' id='word_1_969' title='bbox 2763 5539 2982 5611; x_wconf 76' lang='lat' dir='ltr'><strong>palatia.</strong></span> <span class='ocrx_word' id='word_1_970' title='bbox 3017 5545 3097 5612; x_wconf 72' lang='grc' dir='ltr'><strong>(ω)</strong></span> <span class='ocrx_word' id='word_1_971' title='bbox 3141 5548 3428 5613; x_wconf 80' lang='lat' dir='ltr'><strong>Aggerem.</strong></span> <span class='ocrx_word' id='word_1_972' title='bbox 3467 5539 3663 5617; x_wconf 73' lang='lat' dir='ltr'><strong>(y_i_S_.,</strong></span> 
     </span>
    </p>
   </div>
   <div class='ocr_carea' id='block_1_113' title="bbox 387 5612 3656 5686">
    <p class='ocr_par' dir='ltr' id='par_1_113' title="bbox 387 5612 3656 5686">
     <span class='ocr_line' id='line_1_114' title="bbox 387 5612 3656 5686; baseline -0.001 -18"><span class='ocrx_word' id='word_1_973' title='bbox 387 5615 525 5680; x_wconf 86' lang='lat' dir='ltr'><strong>ipsa,</strong></span> <span class='ocrx_word' id='word_1_974' title='bbox 552 5632 677 5686; x_wconf 71' lang='lat' dir='ltr'><strong>quae</strong></span> <span class='ocrx_word' id='word_1_975' title='bbox 709 5625 817 5671; x_wconf 81' lang='lat' dir='ltr'><strong>tota</strong></span> <span class='ocrx_word' id='word_1_976' title='bbox 843 5617 1002 5685; x_wconf 89' lang='lat' dir='ltr'><strong>plena</strong></span> <span class='ocrx_word' id='word_1_977' title='bbox 1028 5626 1109 5669; x_wconf 87' lang='lat' dir='ltr'><strong>est</strong></span> <span class='ocrx_word' id='word_1_978' title='bbox 1138 5612 1408 5686; x_wconf 60' lang='lat' dir='ltr'><strong>in&#39;uzeJio</strong></span> <span class='ocrx_word' id='word_1_979' title='bbox 1430 5630 1554 5686; x_wconf 83' lang='lat' dir='ltr'><strong>suo.</strong></span> <span class='ocrx_word' id='word_1_980' title='bbox 1588 5615 1664 5686; x_wconf 64' lang='grc' dir='ltr'><strong>(ι)</strong></span> <span class='ocrx_word' id='word_1_981' title='bbox 1702 5613 1788 5679; x_wconf 88' lang='grc'><strong>8.,</strong></span> <span class='ocrx_word' id='word_1_982' title='bbox 1823 5612 2210 5685; x_wconf 81' lang='lat' dir='ltr'><strong>oppressioncs</strong></span> <span class='ocrx_word' id='word_1_983' title='bbox 2243 5618 2296 5670; x_wconf 92' lang='lat' dir='ltr'><strong>in</strong></span> <span class='ocrx_word' id='word_1_984' title='bbox 2332 5612 2512 5671; x_wconf 87' lang='lat' dir='ltr'><strong>medio</strong></span> <span class='ocrx_word' id='word_1_985' title='bbox 2545 5616 2699 5684; x_wconf 89' lang='lat' dir='ltr'><strong>ejus:</strong></span> <span class='ocrx_word' id='word_1_986' title='bbox 2733 5625 2793 5668; x_wconf 92' lang='lat' dir='ltr'><strong>ut</strong></span> <span class='ocrx_word' id='word_1_987' title='bbox 2827 5624 3013 5686; x_wconf 60' lang='lat' dir='ltr'><strong>servat</strong></span> <span class='ocrx_word' id='word_1_988' title='bbox 3038 5612 3461 5686; x_wconf 28' lang='lat' dir='ltr'><strong>puteu’saquam</strong></span> <span class='ocrx_word' id='word_1_989' title='bbox 3506 5612 3656 5686; x_wconf 56' lang='lat' dir='ltr'><strong>frigi-</strong></span> 
     </span>
    </p>
   </div>
   <div class='ocr_carea' id='block_1_114' title="bbox 387 5685 2181 5755">
    <p class='ocr_par' dir='ltr' id='par_1_114' title="bbox 387 5685 2181 5755">
     <span class='ocr_line' id='line_1_115' title="bbox 387 5685 2181 5755; baseline 0.002 -20"><span class='ocrx_word' id='word_1_990' title='bbox 387 5686 517 5755; x_wconf 83' lang='lat' dir='ltr'><strong>dam</strong></span> <span class='ocrx_word' id='word_1_991' title='bbox 546 5685 724 5755; x_wconf 79' lang='lat' dir='ltr'><strong>inse,</strong></span> <span class='ocrx_word' id='word_1_992' title='bbox 754 5688 824 5738; x_wconf 79' lang='lat' dir='ltr'><strong>ita</strong></span> <span class='ocrx_word' id='word_1_993' title='bbox 858 5688 1097 5755; x_wconf 82' lang='lat' dir='ltr'><strong>servavit</strong></span> <span class='ocrx_word' id='word_1_994' title='bbox 1129 5685 1325 5755; x_wconf 81' lang='lat' dir='ltr'><strong>frigus,</strong></span> <span class='ocrx_word' id='word_1_995' title='bbox 1381 5685 1649 5738; x_wconf 88' lang='lat' dir='ltr'><strong>malitiam</strong></span> <span class='ocrx_word' id='word_1_996' title='bbox 1686 5687 1808 5754; x_wconf 89' lang='lat' dir='ltr'><strong>ejus</strong></span> <span class='ocrx_word' id='word_1_997' title='bbox 1837 5686 2181 5739; x_wconf 86' lang='lat' dir='ltr'><strong>audiverunt.</strong></span> 
     </span>
    </p>
   </div>
   <div class='ocr_carea' id='block_1_115' title="bbox 2238 5680 3670 5755">
    <p class='ocr_par' dir='ltr' id='par_1_115' title="bbox 2238 5680 3670 5755">
     <span class='ocr_line' id='line_1_116' title="bbox 2238 5680 3670 5755; baseline -0.003 -16"><span class='ocrx_word' id='word_1_998' title='bbox 2238 5686 2315 5755; x_wconf 81' lang='grc' dir='ltr'>(ιι)</span> <span class='ocrx_word' id='word_1_999' title='bbox 2342 5694 2432 5749; x_wconf 80' lang='grc' dir='ltr'><strong>Α.,</strong></span> <span class='ocrx_word' id='word_1_1000' title='bbox 2466 5680 2666 5739; x_wconf 68' lang='lat' dir='ltr'><strong>meum.</strong></span> <span class='ocrx_word' id='word_1_1001' title='bbox 2720 5685 2796 5754; x_wconf 75' lang='grc' dir='ltr'><strong>(ὁ)</strong></span> <span class='ocrx_word' id='word_1_1002' title='bbox 2834 5686 2924 5748; x_wconf 83' lang='grc' dir='ltr'><strong>Α.,</strong></span> <span class='ocrx_word' id='word_1_1003' title='bbox 2952 5680 3076 5747; x_wconf 69' lang='grc' dir='ltr'><strong>ΤΙιζ,</strong></span> <span class='ocrx_word' id='word_1_1004' title='bbox 3113 5680 3531 5755; x_wconf 78' lang='lat' dir='ltr'><strong>furorisautem</strong></span> <span class='ocrx_word' id='word_1_1005' title='bbox 3558 5680 3670 5734; x_wconf 86' lang='lat' dir='ltr'><strong>Do-</strong></span> 
     </span>
    </p>
   </div>
   <div class='ocr_carea' id='block_1_116' title="bbox 393 5752 3667 5828">
    <p class='ocr_par' dir='ltr' id='par_1_116' title="bbox 393 5752 3667 5828">
     <span class='ocr_line' id='line_1_117' title="bbox 393 5752 3667 5828; baseline 0.001 -26"><span class='ocrx_word' id='word_1_1006' title='bbox 393 5752 546 5828; x_wconf 84' lang='lat' dir='ltr'><strong>mini.</strong></span> <span class='ocrx_word' id='word_1_1007' title='bbox 583 5754 665 5815; x_wconf 84' lang='grc'><strong>8..</strong></span> <span class='ocrx_word' id='word_1_1008' title='bbox 700 5767 754 5807; x_wconf 81' lang='lat' dir='ltr'><strong>et</strong></span> <span class='ocrx_word' id='word_1_1009' title='bbox 784 5764 846 5809; x_wconf 70' lang='lat' dir='ltr'><strong>ex</strong></span> <span class='ocrx_word' id='word_1_1010' title='bbox 873 5755 952 5828; x_wconf 82' lang='lat' dir='ltr'><strong>ira</strong></span> <span class='ocrx_word' id='word_1_1011' title='bbox 981 5752 1432 5828; x_wconf 40' lang='lat' dir='ltr'><strong>Durniui‘repieta</strong></span> <span class='ocrx_word' id='word_1_1012' title='bbox 1467 5763 1569 5828; x_wconf 75' lang='lat' dir='ltr'><strong>est,</strong></span> <span class='ocrx_word' id='word_1_1013' title='bbox 1591 5752 1857 5828; x_wconf 77' lang='lat' dir='ltr'><strong>laboravit</strong></span> <span class='ocrx_word' id='word_1_1014' title='bbox 1891 5755 2143 5811; x_wconf 79' lang='lat' dir='ltr'><strong>tolerare.</strong></span> <span class='ocrx_word' id='word_1_1015' title='bbox 2173 5752 2365 5826; x_wconf 57' lang='lat' dir='ltr'><strong>(c)&#39;.«t.,</strong></span> <span class='ocrx_word' id='word_1_1016' title='bbox 2396 5756 2656 5828; x_wconf 78' lang='lat' dir='ltr'><strong>fatigatus</strong></span> <span class='ocrx_word' id='word_1_1017' title='bbox 2695 5752 2817 5811; x_wconf 85' lang='lat' dir='ltr'><strong>sum</strong></span> <span class='ocrx_word' id='word_1_1018' title='bbox 2848 5758 3103 5811; x_wconf 84' lang='lat' dir='ltr'><strong>tolerare.</strong></span> <span class='ocrx_word' id='word_1_1019' title='bbox 3134 5753 3221 5820; x_wconf 80' lang='grc'><strong>8.,</strong></span> <span class='ocrx_word' id='word_1_1020' title='bbox 3256 5752 3516 5825; x_wconf 83' lang='lat' dir='ltr'><strong>fatigatus</strong></span> <span class='ocrx_word' id='word_1_1021' title='bbox 3539 5764 3667 5807; x_wconf 80' lang='lat' dir='ltr'><strong>sum</strong></span> 
     </span>
    </p>
   </div>
   <div class='ocr_carea' id='block_1_117' title="bbox 396 5822 1724 5892">
    <p class='ocr_par' dir='ltr' id='par_1_117' title="bbox 396 5822 1724 5892">
     <span class='ocr_line' id='line_1_118' title="bbox 396 5822 1724 5892; baseline 0.007 -23"><span class='ocrx_word' id='word_1_1022' title='bbox 396 5822 636 5877; x_wconf 79' lang='lat' dir='ltr'><strong>teierans</strong></span> <span class='ocrx_word' id='word_1_1023' title='bbox 665 5839 785 5891; x_wconf 81' lang='lat' dir='ltr'><strong>ego.</strong></span> <span class='ocrx_word' id='word_1_1024' title='bbox 845 5824 921 5892; x_wconf 81' lang='lat' dir='ltr'><strong>(cl)</strong></span> <span class='ocrx_word' id='word_1_1025' title='bbox 958 5825 1049 5889; x_wconf 76' lang='lat' dir='ltr'><strong>A.,</strong></span> <span class='ocrx_word' id='word_1_1026' title='bbox 1091 5823 1212 5891; x_wconf 82' lang='lat' dir='ltr'><strong>Th.,</strong></span> <span class='ocrx_word' id='word_1_1027' title='bbox 1245 5824 1724 5879; x_wconf 79' lang='lat' dir='ltr'><strong>eoucordantittm.</strong></span> 
     </span>
    </p>
   </div>
  </div>
