4134 6428
360 356 502 419 2515

1627 351 1948 408 ΙΕΒΕΜῌΞ
1990 348 2222 407 CAPUT
2268 350 2376 407 VII.

3483 348 3555 402 9.3
3567 340 3628 400 14

363 486 470 543 tur,
501 476 685 532 senior
709 490 831 530 cum
852 475 1010 544 pleno
1031 473 1276 529 dierum:
1316 473 1397 527 12.
1419 482 1470 528 et
1494 484 1824 538 evertentur,
1851 476 1969 539 et}a(

2095 485 2360 544 urgentum
2394 467 2671 530 conﬂatis:
2704 470 2923 524 malitiw
2955 483 3145 525 eorum
3189 479 3297 520 non
3328 464 3405 534 (a)
3454 464 3632 531 lique-

365 567 649 638 capit-ntnr
679 568 700 636 1
727 567 923 621 domus
954 580 1144 619 eorum
1171 563 1238 633 (ε)
1267 563 1333 618 ad
1360 564 1639 634 alios,agri
1668 575 1719 619 et
1749 578 1948 617 uxores

366 674 552 715 eorum
588 659 821 726 pariter;
849 657 976 726 quia
1002 655 1290 709 extendam
1324 670 1544 708 manum
1579 670 1755 709 meam
1789 670 1950 724 super

365 764 462 804 eos
492 749 582 817 qui
620 748 864 803 habitant
897 748 949 801 in
996 757 1139 801 terra
1168 745 1288 812 hac,
1333 745 1467 800 dicit
1498 745 1785 800 Dominum
1814 763 1825 797 :
1870 748 1949 800 l5.

368 839 571 910 quonia
599 861 625 887 ιι
655 855 686 893 a
716 854 885 907 parvo
918 853 1107 893 eorum
1142 853 1316 907 usque
1354 839 1419 891 ad
1444 853 1702 907 magnum
1735 838 1799 907 (Γ)
1830 853 1953 891 om-

372 946 470 985 nes
500 930 856 999 expleverunt
887 929 1108 999 iniqua:
1155 944 1183 982 a
1221 929 1480 999 propheta
1506 929 1752 983 mendaci
1783 944 1957 997 usque

374 1022 439 1074 ad
472 1021 807 1075 sacerdotem
845 1020 917 1091 (g)
960 1036 1153 1077 omnes
1202 1021 1449 1075 fecerunt
1508 1020 1814 1075 mendacia.
1870 1020 1955 1074 H.

376 1110 443 1165 Et
484 1120 751 1165 curarunt
792 1109 1111 1165 fractionem
1152 1113 1221 1178 β(
1263 1112 1385 1165 filiae
1422 1113 1444 1181 1
1484 1111 1666 1181 populi
1718 1110 1845 1175 mei,
1882 1110 1957 1180 (It)

379 1210 808 1267 contemnentes,
828 1209 881 1255 et
906 1201 1166 1266 dicentes,
1196 1201 1327 1264 Pax,
1360 1218 1463 1270 pax
1487 1218 1499 1253 :
1527 1209 1578 1255 et
1604 1201 1694 1255 ubi
1714 1212 1799 1256 est
1822 1200 1965 1270 pax?

377 1291 465 1345 15.
503 1290 877 1357 Erubuerunt,
920 1293 1047 1361 quia
1079 1291 1399 1349 defecerunt
1429 1294 1497 1362 >ς<
1530 1293 1777 1347 fecerunt
1817 1292 1864 1361 1:
1913 1300 1968 1345 et

379 1396 486 1435 non
522 1388 681 1434 erant
711 1380 852 1436 sicut
884 1382 1294 1447 erubescentes,
1330 1382 1690 1447 erubuernnl,
1737 1372 1789 1435 et
1829 1395 1964 1434 con-

380 1472 695 1525 temtionem
725 1488 879 1526 suam
912 1488 1020 1526 non
1052 1480 1450 1542 cognoverunt.
1489 1471 1718 1541 Propter
1750 1470 1852 1526 hoc
1877 1484 1970 1523 ca-

381 1562 513 1617 dent
543 1562 596 1615 in
630 1562 788 1617 ruina
831 1579 951 1630 sua,
1007 1574 1060 1618 et
1101 1564 1153 1617 in
1196 1573 1438 1633 tempore
1485 1562 1814 1617 visitationis
1856 1576 1971 1615 suae

378 1654 784 1718 exinanientur,
819 1656 952 1710 dicit
992 1655 1279 1711 Dominus.
1308 1657 1394 1709 16.
1441 1655 1564 1710 εἰπε
1612 1656 1743 1709 dicit
1788 1653 1967 1708 Domi.

382 1760 544 1800 mus:
584 1744 736 1801 State
772 1762 936 1816 super
971 1747 1094 1812 viis,
1131 1757 1185 1803 et
1214 1747 1410 1809 videte,
1450 1756 1503 1802 et
1546 1748 1871 1816 interrogate
1904 1745 1971 1799 de

383 1837 597 1893 semitis
628 1839 848 1892 aeternis
879 1837 1095 1892 Domini
1133 1853 1181 1894 ·-ἓ-
1226 1848 1281 1894 et
1338 1839 1514 1892 videte
1562 1841 1610 1909 1,
1660 1836 1837 1907 qualis
1886 1844 1970 1890 est

387 1931 474 1984 via
499 1945 621 1999 qua:
667 1931 833 1997 bona,
871 1939 925 1985 et
959 1931 1233 1986 ambulate
1277 1932 1331 1986 in
1370 1947 1469 1997 ea;
1505 1942 1558 1984 et
1592 1928 1878 1983 invenietis
1907 1927 1969 1997 (ἰ)

386 2023 675 2092 puritatem
710 2024 996 2080 animabus
1029 2025 1243 2080 vestris.
1300 2023 1364 2078 Et
1396 2024 1679 2077 dixerunt:
1722 2019 1842 2075 Non
1876 2019 1974 2073 ibi-

386 2130 528 2169 mus.
559 2115 648 2169 17.
680 2113 957 2170 Constitui
993 2131 1161 2185 super
1199 2130 1296 2170 vos
1349 2115 1761 2185 speculatores:
1794 2112 1976 2166 audite

386 2220 575 2259 vocem
608 2206 680 2275 (Ir)
720 2207 886 2261 tubae.
920 2205 985 2260 Et
1016 2207 1306 2261 dixerunt:
1356 2205 1474 2259 Non
1525 2207 1833 2259 audiemus.
1887 2203 1975 2258 18.

390 2297 615 2366 Propter
640 2298 743 2352 hoc
774 2299 1067 2352 audierunt
1094 2307 1305 2367 gentes,
1340 2296 1403 2368 (ι)
1427 2309 1481 2353 et
1509 2297 1598 2367 qui
1616 2304 1849 2367 pascunt
1869 2311 1982 2366 gre-

388 2405 482 2461 ges
516 2390 571 2443 in
595 2390 697 2445 eis.
736 2389 823 2443 l9.
870 2389 1035 2456 Audi,
1070 2402 1249 2445 terra:
1285 2388 1424 2444 Ecce
1454 2404 1554 2457 ego
1593 2389 1804 2443 adduco
1840 2389 1977 2443 mala

390 2497 556 2551 super
578 2482 843 2551 populum
865 2483 1029 2548 hunc,
1062 2482 1299 2536 fructum
1329 2481 1423 2552 (οη)
1444 2481 1747 2535 aversionis
1767 2495 1980 2543 eorum,

394 2574 526 2642 quia
581 2573 635 2627 in
673 2589 984 2629 sermonem
1018 2589 1201 2627 meum
1238 2590 1348 2628 non
1382 2573 1754 2636 attendernnt,
1798 2580 1852 2626 et
1910 2572 1984 2625 lc-

394 2679 514 2733 gem
550 2680 726 2719 meam
763 2665 1100 2733 repulerunt.
1142 2664 1232 2717 20.
1270 2662 1380 2718 Cur
1406 2667 1598 2732 Xhoc
1630 2665 1652 2731 1
1691 2663 1824 2716 mihi
1857 2662 1986 2715 thus

395 2774 462 2813 ex
496 2759 638 2814 Sala
666 2757 895 2822 alfertis,
928 2768 982 2813 et
1005 2758 1083 2828 (ῃ)
1116 2758 1469 2812 cinanomum
1505 2773 1570 2811 ex
1602 2766 1747 2811 terra
1779 2756 1989 2826 longin-

396 2850 539 2923 qua?
569 2849 901 2911 llolocausta
945 2859 1127 2909 vestra
1158 2864 1268 2903 non
1307 2856 1435 2903 sunt
1468 2857 1711 2917 accepta,
1740 2855 1793 2900 et
1816 2843 1988 2900 sacri-

399 2943 520 2998 ficia
550 2952 728 2998 vestra
758 2942 819 3014 (°)
858 2957 965 2996 non
998 2941 1333 3010 voluptatem
1369 2940 1670 2994 attulerunt
1698 2938 1853 2993 mihi.
1894 2938 1985 2994 21.

400 3034 628 3105 Propter
657 3034 763 3089 hoc
790 3034 904 3089 haec
934 3034 1064 3089 dicit
1103 3034 1391 3087 Dominus:
1432 3031 1570 3086 Ecce
1598 3045 1700 3103 ego
1729 3031 1800 3085 do
1825 3047 1991 3100 super

2052 570 2210 626 facta:
2250 577 2395 632 sunt,
2425 566 2512 620 30.
2557 566 2851 635 Argentum
2900 561 3249 632 reprobatum
3276 565 3464 613 vocate
3502 567 3631 619 eos;

2053 662 2182 731 quia
2217 656 2532 729 reprobavit
2562 670 2656 710 eos
2694 652 2980 707 Dominus.

2125 749 2278 804 CAP.
2308 746 2419 803 Vll.
2442 777 2512 786 -—
2534 746 2585 801 1.
2624 746 2693 812 >ε<
2728 743 2989 805 Verbum,
3020 740 3165 811 quod
3200 737 3408 792 factum
3445 745 3529 792 est
3571 734 3637 789 ad

2056 839 2342 893 Jeremiam
2381 852 2411 890 a
2455 834 2708 899 Domino,
2744 834 2958 888 dicente
2994 854 3004 887 :
3040 832 3097 886 2.
3133 828 3229 884 Sta
3260 829 3315 882 in
3353 837 3505 897 porta
3539 825 3640 878 do-

2062 948 2182 986 mus
2226 929 2462 993 Domini,
2490 937 2544 982 et
2571 928 2687 996 lege
2723 926 2796 980 ibi
2827 924 3200 986 verbumhoc,
3232 931 3286 976 et
3312 920 3460 975 dices
3488 936 3503 972 :
3532 918 3646 971 Au-

2063 1025 2171 1078 dite
2205 1022 2428 1076 verbum
2482 1018 2724 1083 Domini,
2780 1017 2960 1072 omuis
3018 1013 3227 1078 Judaaa,
3278 1010 3648 1082 ingredientes

2063 1132 2158 1186 per
2184 1124 2368 1185 portas
2399 1113 2519 1173 has,
2556 1111 2623 1165 ad
2677 1109 3016 1165 adorandum
3059 1106 3349 1161 Dontinum
3387 1104 3408 1170 1
3443 1116 3503 1157 -:—
3535 1101 3651 1153 Au-

2065 1210 2174 1263 dite
2207 1205 2427 1260 verbum
2465 1203 2698 1266 Domim,
2730 1200 2910 1255 onmis
2939 1197 3126 1253 Judaaa
3156 1198 3202 1266 1.
3251 1197 3305 1251 5.
3347 1196 3472 1250 Ηωο
3514 1193 3649 1248 dicit

2069 1298 2335 1353 Dominus
2368 1296 2628 1349 virtutum
2668 1292 2809 1347 Deus
2838 1290 3056 1346 lsraelis
3085 1309 3098 1343 :
3130 1288 3356 1358 Dirigite
3400 1286 3519 1341 vias
3550 1301 3632 1338 ve-

2070 1400 2233 1452 stras,
2261 1386 2509 1441 ctstudia
2534 1394 2712 1439 vestra
2739 1404 2751 1438 :
2779 1384 2853 1454 (ὁ)
2880 1392 2931 1438 et
2965 1382 3211 1437 habitare
3239 1378 3434 1433 faciam
3466 1392 3564 1431 vos
3592 1377 3645 1430 in

2072 1482 2190 1536 loco
2220 1481 2343 1535 hoc.
2386 1480 2439 1532 4.
2481 1478 2554 1532 Ne
2587 1477 2877 1533 conﬁdalis
2908 1475 3065 1531 vobis
3091 1490 3255 1544 super
3283 1471 3465 1528 verbis
3498 1485 3652 1523 men-

2072 1572 2329 1635 dacibus;
2384 1583 2443 1624 οξ-
2492 1569 2618 1638 quia
2666 1567 2892 1623 omnino
2940 1580 3046 1618 non
3094 1564 3395 1634 proderunt
3451 1558 3653 1624 vobis1

2074 1681 2198 1721 cum
2225 1664 2407 1718 dicitis
2443 1661 2769 1731 :Templnm
2824 1658 3063 1724 Domini,
3105 1655 3366 1724 templum
3419 1650 3657 1712 Domini,

2081 1757 2340 1827 templum
2388 1753 2602 1809 Domini
2644 1763 2747 1807 est.
2795 1751 2848 1805 5.
2897 1748 3167 1815 Quoniam
3197 1746 3266 1815 (ε)
3298 1743 3343 1800 si
3375 1739 3661 1811 dirigendo

2074 1849 2381 1906 direxeritis
2414 1847 2532 1900 vias
2562 1853 2795 1905 vestras,
2824 1851 2879 1897 et
2912 1840 3091 1896 studia
3124 1845 3322 1900 vestra,
3371 1836 3440 1901 γε(
3481 1839 3537 1885 ct
3562 1831 3606 1886 si
3637 1830 3660 1898 1

2076 1941 2328 1998 faciendo
2375 1936 2616 1992 feceritis
2662 1934 2934 2004 judicium
2980 1931 3121 1984 inter
3171 1928 3370 1987 virum,
3421 1932 3477 1976 et
3524 1923 3665 1975 inter

2078 2035 2389 2106 proximum
2440 2029 2582 2098 ejus,
2628 2027 2682 2080 6.
2724 2034 2779 2080 et
2814 2022 3187 2094 peregrinum,
3219 2028 3270 2071 et
3298 2014 3586 2086 pupillum,
3613 2020 3668 2063 et

2080 2126 2299 2180 viduam
2337 2136 2449 2176 non
2481 2120 2558 2191 (ά)
2610 2119 2664 2172 in
2719 2115 3041 2191 servitutem
3086 2105 3424 2178 redegeritis,
3456 2112 3510 2158 et
3550 2117 3675 2157 san-

2082 2215 2300 2286 guinem
2328 2212 2677 2266 innocentem
2713 2221 2820 2261 non
2855 2202 3159 2259 eliuderitis
3203 2203 3257 2255 in
3302 2200 3425 2253 loco
3457 2198 3581 2258 hoc,
3615 2202 3672 2248 et

2082 2313 2205 2375 post
2227 2303 2356 2357 deos
2390 2299 2600 2354 alienos
2642 2311 2750 2350 non
2781 2290 3192 2348 ambulaveritis
3240 2288 3295 2342 in
3340 2286 3545 2340 malum
3575 2298 3674 2337 vo-

2084 2397 2189 2459 bis;
2225 2394 2277 2447 7.
2308 2393 2473 2447 etiam
2500 2387 2748 2443 habitare
2781 2383 2976 2439 faciam
3002 2397 3100 2435 vos
3128 2380 3183 2433 in
3215 2379 3334 2434 loco
3366 2375 3436 2447 (e)
3467 2383 3671 2436 vestro,

2087 2489 2139 2542 in
2173 2496 2340 2552 terra,
2376 2497 2540 2553 quam
2583 2478 2706 2534 dedi
2745 2475 2993 2547 patribus
3036 2471 3231 2527 vestris
3276 2484 3309 2524 a
3362 2466 3586 2531 saeculo,
3621 2472 3679 2518 et

2086 2592 2262 2646 usque
2293 2575 2345 2627 in
2397 2571 2680 2627 saeculum.
2731 2567 2785 2622 8.
2819 2565 2885 2636 (Γ)
2929 2563 2987 2618 Si
3035 2571 3216 2616 autent
3265 2573 3364 2614 vos
3405 2555 3679 2612 confiditis

2089 2668 2243 2722 vobis
2274 2680 2440 2734 super
2472 2661 2652 2716 verbis
2685 2655 3066 2715 mendacibus,
3095 2651 3239 2707 unde
3278 2665 3389 2703 non
3426 2647 3680 2719 prolicie-

2090 2761 2182 2823 tis,
2210 2759 2262 2812 9.
2298 2756 2373 2827 (g)
2398 2763 2450 2810 et
2480 2750 2762 2816 furamini,
2795 2760 2848 2804 et
2881 2743 3154 2809 occiditis,
3195 2751 3247 2798 et
3298 2738 3678 2802 mmehamini,

2090 2863 2144 2908 et
2170 2850 2371 2921 juratis
2407 2848 2460 2900 in
2493 2845 2718 2914 injuste,
2752 2849 2806 2896 et
2842 2836 3158 2893 adolevistis
3206 2833 3374 2899 Baali,
3404 2839 3460 2886 et
3487 2830 3683 2884 ambu-

2093 2945 2250 3000 lastis
2279 2949 2399 3013 post
2420 2939 2553 2993 deos
2575 2936 2800 2999 alienos,
2825 2946 2965 3002 quos
2994 2945 3103 2984 non
3128 2925 3381 2989 novistis,
3408 2923 3500 2977 10.
3535 2937 3598 2977 αθ-
3625 2931 3685 2975 ut

2097 3035 2238 3091 male
2280 3034 2352 3087 sit
2391 3030 2549 3096 vobis
2578 3026 2629 3095 1,
2668 3037 2722 3080 et
2757 3023 3006 3085 venistis,
3037 3029 3091 3075 et
3117 3018 3347 3075 stetistis
3377 3030 3563 3072 coram
3598 3029 3688 3067 me

404 3126 663 3197 populum
703 3125 850 3180 hunc
890 3125 966 3197 (ο)
1002 3125 1409 3179 infirmitatem:
1461 3132 1516 3178 et
1565 3123 1992 3177 inlirmabuntur
2024 3143 2068 3203 ο
2099 3129 2153 3182 in
2190 3127 2355 3181 domo
2394 3124 2459 3190 )s(
2492 3120 2596 3173 hac
2626 3118 2673 3187 1,
2708 3116 2796 3170 ubi
2827 3114 3138 3168 invocatum
3163 3116 3248 3165 est
3272 3120 3470 3161 nomen
3503 3117 3687 3158 meum

406 3217 459 3270 in
507 3232 570 3271 ea
622 3226 825 3287 patres,
875 3227 929 3271 et
972 3217 1064 3270 lilii
1109 3216 1307 3272 simul:
1352 3215 1568 3270 vicinus
1606 3223 1660 3269 et
1705 3215 1994 3285 proximus

406 3310 526 3381 eius
553 3311 830 3380 peribunt.
868 3310 960 3365 22.
997 3308 1123 3364 Haec
1154 3310 1286 3364 dicit
1322 3306 1588 3362 Dominus
1614 3325 1626 3359 :
1651 3305 1790 3361 Ecce
1821 3322 1996 3375 popu-

410 3403 496 3459 lus
534 3402 680 3457 venit
711 3404 779 3457 ab
809 3402 1098 3473 aquilone:
1145 3409 1199 3457 et
1232 3415 1365 3472 gens
1401 3415 1595 3470 magna
1631 3400 1697 3466 )a(
1741 3406 1794 3450 et
1840 3411 1998 3467 reges

412 3494 568 3549 multi
603 3495 625 3563 1
660 3495 1045 3549 excitabuntur
1075 3494 1145 3548 ab
1176 3493 1525 3549 extremitate
1553 3499 1711 3545 terrae
1740 3509 1752 3543 :
1785 3488 1876 3541 25.
1911 3502 1999 3541 ar-

413 3601 564 3651 cum,
596 3596 651 3641 et
674 3587 752 3657 (ρ)
785 3585 996 3640 hastam
1024 3585 1310 3640 tenebunt.
1348 3584 1442 3653 (q).
1471 3581 1652 3636 Durus
1675 3589 1779 3641 est.
1808 3589 1861 3634 et
1893 3594 2002 3636 non

416 3680 801 3737 miserebitur:
853 3695 957 3735 vox
1012 3678 1154 3750 ejus,
1182 3686 1239 3732 ut
1288 3692 1441 3731 mare
1486 3674 1792 3729 ﬂuctuans:
1843 3688 2006 3742 super

417 3774 573 3841 cquis
601 3781 656 3826 et
678 3770 933 3826 curribus
957 3786 1015 3826 se
1041 3771 1294 3835 instruet,
1320 3778 1375 3822 ut
1409 3767 1476 3837 (ν)
1515 3767 1677 3836 ignis,
1707 3765 1774 3819 ad
1807 3763 2006 3819 bellum

421 3866 685 3920 adversus
711 3872 782 3929 te,
822 3864 931 3917 lilia
962 3860 1167 3916 Sionis.
1197 3861 1287 3914 21.
1321 3860 1652 3914 Audivimus
1687 3859 1890 3912 famam
1918 3870 2010 3911 co-

423 3971 568 4021 rum,
591 3955 872 4011 dissolutae
903 3962 1032 4008 sunt
1050 3966 1248 4005 manus
1279 3959 1503 4013 nostrae;
1530 3949 1750 4002 alﬂictio
1775 3962 2012 4016 occupa-

423 4045 499 4100 vit
522 4062 643 4111 nos,
678 4046 894 4101 dolores
924 4046 1080 4114 quasi
1120 4040 1496 4113 parturientis.
1531 4039 1620 4093 25.
1653 4024 1730 4092 Ne
1761 4033 2012 4108 egredia—

426 4137 560 4192 mini
592 4136 644 4190 in
669 4152 883 4207 agrum,
914 4145 968 4190 et
992 4135 1045 4189 in
1072 4135 1174 4190 viis
1200 4150 1265 4188 ne
1289 4131 1617 4197 ambuletis;
1644 4130 1773 4201 quia
1801 4130 2015 4199 gladius

430 4229 778 4284 inimicorum
808 4227 1086 4282 babitatin
1116 4227 1369 4281 circuitu.
1393 4223 1484 4277 26.
1516 4222 1653 4276 Filia
1676 4222 1860 4293 populi
1888 4222 2016 4287 mei,

429 4321 654 4391 accinge
691 4330 741 4375 te
767 4319 969 4385 cilicio,
1006 4326 1059 4372 et
1083 4317 1261 4373 voluta
1291 4326 1341 4370 te
1369 4315 1421 4369 in
1451 4314 1663 4369 cinere:
1703 4314 1908 4367 luctum
1946 4313 2017 4382 (ε)

433 4414 615 4477 dilecti
671 4412 756 4469 fac
804 4408 921 4477 tibi,
967 4411 1246 4481 planctum
1287 4406 1720 4479 gemebundum:
1766 4403 1893 4473 quia
1933 4419 2019 4457 re-

2099 3236 2263 3291 super
2291 3233 2377 3278 ea,
2410 3225 2463 3270 et
2479 3211 2715 3267 dixistis:
2741 3209 2815 3281 (It)
2844 3206 3194 3262 Recessimus
3227 3203 3296 3257 ab
3326 3197 3535 3268 agendo
3566 3210 3688 3253 om-

2100 3289 2197 3366 nes
2229 3304 2669 3363 abominationes
2706 3302 2827 3355 has.
2881 3298 2969 3351 11.
3016 3295 3160 3350 Num
3209 3293 3472 3363 spelunca
3517 3289 3693 3343 latro-

2102 3416 2230 3455 num
2260 3402 2327 3467 )a(
2362 3396 2464 3451 fuit
2497 3395 2519 3463 1
2577 3398 2775 3450 dontns
2818 3405 2961 3455 mea,
2987 3388 3079 3442 ubi
3122 3386 3435 3440 invocatum
3467 3388 3552 3437 est
3593 3394 3694 3433 no-

2103 3503 2227 3541 men
2265 3500 2444 3538 meum
2474 3497 2639 3551 super
2667 3495 2729 3534 ea
2767 3493 2825 3533 ’ἓ-
2867 3477 2941 3532 ibi
2978 3476 3001 3545 1
3046 3490 3235 3532 coram
3282 3472 3481 3528 vobis?
3508 3471 3574 3524 Et
3594 3485 3696 3541 ego

2105 3595 2231 3634 ecce
2263 3577 2396 3640 vidi,
2434 3576 2567 3630 dicit
2607 3573 2895 3629 Dominus.
2949 3569 3034 3624 12.
3088 3567 3146 3637 (i)
3190 3565 3463 3632 Quoniam
3519 3560 3697 3616 ivistis

2108 3670 2161 3723 in
2194 3671 2371 3724 locum
2412 3680 2614 3727 meum,
2648 3664 2740 3732 qui
2776 3662 2829 3715 in
2877 3660 3015 3726 Silo,
3061 3657 3150 3713 ubi
3192 3653 3457 3712 collocavi
3498 3666 3696 3706 nomen

2110 3779 2291 3818 meum
2330 3761 2403 3815 ibi
2442 3759 2512 3831 (k)
2544 3774 2609 3811 ex
2645 3755 2873 3824 antiquo
2908 3771 2921 3807 :
2964 3759 3019 3806 et
3051 3750 3250 3810 videte.
3294 3761 3416 3816 qua:
3444 3743 3549 3798 feci
3587 3741 3635 3797 ei
3667 3756 3699 3793 a

2114 3854 2251 3908 facie
2284 3851 2501 3905 malitiae
2542 3847 2726 3920 populi
2761 3846 2866 3900 mei
2899 3842 3087 3914 Israel.
3118 3841 3203 3895 15.
3238 3838 3305 3891 Ει
3337 3851 3482 3891 nunc
3509 3849 3609 3905 pro
3632 3849 3700 3888 eo

2114 3946 2259 4014 quod
2294 3942 2503 3998 fecistis
2534 3940 2717 3995 omnia
2751 3953 2917 4008 opera
2954 3935 3089 3999 haec,
3121 3934 3190 4000 >εε
3235 3930 3369 3985 dicit
3413 3925 3701 3986 Dominus,

2117 4048 2170 4094 et
2213 4039 2429 4092 locutus
2483 4048 2604 4088 sum
2651 4030 2719 4084 ad
2767 4045 2902 4094 vos,
2950 4024 3289 4093 praeveniens
3341 4027 3397 4073 et
3432 4018 3620 4072 dicens
3651 4014 3701 4082 1,

2117 4136 2173 4182 et
2204 4142 2312 4180 non
2349 4122 2584 4177 audistis
2621 4133 2729 4183 me,
2760 4126 2815 4171 ct
2854 4114 3042 4170 vocavi
3076 4127 3194 4178 vos,
3239 4118 3293 4164 et
3337 4123 3444 4162 non
3481 4118 3708 4173 respon-

2120 4216 2279 4271 distis
2319 4233 2331 4268 :
2379 4214 2468 4267 M.
2500 4213 2663 4265 etiam
2693 4207 2890 4263 faciam
2923 4206 3111 4261 domui
3153 4204 3305 4265 huic,
3345 4200 3434 4254 ubi
3484 4201 3709 4252 invoca-

2122 4321 2236 4365 tum
2270 4315 2355 4362 CSI.
2380 4318 2576 4360 nomen
2609 4316 2789 4354 meum
2819 4313 2983 4367 super
3009 4312 3093 4359 ea,
3119 4309 3282 4364 super
3310 4308 3417 4362 qua
3449 4305 3546 4344 VOS
3579 4304 3710 4344 con-

2126 4376 2291 4458 liditis
2323 4413 2487 4468 super
2520 4410 2608 4461 ea;
2635 4402 2688 4449 et
2709 4392 2848 4455 loco,
2874 4405 3036 4459 quem
3060 4381 3711 4453 dedivohis,etpatribus

433 4521 595 4578 pentc
637 4506 816 4562 veniet
847 4505 911 4578 (ι)
948 4470 1165 4559 miseria
1217 4470 1382 4571 super
1416 4514 1531 4554 vos.
1565 4497 1656 4551 27.
1697 4470 2019 4564 Explorato-
2048 4479 2098 4542 υ
2126 4490 2344 4554 vestris,
2396 4495 2455 4541 ut
2495 4484 2598 4539 feci
2643 4482 2786 4536 Silo:
2822 4480 2910 4535 15.
2956 4486 3011 4533 et
3046 4475 3329 4548 projiciam
3362 4489 3461 4528 vos
3499 4487 3530 4526 a
3572 4470 3712 4524 facie

437 4615 552 4657 rem
597 4599 717 4655 dedi
757 4608 808 4655 te
834 4597 889 4651 in
921 4595 1136 4668 populis
1162 4594 1240 4664 (ιι)
1273 4592 1501 4646 inclusis
1551 4608 1562 4643 :
1597 4597 1652 4642 ct
1690 4602 2012 4658 cognosces,

440 4706 562 4745 cum
603 4688 918 4760 probaveris
953 4688 1095 4741 viam
1128 4699 1360 4741 eorum:
1410 4681 1502 4735 28.
1559 4695 1750 4735 omnes
1791 4676 1869 4748 (τ)
1915 4691 2025 4731 non

441 4783 778 4846 obcdientes,
823 4781 1167 4836 ambulantes
1214 4789 1487 4847 perverse.
1539 4771 1659 4835 A35,
1704 4779 1757 4825 et
1796 4769 2024 4830 ferrum,

443 4891 634 4931 omnes
661 4875 736 4945 (y)
761 4873 1005 4943 corrupti
1037 4880 1185 4927 sunt.
1216 4870 1306 4924 29.
1342 4866 1546 4921 Defecit
1585 4864 1733 4919 follis
1766 4863 1834 4917 ab
1868 4861 2025 4932 igne:

447 4968 645 5026 defecit
692 4968 998 5039 plumbum.
1048 4965 1102 5017 In
1141 4977 1338 5016 vanum
1382 4959 1455 5031 (ι)
1497 4955 1699 5013 confiat
1743 4963 2029 5026 argentum

2127 4599 2272 4648 mea,
2333 4588 2392 4634 ut
2458 4573 2661 4648 projeci
2727 4570 2926 4627 fratres
2995 4577 3249 4630 vestros,
3303 4579 3467 4618 omne
3524 4576 3712 4639 semen

2127 4674 2400 4745 Ephrzem.
2433 4667 2522 4723 16.
2556 4666 2622 4721 Et
2650 4673 2708 4720 tu
2745 4679 2813 4719 ne
2841 4676 2967 4716 ores
2995 4675 3093 4730 pro
3121 4657 3321 4729 populo
3359 4656 3484 4717 hoc,
3511 4652 3575 4722 (ι)
3620 4664 3717 4704 ne-

2129 4781 2236 4837 que
2273 4762 2568 4834 supplices,
2599 4766 2659 4812 ut
2696 4757 2764 4812 sit
2796 4751 3174 4810 misericordia
3209 4750 3288 4805 eis
3324 4767 3336 4801 :
3385 4755 3534 4800 etne
3564 4745 3715 4806 ores,

2133 4835 2229 4928 (im)
2266 4868 2442 4923 neque
2473 4848 2880 4920 appropinques
2911 4844 3044 4898 mihi
3070 4859 3133 4898 σθ-
3161 4855 3260 4912 pro
3282 4839 3362 4894 eis
3383 4838 3431 4907 1;
3457 4835 3585 4928 quia
3609 4845 3715 4928 non

2132 4923 2420 5005 exaudiam
2454 4944 2521 5013 χ(
2563 4950 2614 4996 te
2643 4942 2704 5009 1.
2738 4938 2826 4992 17.
2860 4937 2968 4991 Aut
3014 4949 3198 4989 nonne
3246 4930 3419 4991 vides,
3451 4926 3580 4995 quid
3615 4923 3720 4992 ipsi

519 5091 589 5159 (ε)
621 5090 712 5149 Α..
741 5085 970 5141 alienos.
998 5081 1064 5150 (Ι)
1097 5079 1187 5143 Λ.,
1210 5077 1542 5147 quicumque
1563 5071 1680 5141 ipse
1702 5067 2051 5123 defraudans.
2107 5063 2180 5134 (gi
2226 5060 2309 5125 3.,
2346 5058 2685 5129 quicumque
2713 5053 2919 5107 faciens
2961 5047 3292 5104 illusionem.
3320 5042 3397 5112 (It)
3429 5041 3520 5122 A_.,
3555 5054 3720 5120 super

878 5153 908 5159 —
1423 5143 1477 5159 ιιι
1513 5140 1569 5159 n,
1637 5141 1864 5159 _.-,.-.-__-
1940 5139 1959 5159 λ
2037 5133 2450 5159 .........:.....:.........
2498 5128 2570 5159 ιω
2609 5125 2641 5159 ρ
2724 5138 2892 5159 ιιηι-ιιιι
2950 5120 3011 5159 Ill
3047 5119 3542 5159 A_-M_nnmtnsmle
3567 5117 3720 5159 Iesu-

1139 5133 1382 5217 tnoilitie.
1419 5133 1482 5217 (ξ’)
1513 5133 1888 5195 sanctitatem.
1923 5139 2014 5194 A..
2037 5133 2474 5217 respirationem.

2498 5128 2570 5199 (Ις)
2597 5112 2689 5190 ’8.,
2724 5138 2916 5199 cornu.
2950 5120 3011 5189 (ι)
3044 5112 3722 5199 Ληρεορειιερεείξςιξςξξξς

453 5180 837 5217 εοιιιθιιιιιυιιυ.
870 5180 954 5216 0.,
982 5180 1105 5208 cum
1139 5180 1382 5203 ιιιυιιιιιω
1419 5180 1482 5213 \u,
1515 5180 1888 5195 υιιι-ν-.-..........
1923 5180 2014 5194 ι-..
2039 5180 2476 5213 ...ντη-τηημκῖ
2502 5180 2516 5199 \
2554 5180 2567 5197 l
2677 5180 2687 5190 I
2751 5195 2761 5205 .
2850 5192 2861 5203 .
2957 5180 2967 5189 ‘
2993 5180 3004 5189 1
3118 5180 3122 5181 ν
3304 5180 3323 5185 ν

453 5231 722 5291 monimn,
743 5225 994 5297 quodest
1023 5220 1076 5276 in
1107 5220 1208 5276 eis.
1233 5216 1390 5280 S.,et
1420 5214 1725 5266 innotescat
1754 5215 2109 5279 congregatio
2141 5208 2194 5257 in
2221 5218 2321 5257 eis.
2389 5202 2486 5268 (nt)
2523 5200 2614 5281 13.,
2647 5200 3060 5264 cogitationum.
3138 5185 3215 5258 (η)
3250 5184 3340 5250 A.,
3360 5180 3444 5247 8.,
3476 5181 3724 5249 calamus

455 5338 656 5393 bonus.
725 5404 737 5414 _
757 5333 823 5414 (Ἴ

459 5385 901 5478 ἶίρδξιίειρὶιῖέῃδ.
937 5385 2063 5478 Tent;_Gr:_ec.,’Epfﬁvlgkﬁcn.“fore:

973 5470 1042 5538 (a)
1079 5466 1270 5538 Sicut._
1332 5456 1512 5529 (0A.,
1542 5457 1634 5538 qui
1663 5456 1912 5538 tifpnrlat
1944 5468 2107 5522 super
2138 5466 2252 5538 vos.

2338 5500 2352 5519 \
2393 5500 2488 5641 Ir)
2515 5500 2619 5597 Ἀρ.
2647 5511 2732 5575 8.,
2762 5508 3046 5565 conﬂator.
3124 5505 3201 5575 (a)
3239 5500 3322 5582 8.,

1563 5594 1693 5641 ὶΑ.-
1721 5609 1766 5641 ει
1836 5610 1935 5641 ευρ
1972 5593 2220 5641 faciendo
2249 5592 2386 5641 bene
2437 5594 2673 5641 ecerttts.
2751 5580 2828 5641 (ά)
2864 5580 2953 5641 Α.,
3000 5582 3322 5641 oppresserit

1836 5610 1935 5648 ene
1972 5592 2220 5648 faciendo
2249 5592 2386 5644 bene
2416 5592 2673 5643 feceritis.
2751 5592 2828 5648 (a)
2864 5592 2953 5641 A.,
3000 5592 3415 5648 oppresserint};
3486 5592 3692 5648 κεχιιυξ

1945 5633 2549 5724 Ᾰῗῖῒιῖἇνεῖᾝέςίξόἶξ
2564 5633 2649 5710 ’ζεῖ
2661 5633 2976 5724 ἐιώῑίετίί
3003 5633 3087 5716 (ω-
3113 5645 3217 5724 Α..
3232 5640 3328 5724 8.,
3361 5633 3727 5724 liberati‘ft‘t‘iu

691 5732 873 5826 (53712,
900 5732 1029 5821 aliis
1065 5732 1156 5801 ite.
1194 5744 1276 5813 8.,
1304 5744 1394 5798 itc.
1470 5733 1545 5805 (ts,
1579 5732 1661 5797 s.,
1691 5733 1741 5786 in
1772 5734 2061 5826 principio.

461 5475 531 5548 (θ)
562 5475 652 5533 Α..
686 5475 769 5536 8.,
795 5475 896 5526 vir.

462 5535 799 5605 recedentes.
831 5535 1024 5597 euntes
1060 5535 1454 5605 fraudulenter.

465 5593 775 5688 iii'iiif'éi
787 5593 1217 5688 'habitachum
1254 5593 1766 5688 vobis..Am(AcZ’./i__.,_si

468 5662 541 5759 iii
580 5662 673 5752 ῖᾶῖί
700 5662 1014 5759 ,ἐέἑέῖἷιιέέ
1173 5689 1363 5759 itm!“
1409 5662 1749 5759 ιθῐτξέίιρνίξξ·
1774 5748 1804 5759 -
1828 5662 1901 5745 (ει)

471 5773 613 5813 ntus.
691 5773 753 5826 υ)
785 5773 873 5814 ίιη
902 5773 1029 5821 qum
1066 5773 1135 5801 tu:

471 5840 523 5885 et
554 5844 621 5886 uc
669 5835 780 5882 stes
815 5835 1000 5879 coram
1033 5833 1139 5875 me.

876 5331 1083 5384 'l'extus
1133 5326 1257 5396 Syr.
1289 5320 1474 5396 habet,
1532 5315 1884 5396 ethsacriﬁcitt
1911 5327 2113 5396 eorum,

2109 5360 2455 5438 alendi—cuia.
2534 5374 2607 5443 (ρ)
2641 5374 2728 5443 Α.,
2768 5368 2851 5433 8.,
2889 5360 3161 5443 clypeum.

2145 5298 2405 5392 rami-ﬁ.
2444 5286 2597 5357 Hand
2641 5300 2805 5355 dubie
2840 5299 3026 5365 lapsus
3059 5300 3144 5349 est
3190 5291 3271 5347 vel
3305 5288 3600 5361 graphicus
3636 5284 3723 5339 vel

2149 5379 2455 5423 ιιιιιιάιυιιιιι-
2534 5374 2607 5423 lui
2641 5374 2728 5423 A..
2768 5368 2851 5423 8..
2889 5368 3161 5423 clvneum.
3237 5360 3313 5423 (a)
3342 5361 3435 5423 Α.,
3469 5355 3722 5412 acerbus.

2334 5425 2901 5519 (it')—;l.,‘_obv§llatum_
2915 5425 3144 5519 afbello:
3187 5425 3304 5519 ι(ξὶ
3337 5425 3726 5519 ASLp‘rineip‘es

3367 5501 3723 5555 exaruerunt.

2437 5561 2681 5643 cce-ritis:
2694 5561 2706 5565 ⁷
2719 5561 2732 5575 ’
2938 5617 2953 5641 ,
3000 5561 3415 5651 oppﬁesseri'tis‘:
3486 5567 3570 5651 (ι).
3588 5561 3723 5651 line.

2139 5701 2199 5803 ξῖ)
2225 5701 2780 5797 assumas
2810 5701 3022 5791 pro—cis“
3041 5701 3431 5787 precationem.
3508 5705 3606 5778 (m)
3642 5701 3738 5770 S.,—
