4134 6440
411 381 555 442 ⁸2315

1599 391 1828 449 CODEX
1873 393 2552 452 ΞΥΒΟ-ΠΕΧΑΡΙΛΚΙΒ.

3556 405 3702 458 2516

417 504 626 558 faciunt
673 503 724 558 in
772 505 1002 561 urbibus
1051 503 1206 562 Judm
1232 547 1245 569 ,
1293 514 1346 562 ct
1397 507 1448 562 in
1499 509 1603 566 viis
1655 509 2002 566 Jerusalem?
2031 518 2073 574 Α
2106 511 2226 566 Filii
2257 511 2418 578 Num,
2449 515 2542 568 sed
2574 513 2668 568 sed
2705 513 2766 584 (')
2805 514 2961 569 vallis
2991 514 3070 586 (a)
3118 516 3474 573 occisorum:
3517 530 3572 574 et
3616 536 3702 577 se-

418 595 504 649 18.
553 595 677 650 Filii
726 613 921 683 eorum
959 599 1226 668 colligunt
1269 601 1438 669 ligna,
1487 611 1542 655 et
1587 611 1770 672 patres
1807 618 1998 658 eorum

415 687 760 742 succendunt
787 691 856 757 χ
891 689 1068 761 ignem
1095 690 1143 757 ζ,
1170 701 1224 746 et
1255 692 1510 747 mulieres
1537 708 1730 748 eorum
1763 695 1839 761 (η)
1872 698 2002 750 sub-

414 778 572 849 igunt
604 795 842 836 massam
865 827 879 848 ,
911 784 978 837 ad
1017 783 1324 838 faciendum
1371 786 1650 854 placentas
1682 788 1756 856 (ο)
1795 789 2004 844 militia:

414 873 541 927 (τωῐί
575 890 589 927 :
623 883 676 928 et
718 875 956 929 libarunt
989 877 1244 930 libamina
1276 877 1380 932 diis
1417 877 1634 942 alienis,
1667 889 1723 932 ut
1757 881 1824 934 anl
1864 883 1999 935 iram

417 975 716 1032 provocent
748 982 852 1020 me.
888 968 972 1021 l9.
1009 965 1148 1020 Num
1184 985 1269 1021 me
1293 969 1392 1037 ipsi
1417 970 1484 1023 ad
1517 971 1652 1022 iram
1677 981 1999 1040 provocant,

416 1056 548 1111 dicit
585 1057 887 1113 Dominus?
941 1074 1120 1112 nonne
1165 1063 1514 1129 semctipsos,
1571 1071 1630 1115 ut
1675 1062 2006 1117 erubescant

416 1151 586 1205 facies
615 1153 845 1205 eorum?
871 1152 959 1204 20.
1003 1151 1230 1221 Propter
1267 1155 1367 1208 hoc
1407 1155 1520 1208 haec
1551 1155 1682 1208 dicit
1713 1157 1780 1222 >3(
1816 1155 2003 1209 Domi-

417 1257 518 1297 nus
549 1241 569 1309 ζ
599 1260 613 1297 :
653 1241 795 1298 Ecce
825 1243 900 1296 ira
931 1252 982 1298 et
1021 1243 1179 1298 furor
1205 1260 1359 1299 meus
1393 1246 1467 1315 (p)
1513 1245 1812 1299 cllunditur
1841 1262 2006 1315 super

417 1322 599 1390 locum
633 1336 800 1401 hunc,
827 1346 881 1391 et
911 1353 1076 1406 super
1104 1338 1376 1399 homines,
1415 1347 1470 1391 et
1518 1353 1684 1407 super
1731 1337 2001 1406 iumenta.

416 1435 471 1480 et
497 1442 663 1496 super
693 1443 858 1484 omne
884 1429 1092 1498 lignum
1123 1429 1261 1498 agri,
1291 1438 1345 1483 et
1372 1445 1536 1498 super
1557 1445 1750 1484 omnes
1783 1430 1856 1498 (ιι)
1882 1444 2006 1497 pro-

417 1529 612 1574 ventus
648 1529 844 1574 terrae:
880 1533 934 1575 et
976 1521 1320 1588 incendetur,
1357 1531 1412 1576 ct
1454 1539 1562 1576 non
1600 1522 2001 1591 exstinguctur.

415 1608 506 1661 2|.
546 1606 670 1664 llaec
691 1609 826 1664 dicit
859 1609 1123 1667 Dominus
1153 1617 1221 1681 )e(
1249 1613 1512 1666 virtutum
1552 1611 1695 1668 Deus
1730 1611 2002 1678 lsraelisﬁ:

422 1699 746 1757 lloloeausta
776 1713 954 1758 vestra
981 1713 1311 1774 congregatc
1335 1721 1459 1759 cum
1483 1704 1768 1760 sacriﬁciis
1787 1704 2002 1765 vestris,

416 1803 471 1848 et
508 1794 779 1849 comedite
810 1812 1031 1850 carnem
1066 1813 1084 1850 ε.
1125 1796 1214 1849 '22.
1271 1795 1400 1866 quia
1453 1810 1564 1848 non
1624 1795 1841 1849 locutus
1881 1809 2002 1848 sum

418 1886 486 1940 ad
516 1895 700 1955 patres
742 1897 974 1952 vestros,
1029 1905 1208 1957 neque
1254 1891 1484 1959 praecepi
1530 1888 1611 1942 eis
1657 1887 1851 1951 indie,
1899 1901 2008 1956 quo
2043 1866 2084 1922 Β

418 1983 580 2036 eduxi
613 1998 711 2037 eos
735 1999 800 2037 ex
847 1992 990 2037 terra
1031 1983 1272 2053 Egypti,
1303 1984 1370 2038 de
1396 1986 1463 2049 >δ<
1496 1981 1660 2036 verbo
1693 1980 1713 2048 ζ
1742 1981 2005 2035 holocau-

420 2082 655 2140 storum,
688 2085 743 2129 et
772 2075 1027 2129 sacriﬁcii
1061 2094 1074 2128 :
1105 2074 1195 2129 25.
1237 2075 1330 2130 sed
1368 2074 1414 2128 si
1450 2073 1677 2127 verbum
1727 2072 1830 2126 hoc
1865 2086 2004 2141 pra:-

419 2166 537 2236 cepi
564 2169 664 2228 eis,
692 2166 921 2221 dicens:
951 2166 1150 2221 Audite
1186 2182 1373 2222 vocem
1409 2181 1609 2228 meam,
1644 2174 1697 2219 et
1729 2179 1824 2218 ero
1853 2163 2008 2217 vobis

422 2257 476 2311 in
517 2257 706 2319 Deum.
744 2267 798 2312 et
830 2273 927 2312 vos
973 2259 1128 2314 eritis
1172 2259 1304 2312 mihi
1350 2259 1403 2312 in
1445 2258 1705 2328 populum
1750 2275 1764 2312 :
1805 2266 1860 2312 et
1891 2272 2008 2310 am-

423 2352 604 2406 bulate
627 2353 679 2405 in
707 2351 964 2408 omnibus
994 2353 1099 2407 viis
1131 2353 1287 2416 meis,
1327 2352 1382 2406 in
1421 2352 1488 2406 iis
1529 2367 1666 2422 quas
1696 2367 2009 2422 praecepero

419 2445 601 2510 vobis,
622 2454 680 2498 ut
708 2444 847 2499 bene
881 2446 952 2500 sit
987 2446 1163 2500 vobis.
1209 2445 1298 2499 24.
1339 2444 1404 2498 Ει
1439 2459 1547 2500 nou
1581 2444 1912 2498 audiverunt
1937 2446 2006 2510 Χ

421 2552 508 2590 me
537 2537 584 2604 ζ,
619 2553 794 2608 neque
821 2535 890 2607 (r)
921 2537 1153 2592 attendit
1184 2537 1331 2592 auris
1366 2552 1590 2602 eorum;
1632 2537 1724 2591 sed
1755 2536 2007 2589 ambula.

420 2629 622 2680 runtin
653 2628 1079 2698 cogitationibus
1115 2629 1298 2683 cordis
1336 2627 1422 2682 sui
1457 2628 1609 2691 mali,
1634 2637 1688 2682 et
1716 2627 1844 2682 facti
1878 2636 2008 2682 sunt

420 2727 747 2784 retrorsum,
781 2729 835 2774 et
867 2735 974 2774 non
1012 2719 1139 2776 facti
1167 2729 1294 2775 sunt
1321 2728 1664 2783 antrorsum,
1698 2720 1790 2774 25.
1824 2735 1886 2771 ex
1920 2719 2009 2773 die

421 2823 533 2877 quo
570 2811 774 2878 egressi
807 2819 938 2866 sunt
970 2820 1152 2880 patres
1181 2827 1372 2866 eorum
1403 2827 1468 2866 ex
1505 2820 1648 2866 terra
1685 2809 1927 2881 Egypti,
1954 2818 2010 2864 et

422 2916 600 2971 usque
645 2902 708 2956 in
751 2903 898 2958 diem
949 2903 1116 2958 hunc.
1154 2902 1220 2956 Et
1273 2902 1397 2958 misi
1438 2902 1506 2956 ad
1545 2917 1641 2956 vos
1673 2916 1864 2954 omnes
1894 2915 2009 2954 ser-

423 3008 521 3047 vos
553 3007 713 3048 meos.
733 2994 1044 3064 prophetas,
1072 2993 1159 3048 die
1190 2993 1260 3062 (ι)
1285 3002 1338 3048 et
1363 3007 1521 3046 mane
1545 3011 1560 3046 :
1589 3001 1643 3047 et
1673 2991 1818 3054 misi,
1839 2990 1929 3044 26.
1953 2999 2008 3044 et

425 3100 532 3137 non
612 3085 941 3140 audiverunt
986 3101 1094 3152 me,
1140 3094 1196 3140 et
1252 3103 1359 3140 non
1429 3085 1781 3140 attenderunt
1847 3099 2010 3139 aures

2107 603 2305 671 pel'ient
2337 605 2389 657 in
2415 603 2726 674 Thapheth,
2752 619 2817 658 eo
2853 605 3000 674 quod
3038 623 3148 660 non
3176 607 3248 661 sit
3284 608 3483 664 locus:
3521 612 3612 665 55.
3649 623 3702 667 et

2103 703 2267 748 erunt
2292 697 2491 750 mortui
2523 696 2711 766 populi
2739 697 2904 765 hujus
2939 698 3097 753 cibus
3129 699 3445 756 volucribus
3469 703 3617 766 coeli,
3649 715 3704 756 ct

2104 787 2294 842 bestiis
2321 797 2520 844 terrze:
2560 799 2614 844 et
2644 804 2753 843 non
2789 790 2912 854 erit,
2965 790 3059 858 qui
3104 791 3322 844 obviam
3365 801 3471 846 eat.
3509 794 3598 848 54.
3641 793 3704 849 Et

2104 891 2325 932 cessare
2365 879 2560 934 faciam
2591 896 2656 934 ex
2684 881 2918 936 urbibus
2941 879 3120 947 ludat,
3145 892 3200 937 et
3223 900 3289 938 ex
3316 885 3514 953 plateis
3544 885 3702 941 Jeru-

2106 967 2276 1021 salem
2315 967 2388 1038 tb)
2428 984 2616 1022 Vocem
2646 969 2970 1030 lzetantium,
3001 981 3057 1025 et
3090 987 3278 1026 vocem
3323 975 3700 1042 gaudentium,

2109 1073 2296 1112 vocem
2327 1061 2535 1128 sponsi,
2563 1071 2616 1116 et
2643 1078 2826 1116 vocem
2852 1078 3098 1132 sponsae;
3119 1066 3247 1134 quia
3266 1064 3319 1118 in
3342 1067 3702 1123 vastationem

2105 1153 2212 1205 erit
2251 1161 2417 1205 terra.

2180 1243 2332 1296 CAP.
2363 1242 2498 1297 Vill.
2523 1275 2590 1285 —
2616 1246 2664 1298 l.
2708 1243 2768 1299 In
2801 1249 3048 1315 tempore
3092 1247 3205 1312 illo,
3242 1247 3374 1303 dicit
3410 1249 3703 1314 Dominus,

2107 1337 2332 1392 efferen‘t
2355 1354 2483 1394 ossa
2518 1355 2706 1408 regum
2735 1339 2907 1403 Iudae,
2950 1349 3006 1395 et
3046 1358 3171 1396 ossa
3221 1343 3529 1414 principum
3557 1345 3702 1412 ejus,

2108 1437 2162 1482 et
2203 1443 2331 1483 ossa
2363 1431 2711 1484 sacerdotum
2746 1441 2800 1484 et
2843 1445 2967 1484 ossa
3013 1432 3430 1502 prophetarum,
3479 1443 3534 1488 ct
3574 1448 3701 1490 ossa

2108 1536 2298 1574 eorum
2325 1521 2418 1590 qui
2461 1521 2710 1575 habitant
2741 1521 2794 1574 in
2825 1521 3158 1589 Jerusalem,
3200 1539 3264 1578 ex
3307 1526 3579 1595 sepulcris
3609 1542 3675 1581 eo

2109 1628 2254 1674 rum,
2281 1615 2338 1664 2.
2363 1622 2417 1666 et
2444 1611 2760 1681 expandeut
2782 1627 2845 1666 ea
2884 1612 2955 1683 (ε)
2985 1615 3051 1668 ad
3087 1615 3282 1680 solem,
3317 1628 3382 1669 οε-
3415 1624 3469 1669 et
3509 1617 3574 1670 ad
3617 1617 3701 1672 lu-

2108 1718 2258 1766 nam,
2279 1711 2335 1756 et
2357 1703 2423 1756 ad
2456 1717 2650 1758 omnes
2679 1703 2866 1759 stellas
2893 1705 2940 1773 ζ,
2981 1715 3036 1758 et
3081 1706 3146 1759 ad
3198 1721 3416 1760 omnem
3451 1708 3702 1762 militiam

2110 1794 2256 1859 cwli,
2279 1809 2401 1864 qua:
2431 1801 2709 1859 amarunt,
2743 1804 2798 1849 et
2837 1796 3041 1864 quibus
3081 1797 3370 1852 coluerunt
3392 1800 3701 1863 servitium,

2112 1894 2167 1938 et
2195 1900 2338 1954 quos
2361 1885 2718 1939 ambularunt
2750 1897 2874 1957 post
2913 1902 3034 1952 eos,
3067 1899 3121 1942 et
3152 1889 3358 1956 quibus
3395 1889 3474 1958 (ά)
3515 1890 3701 1944 adlue-

2113 1987 2322 2040 serunt,
2346 1986 2401 2031 et
2429 1992 2551 2046 quae
2580 1977 2946 2032 adoraverunt
2975 1993 3062 2034 ea.
3098 1978 3167 2049 (ε)
3196 1979 3316 2033 Νοη
3356 1965 3702 2050 plangenlur,

2113 2083 2291 2136 nequc
2316 2069 2672 2138 sepelicutur:
2701 2070 2770 2139 (ι’)
2813 2071 2866 2125 in
2901 2071 3201 2127 ludibrium
3231 2089 3398 2143 super
3429 2073 3569 2130 facie
3596 2084 3704 2129 ter-

2112 2175 2188 2213 rae
2217 2169 2399 2214 erunt.
2434 2161 2487 2214 5.
2521 2160 2659 2227 Quia
2691 2161 2764 2232 lg)
2809 2162 3093 2233 elegerunt
3135 2173 3392 2229 mortem,
3426 2181 3592 2235 quam
3625 2165 3708 2218 vi-

2115 2259 2244 2306 tam.
2283 2251 2347 2306 Et
2396 2254 2654 2308 omnibus
2709 2253 2977 2322 residuis,
3023 2256 3116 2325 qui
3171 2258 3343 2312 relicti
3397 2256 3600 2314 fuerint
3639 2273 3703 2312 ex

2113 2344 2464 2413 generatione
2511 2347 2580 2414 )K
2617 2347 2759 2400 mala
2801 2345 2824 2412 ζ
2861 2347 2974 2410 illa,
3033 2348 3108 2418 (Ii)
3148 2347 3202 2402 in
3261 2349 3412 2403 omni
3468 2349 3608 2413 loco,
3638 2350 3705 2416 Χ

2115 2434 2205 2497 iis,
2249 2435 2343 2504 qui
2396 2435 2572 2490 relicti
2622 2435 2828 2490 fuerint
2875 2437 2923 2504 ζ,
2964 2437 3025 2507 (i)
3053 2453 3407 2508 quocumque
3449 2439 3716 2508 expulere

2112 2541 2208 2580 eos
2233 2527 2384 2590 illuc,
2417 2529 2483 2594 Χ
2511 2527 2644 2582 dicit
2675 2525 2945 2582 Dominus
2985 2529 3252 2584 virtutum
3287 2529 3335 2598 ζ.
3375 2531 3431 2583 4.
3464 2529 3531 2583 Ει
3560 2530 3716 2584 dices

2113 2620 2179 2684 »ξ
2206 2617 2274 2671 ad
2298 2633 2394 2672 eos
2419 2620 2466 2686 ζ,
2488 2619 2635 2688 quod
2663 2618 2778 2673 haec
2808 2619 2942 2674 dicit
2975 2617 3246 2675 Dominus
3273 2639 3285 2674 :
3312 2620 3452 2674 Num
3481 2622 3575 2691 qui
3615 2637 3713 2675 ca-

2113 2708 2214 2770 dit,
2261 2723 2368 2762 non
2417 2709 2686 2775 resurgit?
2711 2709 2764 2762 5.
2809 2719 2905 2763 aut
2935 2711 3030 2780 qui
3060 2711 3308 2775 dicessit,
3346 2726 3454 2766 non
3497 2728 3558 2766 se
3581 2727 3712 2767 cou-

2113 2809 2285 2854 vertet
2321 2800 2344 2853 ?
2383 2799 2565 2866 Quare
2620 2817 2850 2858 aversus
2904 2815 2989 2858 est
3063 2804 3293 2874 pepulus
3359 2804 3467 2869 hic,
3527 2806 3594 2870 Ἀ(
3659 2813 3714 2859 et
3805 2838 3808 2840 η

2112 2889 2417 2946 Jerusalem
2455 2893 2476 2960 ζ
2522 2894 2810 2948 aversione
2851 2894 2924 2965 (It)
2963 2897 3295 2966 importuna,
3336 2904 3391 2950 et
3423 2895 3550 2951 victi
3590 2894 3712 2948 fue-

2115 2992 2245 3038 runt
2275 2984 2327 3038 in
2359 2985 2590 3039 arbitrio
2619 3001 2746 3050 suo,
2789 2995 2844 3041 et
2892 3003 3002 3042 non
3048 2989 3343 3043 voluerunt
3383 3004 3442 3043 se
3483 3003 3712 3043 convcr-

2117 3083 2230 3130 tere
2251 3075 2274 3128 ?
2299 3074 2353 3130 6.
2381 3077 2444 3149 (Ι)
2476 3077 2755 3132 Altendite
2790 3095 2960 3147 nunc,
2983 3089 3037 3134 et
3058 3081 3262 3135 audite.
3297 3078 3491 3133 Nonne
3521 3079 3602 3134 sic
3635 3077 3715 3131 lo-

422 3193 634 3232 eorum:
659 3185 712 3232 et
741 3178 1071 3232 indurarunt
1102 3177 1164 3250 (t)
1196 3179 1461 3234 cervicem
1500 3193 1655 3234 suam
1695 3177 1817 3246 plus
1845 3193 2008 3246 quam

2116 3178 2385 3238 quunlur,
2425 3185 2534 3225 non
2579 3179 2664 3226 est
2705 3171 2893 3236 homo,
2944 3173 3038 3241 qui
3093 3173 3472 3242 pmuiteutiam
3511 3179 3632 3240 agat
3680 3185 3712 3223 a

424 3277 608 3336 patres
643 3283 857 3322 eorum.
891 3267 981 3321 27.
1034 3267 1099 3324 Et
1146 3269 1300 3324 dices
1349 3268 1433 3323 eis
1479 3283 1792 3322 sermonem
1843 3267 2010 3332 hunc,

427 3361 496 3429 Χ
536 3368 590 3413 ct
624 3375 732 3413 non
766 3361 990 3415 audient
1038 3370 1112 3425 te,
1164 3370 1220 3415 et
1273 3361 1500 3415 vocabis
1534 3377 1650 3427 eos,
1682 3369 1736 3414 et
1775 3376 1885 3414 non
1927 3375 2014 3413 re-

427 3450 776 3519 spondebunt
805 3451 926 3516 tibi,
951 3452 1042 3507 28.
1069 3462 1124 3507 et
1153 3452 1303 3507 dices
1333 3453 1414 3507 eis
1450 3452 1471 3520 ζ
1502 3471 1514 3506 :
1547 3451 1672 3507 llaec
1705 3467 1860 3521 gens,
1892 3467 2014 3520 quae

428 3556 537 3596 non
569 3542 779 3596 audivit
808 3559 994 3598 vocem
1025 3543 1236 3598 Domini
1274 3543 1364 3598 Dei
1399 3559 1615 3610 eorum,
1649 3560 1828 3614 neque
1859 3560 2012 3598 rece-

430 3635 508 3703 pit
534 3635 887 3705 disciplinam
911 3656 922 3690 :
956 3637 1151 3691 deiecit
1179 3637 1331 3701 ﬁdes,
1356 3639 1426 3706 Β(
1450 3647 1504 3691 et
1534 3638 1746 3692 sublata
1771 3646 1856 3692 est
1889 3639 1909 3705 ζ
1945 3655 2008 3694 ex

429 3744 523 3782 ore
553 3744 768 3783 eorum.
801 3729 891 3784 29.
929 3730 1006 3799 (υ)
1047 3728 1234 3784 Toude
1281 3741 1448 3801 caput
1489 3739 1664 3796 tuum,
1698 3741 1753 3785 et
1787 3732 2011 3800 projice,

429 3828 484 3871 et
520 3833 676 3873 sume
704 3835 868 3889 super
896 3821 1036 3874 labia
1069 3831 1160 3874 tua
1191 3821 1656 3887 lamentationem;
1681 3822 1807 3890 quia
1835 3837 2018 3891 repro-

431 3910 581 3964 havit
633 3910 916 3974 Dominus.
970 3921 1024 3965 et
1074 3912 1271 3981 repulit
1312 3912 1718 3982 generationem
1761 3913 1861 3983 (x),
1895 3930 2017 3983 quae

432 4002 563 4056 facit
588 4002 736 4057 lucc:
763 4002 852 4056 '50.
875 4005 1004 4072 quia
1024 4004 1266 4058 fecerunt
1281 4003 1540 4060 ﬁliiJudae
1551 4006 1698 4075 quod
1721 4006 1922 4059 malum
1939 4007 2014 4075 (ει)

434 4102 623 4141 coram
657 4103 767 4154 me,
801 4090 935 4145 dicit
970 4091 1256 4158 Dominus,
1292 4093 1698 4148 constituerunt
1725 4095 2014 4150 abomina-

436 4179 612 4234 tiones
657 4196 786 4236 suas
831 4181 886 4237 in
941 4183 1124 4248 domo,
1172 4199 1279 4254 qua
1321 4185 1632 4239 invocatum
1686 4195 1772 4241 est
1817 4201 2015 4240 nomen

432 4290 614 4330 meum
654 4290 819 4346 super
839 4292 924 4342 ea,
962 4287 1022 4331 ut
1054 4279 1359 4347 polluerent
1382 4297 1502 4336 eam
1531 4299 1546 4335 :
1575 4283 1662 4336 3|.
1694 4292 1749 4336 et
1774 4283 2014 4338 aediﬁca-

433 4374 562 4419 runt
579 4365 653 4433 (χ.)
676 4381 826 4419 aram
851 4367 1208 4438 Thaphctltis,
1229 4386 1350 4438 quae
1367 4381 1451 4426 est
1473 4372 1524 4425 in
1549 4373 1688 4427 valle
1707 4372 1829 4428 Filii
1848 4372 2016 4439 Num,

435 4455 499 4507 ad
531 4457 969 4511 comburendum
1007 4459 1147 4514 ﬁlios
1174 4475 1326 4524 suos,
1359 4470 1414 4514 et
1446 4461 1583 4517 ﬁlias
1619 4478 1754 4517 suas
1779 4463 1831 4517 in
1859 4462 2010 4534 igne;

2126 3261 2334 3315 malitia
2360 3278 2483 3326 sua,
2512 3262 2703 3319 dicens
2741 3283 2753 3317 :
2799 3262 2939 3329 Quid
2983 3263 3125 3318 feci!
3152 3263 3401 3318 Cessavit
3423 3277 3651 3318 currens
3681 3277 3714 3315 a

2121 3365 2288 3404 cursu
2327 3366 2449 3417 suo,
2488 3352 2630 3408 sicut
2679 3369 2855 3422 equus
2895 3353 2992 3424 (in)
3039 3354 3255 3408 irruens
3288 3357 3378 3424 t”)
3408 3354 3463 3407 in
3501 3353 3718 3406 hitinitu

2124 3459 2251 3499 suo.
2287 3443 2337 3499 7.
2374 3443 2441 3498 Et
2471 3447 2548 3516 (η)
2577 3447 2730 3500 asida
2759 3447 2812 3500 in
2845 3450 2987 3503 coelo
3010 3449 3266 3520 cognovit
3295 3457 3510 3517 tempus
3529 3461 3716 3508 suum,

2126 3545 2327 3602 turtur,
2363 3537 2436 3606 (ο)
2468 3546 2522 3592 et
2557 3537 2811 3598 hirundo.
2853 3553 2904 3594 -ι-
2966 3540 3193 3594 avicula:
3237 3540 3351 3609 agri
3385 3538 3408 3607 ζ
3445 3537 3718 3592 custodie-

2123 3636 2254 3682 runt
2288 3631 2355 3696 κ(
2386 3637 2631 3698 tempora
2662 3629 2684 3698 ζ
2748 3632 3098 3698 ingressuum
3156 3646 3381 3687 suorum
3409 3649 3422 3685 :
3481 3629 3719 3699 populus

2125 3730 2306 3774 autem
2323 3736 2478 3776 meus
2502 3738 2609 3776 non
2632 3724 3220 3794 cognoverunljudicia
3240 3724 3476 3779 Domini.
3497 3724 3548 3778 8.
3564 3723 3715 3788 Quo-

2126 3813 2291 3868 modo
2317 3813 2499 3868 dicitis
2537 3831 2552 3868 :
2595 3815 2750 3880 Quod
2795 3817 3072 3885 sapientes
3123 3833 3317 3873 sumus
3370 3833 3493 3885 nos,
3543 3826 3597 3870 et
3631 3816 3716 3868 lex

2127 3904 2342 3958 Domini
2369 3913 2453 3960 est
2483 3907 2817 3961 nobiscum?
2850 3911 2917 3976 ὴ(
2947 3907 3172 3978 Propter
3207 3909 3310 3964 hoc
3349 3907 3370 3976 ζ
3419 3909 3472 3962 in
3514 3921 3716 3960 vanum

2127 3995 2306 4052 factus
2331 4006 2415 4052 est
2449 3998 2694 4053 calamus
2727 4002 2960 4054 mendax
3001 4002 3221 4056 scribis.
3273 4001 3327 4056 9.
3365 3999 3718 4054 Erubuerunt

2127 4090 2424 4159 sapientes,
2452 4102 2792 4158 expaverunt
2816 4133 2830 4156 ,
2858 4103 2912 4147 et
2951 4095 3092 4163 capti
3123 4105 3289 4157 sunt;
3329 4093 3458 4163 quia
3489 4091 3717 4145 verbum

2128 4177 2344 4234 Domini
2374 4182 2758 4250 reprobarunt.
2811 4184 2888 4252 (p)
2919 4181 3196 4252 Sapientia
3243 4185 3318 4253 (τι)
3369 4197 3493 4252 quae
3537 4190 3621 4236 est
3660 4183 3719 4234 in

2125 4271 2250 4327 eis?
2282 4272 2366 4327 10.
2415 4271 2647 4342 Propter
2689 4273 2794 4328 hoc
2843 4274 2985 4328 dabo
3031 4289 3228 4329 uxores
3256 4289 3448 4328 eorum
3479 4272 3622 4338 aliis,
3663 4283 3719 4325 ct

2128 4380 2290 4436 agros
2315 4379 2504 4420 eorum
2539 4366 2846 4421 han-edibus
2874 4386 2884 4420 :
2925 4369 2990 4432 >ε<
3020 4368 3147 4436 quia
3178 4382 3208 4419 a
3251 4380 3422 4435 parvo
3446 4378 3636 4419 eorum
3663 4374 3719 4418 et.

2129 4472 2306 4526 usque
2336 4457 2402 4512 ad
2433 4473 2690 4526 magnum
2723 4473 2914 4511 eorum
2938 4457 3275 4526 quicumque
3303 4454 3479 4508 illudit
3503 4452 3716 4514 fraude,

433 4546 577 4613 quod
611 4561 718 4600 non
749 4548 979 4618 praecepi
1001 4549 1099 4613 eis,
1124 4565 1301 4618 neque
1330 4551 1561 4622 cogitavi
1592 4552 1646 4605 in
1680 4553 1848 4608 corde
1874 4569 2018 4608 meo.
2055 4563 2099 4617 ι)
2129 4569 2157 4607 a
2191 4553 2453 4624 propheta
2498 4567 2673 4622 usque
2724 4553 2792 4606 ad
2838 4554 3179 4607 sacerdotem
3225 4553 3559 4621 quicumque
3587 4547 3718 4602 facit

434 4639 524 4692 32.
557 4637 786 4708 Propter
816 4641 920 4694 hoc
949 4655 1077 4695 cccc
1116 4643 1234 4698 dies
1275 4645 1521 4710 veniunt,
1557 4645 1692 4699 dicit
1727 4644 2017 4707 Dominus;

433 4741 490 4786 ct
518 4748 626 4787 non
672 4733 854 4789 dicent
887 4733 1142 4803 amplius,
1182 4737 1291 4789 Ara
1345 4733 1708 4805 Thaphethis,
1756 4745 1811 4790 et
1862 4737 2019 4791 vallis

509 5025 585 5095 (η)
634 5025 716 5090 8.,
758 5025 1014 5095 depsunt.

1093 5028 1167 5096 (o‘
1209 5027 1459 5097 Reliqui,
1495 5026 1876 5098 reginarum“.
1922 5027 2118 5090 Aliter,
2153 5029 2374 5098 reginae.

2127 4645 2444 4715 iniquitates
2476 4664 2486 4699 :
2525 4646 2609 4700 ll.
2641 4654 2694 4700 ct
2722 4655 2989 4700 curarunt
3019 4644 3345 4699 fractionem
3377 4643 3500 4697 ﬁliae
3531 4641 3713 4710 populi

2128 4739 2233 4792 mei
2280 4753 2444 4807 super
2476 4737 2853 4809 ignominiam,
2886 4738 3149 4805 dicentes,
3186 4737 3321 4803 Pax,
3348 4753 3474 4808 pax,
3505 4743 3561 4790 et
3605 4749 3712 4789 nou

2822 5028 3167 5084 redundabit.

2454 5029 2531 5099 (p)
2572 5032 2662 5091 Α..
2699 5030 2782 5093 8.,
2822 5028 3167 5084 redundabit.
3254 5028 3328 5098 (ιι)
3355 5031 3446 5094 Α.,
3476 5026 3561 5091 8.,
3603 5029 3714 5083 l'ru-

437 5103 605 5170 ctum.
679 5098 748 5163 (r)
776 5095 1001 5167 Reliqui,
1048 5095 1447 5170 ιηὶιΙίιιτιι-ιιιη.⁸
1480 5095 1666 5170 (ε)Ἀ.,
1697 5096 1781 5162 8.,
1817 5114 1941 5153 cum
1980 5095 2250 5168 praevenit:
2282 5109 2338 5154 ct
2362 5095 2537 5153 mitto.
2615 5100 2678 5170 (ι)
2713 5099 2798 5160 8.,
2829 5100 3072 5155 cervices
3103 5095 3435 5162 suasfmale
3464 5099 3716 5152 fecerunt

438 5165 565 5236 plus
587 5183 750 5236 quam
783 5165 964 5236 patres
995 5184 1208 5222 eorum.

436 5235 818 5290 rectitudinein
878 5235 1342 5294 lamentationem.

439 5304 525 5370 8.,
558 5308 773 5362 excelsa
811 5306 1129 5374 Thaphetis.

438 5375 644 5430 Dmcu.
721 5377 798 5445 (a)
832 5379 920 5440 A.,
953 5377 1036 5441 8.,
1075 5378 1438 5433 mactationis.

437 5445 519 5516 id)
566 5446 656 5504 Α..
697 5463 820 5514 quae
869 5449 1265 5516 quaesiverunt.

437 5531 590 5571 mors
613 5518 755 5586 plus,
778 5534 942 5586 quam
973 5520 1103 5572 vita.

439 5586 502 5651 (ι)
540 5589 632 5650 A.,
667 5589 752 5649 8.,
793 5589 1022 5645 intuitus
1062 5604 1202 5654 sum,
1226 5586 1286 5642 et
1335 5589 1539 5642 audivi.

1421 5239 1499 5313 (φ)
1793 5255 1922 5293 sua'.
1963 5239 2045 5301 8.,
2079 5238 2166 5313 cui
2202 5239 2373 5313 iratus
2405 5249 2506 5313 est.
2585 5241 2662 5309 (y)
2702 5242 2791 5303 Α.,
2833 5241 2920 5313 8.,
2953 5238 3028 5292 in,
3053 5257 3126 5313 oc}

1211 5310 1275 5376 (Ἴ
1313 5307 1384 5361 Ita
1419 5310 1502 5364 bis
1546 5307 1598 5361 in
1642 5308 1866 5378 Syriaco
1899 5317 2066 5363 textu.
2105 5309 2280 5375 Quam
2319 5307 2657 5364 iterationem
2690 5327 2795 5364 non
2835 5310 3038 5364 habent
3073 5307 3234 5364 Hebr.
3282 5319 3336 5362 et
3369 5326 3475 5363 ιιι
3513 5307 3708 5364 uestri.

1519 5377 1593 5447 (bl
1629 5377 1718 5444 A.,
1754 5393 1940 5432 vocem
1979 5382 2186 5447 gaudii,
2217 5391 2271 5432 ct
2301 5396 2488 5434 vocem
2529 5381 2847 5433 laetantium.

1370 5449 1566 5518 (c)A.,
1608 5465 1715 5502 non
1748 5449 2088 5518 colligeutur.

1213 5519 1288 5588 (Ir)
1315 5519 1406 5582 Α.,
1439 5517 1522 5580 8.,
1553 5519 1604 5572 in
1635 5517 1892 5572 omnibus
1934 5519 2085 5573 locis.

1619 5589 1714 5656 (m)
1762 5590 1850 5653 4.,
1877 5588 2083 5642 cﬂ'usus
2111 5588 2414 5643 inbcllum.

1288 5169 1364 5238 (τι)
1410 5167 1498 5234 8.,
1534 5169 1697 5222 tonde
1738 5183 1950 5222 comam
1984 5167 2247 5239 sanctam
2313 5171 2622 5225 nazireatus
2662 5167 2777 5234 'tui,
2829 5181 2883 5224 et
2929 5171 3200 5239 disperge,
3244 5179 3300 5224 et
3338 5184 3495 5223 sume
3547 5184 3719 5237 super

2953 5240 3005 5292 in
3053 5241 3229 5309 oculis
3262 5240 3422 5292 meis.
3501 5239 3574 5309 (κ)
3622 5244 3709 5302 Α..

2929 5383 2998 5449 (ε)
3037 5381 3128 5443 Α.,
3165 5382 3218 5433 in
3249 5379 3364 5435 sole
3389 5389 3444 5433 et
3474 5379 3526 5431 in
3556 5380 3685 5432 luua

2197 5451 2265 5518 (1³)
2314 5451 2404 5513 Α..
2441 5450 2527 5516 8.,
2575 5452 2625 5502 in
2669 5453 2880 5504 limum.
2996 5452 3072 5519 (g)
3117 5453 3204 5510 Α..
3240 5450 3366 5509 ΤΙι..
3395 5460 3449 5502 et
3475 5449 3712 5518 eligetur

2167 5520 2228 5596 (ξ)
2397 5519 2477 5586 8.,
2501 5536 2624 5596 quo
2659 5520 2888 5596 dispersi
2923 5535 3038 5596 eos.
3114 5520 3187 5588 (k)
3221 5521 3311 5583 Α.,
3347 5520 3434 5582 8.,
3469 5519 3708 5586 litigosa.

2490 5592 2576 5660 (’⁶)
2612 5599 2762 5653 κων
2801 5590 3086 5658 legendum
3117 5601 3268 5658 pulo.
3305 5605 3402 5659 pro
3431 5597 3574 5651 “my
3613 5604 3712 5642 ςο..

438 5657 598 5739 dicis;
633 5655 893 5738 Norberg.
973 5658 1182 5739 (ηλΑη
1219 5659 1453 5739 ciconia,
1493 5655 1865 5739 .S.,.Iltithts."
1916 5661 1989 5725 (ο)
2145 5664 2313 5739 tcltix_
2336 5655 2597 5739 [Yerbum
2625 5660 2768 5739 quod
2803 5655 2998 5739 legitur
3026 5661 3079 5712 in
3112 5655 3320 5739 codice,
3346 5667 3709 5739 optumnon

439 5736 522 5801 est
566 5725 875 5801 Syriacum,
905 5725 997 5782 sed
1033 5728 1282 5801 Graecum
1333 5727 1534 5801 téjtza,
1567 5730 1774 5783 cicada.
1829 5727 1932 5780 Pro
1975 5731 2120 5782 lclies
2171 5725 2557 5798 quod'Latiuc
2611 5725 2778 5785 edidit
2809 5725 3072 5800 Net-berg,
3103 5725 3466 5801 reposuimus,
3523 5731 3704 5783 tettix.

444 5792 676 5865 ωιλαμ]
705 5808 758 5850 et
787 5798 1043 5853 hirundo.
1125 5798 1202 5868 (p)
1243 5801 1332 5863 Α.,
1374 5797 1452 5863 5.,

1489 5800 1753 5866 sapientia
1788 5801 1946 5867 cujus
1981 5803 2080 5854 eis.

2163 5803 2235 5869 (τι)
2267 5801 2529 5868 Amplius.
