4134 6430
417 380 559 440 2⁸519

1593 389 1825 444 CODEX
1868 388 2526 445 SYRO—llEX.\PLARlS

3520 430 3527 436 -
3547 391 3694 447 2320

419 513 583 568 stras,
619 501 863 570 ingressa
911 510 1003 558 est'
1038 502 1113 572 (g)
1159 502 1211 559 iu
1259 512 1458 558 terram
1506 514 1741 558 vestram
1783 504 1850 558 aal
1885 518 2006 573 per-
2037 511 2081 565 Α
2111 501 2179 555 tis
2215 520 2229 556 :
2275 502 2392 567 dii,
2426 500 2521 571 qui
2556 499 2759 555 malum
2789 509 2843 555 et
2875 510 3073 557 terram
3120 518 3232 558 non
3263 502 3534 568 fecerunt,
3573 520 3706 574 per-

420 593 656 648 dendum
702 593 959 660 parvulos
993 609 1024 647 a
1060 593 1218 656 foris,
1249 603 1304 648 et
1344 593 1575 663 juvenes
1613 594 1680 648 de
1710 594 1903 663 plateis
1938 595 2006 663 χ

421 693 613 736 morte.
646 681 738 735 ‘22.
772 680 899 737 [lene
926 682 1063 738 dicit
1091 683 1354 737 Dominus
1383 683 1406 749 1
1438 698 1451 735 :
1480 683 1556 750 (Ii)
1585 682 1648 734 Et
1672 692 1835 736 erunt
1863 698 2008 735 rnor-

419 773 499 827 tui
521 773 808 829 hominum
830 774 1124 829 ludibrium
1144 789 1305 844 super
1323 773 1460 828 facio
1476 774 1652 843 campi
1677 789 1737 829 -ε-
1756 784 2009 827 terrmvc-

418 876 546 920 stne
573 865 619 933 1,
647 876 700 920 et
732 876 790 921 ιιι
817 867 1022 922 ΐωιιιιηι
1054 879 1174 935 post
1202 881 1524 925 messorem.
1552 875 1607 920 et
1630 882 1734 919 non
1762 867 1884 928 erit,
1912 865 2006 934 qui

419 968 737 1029 congregat.
771 959 863 1012 25.
909 956 1034 1011 llaec
1067 957 1199 1010 dicit
1228 954 1496 1010 Dominus
1536 973 1550 1008 :
1592 954 1710 1010 Non
1742 957 2007 1025 glorietur

420 1049 638 1117 sapiens
673 1050 725 1102 in
759 1048 1027 1116 sapientia
1060 1063 1183 1111 sua,
1215 1057 1269 1101 et
1305 1064 1413 1100 nan
1456 1049 1719 1117 glorietur
1760 1045 1920 1100 fortis
1951 1046 2003 1099 in

421 1139 741 1195 fortitudine
786 1155 908 1205 sua,
942 1149 998 1195 et
1045 1154 1153 1193 non
1206 1137 1469 1207 glorietur
1517 1137 1671 1191 dives
1711 1137 1765 1190 in
1801 1136 2008 1190 divitiis

423 1233 541 1288 suis
571 1250 586 1285 :
615 1231 708 1286 24.
746 1231 840 1284 Sed
869 1231 922 1283 in
954 1230 1060 1283 hoc
1084 1229 1346 1299 glorietur
1371 1228 1464 1297 qui
1491 1228 1775 1298 gloriatur,
1805 1226 2007 1280 intelli-

416 1338 564 1393 gere,
595 1333 645 1376 et
676 1336 840 1376 nosse
862 1335 966 1384 me,
1007 1320 1152 1389 quod
1182 1335 1283 1389 ego
1310 1334 1432 1374 sum
1478 1319 1742 1372 Dominus
1761 1319 1851 1386 qui
1875 1315 2007 1370 facit

417 1412 874 1476 misericordiam,
893 1421 949 1467 et
970 1411 1262 1481 judicium,
1282 1421 1335 1465 et
1353 1411 1621 1480 justitiam
1642 1426 1807 1479 super
1838 1420 2002 1475 terra;

414 1507 543 1576 quia
562 1504 615 1557 in
635 1503 720 1559 his
735 1507 989 1559 voluntas
1007 1503 1290 1568 mea,dirit
1309 1502 1591 1556 Dominus.
1613 1502 1702 1556 25.
1730 1501 1864 1557 Ecce
1887 1503 2005 1557 dies

414 1597 663 1660 veniunt,
693 1595 826 1650 dicit
861 1594 1147 1660 Dominus,
1178 1604 1233 1650 et
1272 1595 1506 1649 visitabo
1538 1595 1595 1661 (ί)
1622 1609 1785 1663 Super
1814 1609 2005 1649 omnes

414 1687 774 1744 circumcisus
817 1687 1100 1758 praeputiis
1133 1687 1250 1743 suis
1284 1705 1297 1740 :
1341 1687 1430 1740 Ξϐ.
1482 1702 1648 1756 super
1681 1685 2000 1757 IEgyptum,

413 1788 469 1834 et.
493 1794 661 1849 super
689 1777 958 1845 Judaaant,
984 1788 1039 1835 et
1063 1795 1227 1848 super
1255 1780 1567 1843 Idumaeam,
1593 1788 1649 1833 et
1676 1794 1839 1847 super
1859 1779 2003 1834 filios

414 1848 674 1935 Ammon,
710 1885 773 1926 -ι-
815 1879 870 1926 et
907 1887 1072 1941 super
1120 1871 1264 1926 ﬁlios
1295 1872 1319 1939 1
1370 1870 1558 1936 Moab,
1589 1878 1644 1925 et
1681 1886 1843 1939 super
1878 1885 2001 1923 om-
2036 1848 2075 1902 Β

416 1977 540 2016 nem
580 1964 889 2018 tendentem
925 1979 1050 2034 qua
1075 1979 1240 2033 super
1276 1963 1470 2018 facient
1510 1979 1690 2027 suam,
1724 1965 1816 2033 qui
1850 1964 2004 2017 habi-

416 2058 533 2104 tant
557 2050 613 2104 in
630 2050 880 2114 deserto;
897 2053 1025 2122 quia
1041 2067 1232 2107 omnes
1248 2062 1434 2122 gentes
1457 2052 1527 2121 (Ic)
1542 2068 1648 2107 non
1668 2054 2006 2108 circumcisa:

418 2153 484 2195 -ι-
515 2156 681 2196 carne
715 2141 779 2208 1.
840 2150 895 2196 et
929 2141 1111 2196 omnis
1146 2141 1344 2197 domus
1378 2140 1597 2199 lsraelis
1646 2143 1709 2215 (ι)
1748 2158 1857 2197 non
1893 2143 2003 2198 cir-

417 2231 651 2286 cumcisi
689 2232 854 2288 corde
883 2248 1011 2287 suo.

484 2322 619 2393 Cap.
660 2321 1087 2379 X.——l.Audite
1111 2324 1514 2395 verbum,quod
1540 2325 1756 2380 locutus
1788 2334 1872 2380 est
1896 2324 2007 2378 Do-

414 2415 598 2469 minus
631 2430 794 2483 super
823 2430 944 2478 vos,
969 2415 1167 2470 domus
1198 2413 1439 2471 lsraclis.
1472 2416 1529 2470 2.
1572 2414 1697 2471 Haec
1730 2416 1856 2470 dicit
1891 2416 1999 2471 Do-

415 2506 598 2559 minus
630 2505 652 2573 1
681 2522 694 2558 :
722 2503 885 2559 Juxta
917 2506 1035 2560 vias
1057 2506 1298 2576 gentium
1331 2522 1399 2562 ne
1430 2507 1678 2571 discatis,
1699 2517 1751 2561 et
1772 2523 1802 2561 a
1829 2507 2001 2577 signis

413 2598 538 2652 coeli
569 2612 635 2651 ne
676 2597 934 2651 metuatis
967 2598 1064 2665 (ιη)
1100 2598 1123 2665 1
1158 2598 1286 2668 quia
1321 2606 1574 2653 metuunt
1607 2601 1674 2652 ah
1713 2599 1794 2654 eis
1834 2598 2000 2656 facies

410 2704 603 2745 eorum
644 2692 665 2760 1
712 2691 767 2744 5.
803 2691 931 2762 quia
979 2692 1217 2762 legitima
1249 2691 1491 2760 gentium
1538 2707 1676 2745 vana
1724 2702 1874 2746 sunt.
1906 2691 1999 2745 Li—

412 2796 604 2849 gnum,
639 2782 785 2851 quod
824 2798 893 2837 ex
939 2782 1075 2836 silva
1107 2798 1309 2837 caesum
1336 2824 1351 2848 ,
1400 2798 1541 2852 opus
1571 2784 1638 2850 Χ
1670 2798 1929 2836 manuum
1972 2782 1993 2849 1

414 2872 555 2926 fabri
583 2873 797 2944 lignarii
818 2914 836 2939 ,
865 2885 921 2929 et
947 2873 1206 2929 conllatio
1229 2916 1243 2939 ,
1275 2874 1329 2930 4.
1364 2884 1610 2945 argento.
1646 2884 1699 2928 et
1742 2890 1878 2928 auro
1906 2876 2001 2930 de-

411 2974 596 3020 corata
638 2975 768 3021 sunt
811 2986 823 3020 :
881 2966 1097 3022 laminis
1136 2965 1328 3022 ferreis
1371 2975 1426 3020 et
1465 2968 1676 3021 malleis
1710 2968 1999 3021 firmarunt

410 3072 498 3119 ea,
528 3066 582 3112 et
605 3056 717 3111 non
735 3058 1126 3112 movebuntur:
1161 3059 1215 3113 9.
1243 3062 1319 3127 (η)
1342 3069 1622 3129 argentum
1653 3059 1725 3130 (0)
1757 3066 1995 3114 tractum

412 3153 562 3212 sunt,
588 3162 694 3201 non
737 3146 893 3201 ibunt
930 3163 943 3175 ·
984 3161 1048 3203 σι-
1084 3158 1366 3217 argentum
1398 3149 1708 3217 disruptum
1738 3166 1804 3204 ex
1827 3148 1998 3203 Thar-
2025 3178 2067 3233 ο

410 3237 489 3293 sis
522 3252 534 3283 ε
574 3238 757 3292 veniet
787 3253 980 3292 aurum
1018 3239 1093 3309 (ρ)
1129 3238 1356 3308 Mophaz
1389 3258 1403 3294 :
1430 3250 1485 3295 et
1512 3257 1708 3295 manus
1749 3242 1998 3296 conflan-

412 3328 548 3382 tium
581 3344 818 3383 aurum:
853 3344 1019 3398 opera
1076 3330 1346 3385 artificum
1412 3333 1599 3386 omnia
1636 3349 1650 3385 .
1704 3333 2000 3404 hyacintho

407 3429 465 3474 et
494 3434 733 3489 purpura
764 3419 992 3474 induent
1020 3435 1083 3474 ea
1127 3421 1150 3487 1
1193 3436 1207 3471 :
1239 3422 1292 3476 5.
1320 3424 1586 3491 portando
1614 3424 1996 3492 portabuntur,

409 3511 538 3579 quia
570 3528 676 3565 non
712 3511 984 3567 incedent.
1021 3512 1099 3568 Ne
1144 3514 1385 3568 timeatis
1425 3529 1510 3577 ea,
1545 3516 1671 3584 quia
1703 3532 1808 3571 non
1839 3518 2002 3571 male-

410 3605 631 3667 l‘aciem,
664 3613 720 3659 et
759 3605 962 3660 bonum
1001 3621 1109 3659 non
1146 3615 1295 3662 sunt.
1338 3606 1391 3661 6.
1444 3610 1509 3675 )9:
1551 3606 1705 3664 Unde
1747 3607 1821 3678 (q)
1856 3611 2001 3664 sicut

411 3705 489 3759 tu,
524 3694 771 3761 Domine,
805 3712 1037 3766 magnus
1062 3715 1121 3754 es
1149 3707 1226 3763 tu,
1251 3708 1306 3753 et
1330 3715 1585 3769 magnum
1613 3714 1811 3755 nomen
1843 3708 1996 3754 tuum

408 3783 465 3838 in
499 3787 758 3855 potentia.
794 3784 846 3840 7.
879 3786 1016 3852 Quis
1060 3803 1170 3841 non
1212 3789 1424 3842 timebit
1455 3797 1506 3841 te
1530 3828 1547 3851 ,
1598 3802 1692 3841 rex
1731 3788 1996 3857 gentium,

407 3876 537 3944 quia
571 3875 666 3929 tibi
702 3883 787 3929 est
812 3873 882 3944 (ν)
913 3877 1246 3930 conveniens
1280 3878 1536 3942 adorare;
1571 3877 1700 3945 quia
1732 3878 1784 3930 in
1820 3880 2000 3932 omni-

409 3965 512 4020 bus
544 3966 883 4035 sapientibus
908 3966 1174 4035 gentium,
1216 3966 1286 4036 (ε)
1318 3976 1374 4021 et
1400 3968 1453 4019 in
1490 3969 1750 4023 omnibus
1780 3968 1998 4039 regibus

406 4070 599 4109 eorum
629 4055 776 4109 unde
801 4054 944 4110 sicut
966 4066 1042 4119 tu,
1077 4052 1305 4110 Domine
1326 4056 1349 4110 ?
1371 4056 1426 4112 8.
1457 4056 1521 4126 (ι)
1550 4065 1605 4111 et
1635 4057 1687 4110 in
1721 4074 1830 4111 uno
1856 4066 1995 4112 tem-

409 4162 541 4215 pore
590 4147 966 4209 incendentur,
1009 4156 1064 4201 et
1111 4146 1554 4211 iulirmalnmtur,
1602 4149 1678 4221 (ει)
1710 4165 1804 4204 cor
1835 4165 1999 4204 vano-

411 4255 527 4292 rum
558 4239 765 4310 lignum
795 4249 881 4295 est
924 4260 936 4294 :
969 4240 1022 4295 9.
1063 4249 1348 4309 argentum
1377 4243 1726 4311 productum,
1756 4243 1905 4313 quod
1929 4260 1993 4298 ex

409 4330 636 4388 Tharsis
665 4335 836 4394 venit,
866 4342 921 4388 et
946 4349 1142 4387 aurum
1180 4333 1256 4405 (ac)
1284 4350 1350 4389 ex
1384 4332 1591 4404 Uphaz.
1635 4350 1799 4404 Opera
1835 4334 1994 4402 fabri,

406 4431 457 4478 et
493 4438 756 4478 manuum
800 4422 1090 4478 conflatilis
1138 4438 1356 4488 aurum,
1403 4423 1735 4494 hyacinthus
1775 4432 1831 4478 et
1866 4439 1996 4493 pur-

2108 603 2237 649 eant
2265 608 2334 648 ex
2366 602 2532 657 terra,
2571 600 2626 648 et
2654 608 2723 648 ex
2760 594 2863 648 sub
2909 594 3051 649 coelo
3096 598 3222 651 hoc.
3281 595 3369 649 12.
3414 594 3701 659 Dominus,

2108 685 2200 754 qui
2239 684 2365 739 fecit
2392 693 2593 738 terram
2622 685 2676 738 in
2714 685 2912 740 robore
2939 701 3062 751 suo,
3090 687 3186 755 qui
3216 689 3294 757 (ῃ)
3329 694 3543 741 rectum
3574 686 3705 741 fecit

2107 776 2292 830 orbem
2328 776 2383 829 in
2420 776 2686 844 sapientia
2726 792 2825 830 sua
2851 816 2867 839 ,
2900 784 2953 829 ct
2996 778 3048 830 iu
3099 779 3289 832 subtili
3343 779 3702 847 intelligentia

2108 884 2206 922 sua
2261 868 2506 922 extendit
2544 868 2771 930 cmlum,
2837 869 2917 922 l3.
2960 870 3026 936 X
3060 877 3114 922 et
3158 871 3250 939 qui
3291 869 3367 939 (ι)
3415 870 3469 923 in
3511 884 3698 925 vocent

2108 958 2204 1012 dat
2235 958 2259 1026 1
2292 959 2696 1013 multitudinem
2728 974 2884 1027 aqua:
2913 960 2969 1013 in
2998 961 3142 1015 ccelo
3181 978 3196 1015 :
3229 969 3283 1015 et
3310 961 3500 1015 eduxit
3530 963 3703 1018 nubett

2108 1050 2178 1103 ab
2206 1058 2451 1104 extremo
2496 1058 2655 1105 terrae
2702 1067 2717 1105 :
2762 1050 2978 1120 fulgura
3023 1052 3219 1120 pluvia:
3250 1050 3404 1117 fecit,
3434 1060 3489 1106 et
3512 1054 3703 1108 eduxit

2109 1147 2305 1194 ventos
2332 1154 2398 1193 ex
2427 1140 2699 1196 thesauris
2729 1142 2869 1196 suis.
2902 1141 2990 1197 14.
3019 1139 3283 1197 lusanivit
3318 1142 3502 1198 omnis
3531 1143 3701 1197 homo

2108 1245 2137 1283 a
2178 1231 2404 1284 scientia
2442 1245 2457 1284 :
2505 1232 2727 1286 erubuit
2772 1232 2955 1286 omnis
2999 1232 3248 1288 coullans
3292 1250 3489 1288 aurum
3536 1250 3702 1304 super

2107 1320 2453 1390 sculptilibus
2479 1336 2696 1385 eorum,
2723 1322 2853 1391 quia
2902 1320 3040 1377 falsa
3068 1322 3377 1378 conllarunt
3423 1341 3437 1378 :
3480 1340 3590 1379 non
3619 1333 3702 1379 est

2108 1412 2332 1481 spiritus
2365 1413 2419 1466 in
2448 1412 2550 1467 eis.
2584 1412 2673 1466 15.
2715 1411 2863 1467 Vana
2895 1420 3026 1467 sunt
3056 1430 3243 1483 opera,
3281 1417 3361 1485 (ιι)
3396 1415 3561 1469 inlixa
3598 1431 3611 1468 :
3643 1415 3697 1469 in

2106 1516 2350 1573 tempore
2390 1504 2720 1560 visitationis
2755 1520 2870 1560 sua;
2902 1507 3177 1574 peribunt.
3217 1506 3308 1562 ιε.
3350 1505 3468 1562 Non
3500 1518 3583 1563 est
3612 1510 3698 1562 in-

2106 1609 2218 1656 star
2245 1600 2406 1669 hujus
2442 1616 2567 1668 pars
2599 1598 2826 1664 Jacobo,
2875 1601 3134 1670 quoniam
3165 1602 3260 1669 qui
3294 1600 3551 1657 formavit
3580 1618 3699 1656 om-

2107 1691 2219 1755 nia,
2253 1690 2368 1759 ipse
2398 1692 2467 1759 )t(
2492 1698 2577 1744 est
2607 1690 2681 1760 (ὸ)
2708 1698 2763 1744 et
2803 1689 2967 1745 Israel
3011 1689 3033 1756 1
3067 1691 3138 1759 (e)
3174 1690 3328 1760 virga
3364 1691 3696 1746 luereditatis

2106 1782 2227 1851 ejus
2254 1800 2267 1835 :
2302 1780 2566 1836 Dominus
2591 1783 2855 1835 virtutum
2888 1796 3087 1835 nomen
3120 1782 3198 1850 (d)
3221 1781 3292 1835 ei.
3328 1781 3417 1838 17.
3451 1781 3520 1852 (e)
3547 1784 3693 1837 Con-

2106 1873 2350 1943 gregavit
2378 1888 2408 1926 a
2441 1872 2576 1927 foris
2616 1872 2981 1927 substantiam
3016 1882 3188 1932 tuam,
3230 1874 3298 1943 (Ῑ)
3331 1889 3452 1944 qua:
3485 1873 3697 1928 habitat

2106 1963 2161 2016 in
2196 1964 2408 2018 electis.
2451 1963 2539 2017 18.
2582 1963 2722 2030 Quia
2755 1964 2869 2018 haec
2897 1964 3031 2019 dicit
3065 1964 3334 2020 Dominus
3365 1984 3379 2019 :
3421 1963 3561 2020 Ecce
3592 1979 3695 2035 ego

2106 2052 2180 2122 (g)
2222 2053 2503 2123 projiciam
2536 2069 2631 2109 eos
2665 2054 2758 2123 qui
2794 2055 3043 2109 habitant
3084 2056 3137 2109 in
3187 2064 3331 2110 terra
3375 2057 3479 2111 hac
3511 2056 3565 2110 in
3612 2056 3695 2111 af-

2103 2143 2364 2208 ﬂictione,
2398 2152 2453 2199 et
2482 2144 2715 2214 amigam
2743 2161 2880 2208 eos,
2924 2154 2983 2199 ut
3015 2146 3090 2216 (la)
3129 2146 3461 2201 inveniatur.
3495 2147 3582 2201 l9.
3631 2149 3693 2220 (ὅ)

2104 2234 2199 2289 Va:
2244 2252 2409 2306 super
2462 2237 2728 2290 fraetioue
2768 2246 2856 2289 tua
2897 2252 2910 2288 :
2952 2236 3142 2291 dolore
3184 2236 3377 2291 allecta
3422 2246 3504 2292 rst
3538 2237 3694 2307 plaga

2105 2337 2215 2380 tua.
2252 2326 2427 2380 Etiam
2454 2342 2556 2396 ego
2582 2326 2716 2389 disi,
2752 2324 2891 2381 Vere
2924 2326 3027 2380 hoc
3060 2325 3260 2380 vulnus
3296 2342 3501 2391 meum,
3535 2326 3609 2397 (Ii)
3640 2336 3694 2381 et

2102 2418 2461 2488 apprehendit
2492 2434 2599 2470 me.
2627 2416 2717 2470 20.
2757 2416 3195 2471 Tabernaculum
3226 2432 3408 2471 meum
3438 2417 3499 2486 (Ι)
3528 2418 3695 2473 misc-

2103 2524 2224 2562 rum
2262 2507 2467 2563 lacunn
2509 2517 2615 2570 est,
2661 2521 2723 2563 σξ-
2759 2507 2922 2576 periit
2957 2507 2981 2575 1
3011 2548 3027 2573 ,
3063 2517 3119 2562 et
3150 2508 3333 2562 omnia
3366 2509 3536 2563 aulaea
3572 2524 3692 2564 mea

2100 2594 2332 2649 discissa
2364 2604 2512 2648 sunt.
2544 2594 2664 2648 Filii
2693 2595 2823 2661 mei,
2848 2604 2904 2648 et
2922 2610 3053 2650 oves
3082 2612 3214 2651 inea:
3242 2612 3350 2651 non
3382 2608 3512 2652 sunt
3546 2616 3560 2651 :
3596 2598 3692 2668 (in)

2102 2702 2210 2739 non
2242 2697 2326 2741 est
2369 2688 2522 2742 locus
2551 2688 2791 2757 amplius
2822 2689 3162 2744 tabernaculi
3215 2690 3363 2754 mei,
3398 2690 3553 2746 locus
3595 2707 3701 2744 au-

2101 2777 2323 2832 laeorum
2350 2794 2619 2834 meorum.
2650 2780 2740 2833 2t.
2773 2779 2912 2845 Quia
2945 2781 3305 2850 desipuerunt
3336 2792 3605 2851 pastores,
3641 2791 3694 2836 et

2100 2866 2393 2922 Dominum
2421 2883 2530 2922 non
2565 2869 2957 2934 quaesiverunt.
2993 2869 3223 2937 Propter
3251 2871 3352 2926 hoc
3388 2887 3498 2925 non
3535 2871 3694 2924 intel-

2101 2959 2233 3013 lexit
2278 2975 2442 3014 omne
2484 2975 2748 3027 pascuum
2795 2977 2809 3013 :
2853 2970 2907 3015 et
2952 2961 3190 3030 dispersi
3233 2969 3383 3016 sunt.
3425 2963 3519 3016 2‘2.
3574 2961 3694 3018 Vox

2099 3053 2343 3106 rumoris
2368 3066 2499 3107 ecce
2545 3054 2711 3117 venit,
2746 3062 2804 3108 et
2853 3054 3154 3108 commotio
3200 3069 3397 3124 magna
3430 3069 3498 3109 ex
3549 3064 3693 3109 terra

2100 3144 2397 3214 aquilonis,
2440 3145 2509 3198 ad
2540 3146 2849 3214 ponendum
2889 3147 3052 3200 urbes
3075 3143 3230 3201 Juda:
3258 3146 3311 3199 in
3339 3147 3594 3210 exitium,
3624 3158 3689 3201 -ι-

2101 3245 2156 3291 ct
2188 3236 2210 3304 1
2250 3237 2303 3289 in
2333 3236 2511 3291 cubile
2551 3235 2626 3306 (η)
2658 3237 3261 3291 struthiocamelorum.
3289 3238 3382 3293 25.
3414 3237 3563 3303 Scio,
3593 3236 3694 3291 Do-

2103 3326 2269 3388 mine,
2308 3326 2454 3394 quod
2497 3340 2603 3379 non
2643 3326 2881 3379 hominis
2930 3328 3014 3380 via
3066 3328 3208 3396 ejus,
3260 3328 3336 3398 (0)
3387 3343 3567 3397 neque
3613 3327 3695 3381 vir

2102 3416 2203 3469 ibit
2234 3414 2331 3485 (p),
2362 3427 2417 3470 et
2439 3418 2633 3486 diriget
2661 3418 2729 3483 >ε<
2765 3417 2871 3470 iter
2902 3433 3061 3472 suum
3099 3418 3121 3484 1
3158 3455 3174 3470 .
3202 3418 3293 3474 9.4.
3326 3417 3547 3488 Castiga
3570 3435 3692 3482 nos,

2101 3504 2354 3567 Domine,
2391 3514 2766 3560 verumtamen
2810 3506 2862 3560 iu
2902 3506 3136 3575 judicio,
3177 3517 3233 3561 et
3266 3522 3375 3561 nou
3412 3508 3466 3562 in
3508 3507 3694 3563 furore

2102 3606 2229 3663 tuo;
2263 3599 2392 3668 quia
2428 3614 2537 3651 non
2571 3614 2774 3666 paucos
2817 3597 2985 3653 facies
3033 3614 3134 3653 nos
3170 3616 3185 3651 :
3221 3599 3315 3653 95.
3358 3598 3577 3654 effunde
3607 3598 3694 3652 fu-

2100 3702 2281 3741 rorem
2330 3696 2482 3741 tuum
2527 3703 2692 3756 super
2732 3698 2921 3758 gentes
2963 3689 3084 3743 illas
3110 3731 3125 3755 ,
3169 3704 3293 3753 qua:
3335 3706 3445 3744 non
3490 3707 3694 3760 cogno-

2101 3787 2263 3831 scunt
2287 3788 2356 3841 te,
2386 3787 2439 3832 et
2471 3793 2637 3846 super
2659 3781 2733 3849 (q)
2759 3780 3139 3850 generationes
3170 3779 3311 3843 illas,
3338 3796 3460 3850 quae
3492 3796 3693 3833 nonten

2103 3877 2256 3922 tuum
2299 3884 2406 3922 non
2442 3871 2810 3934 invocarunt;
2850 3873 2979 3941 quia
3020 3872 3377 3927 comederunt
3414 3871 3605 3937 Jaeoh,
3636 3883 3693 3926 et

2102 3974 2322 4028 pessum
2355 3961 2622 4015 dederunt
2649 3978 2796 4028 Clllll,
2825 3964 2893 4032 )a(
2920 3972 2975 4018 et
3015 3972 3443 4019 consumseruut
3472 3979 3598 4018 eum
3639 3965 3688 4030 1,

2099 4059 2152 4105 ct
2177 4052 2247 4121 (r)
2274 4067 2474 4120 pascua
2504 4069 2697 4108 eorum
2740 4065 3047 4110 vastarunt.

2170 4144 2302 4212 Cap.
2343 4143 2563 4199 XL—l.
2604 4143 2864 4208 Vrt‘bmn,
2902 4145 3049 4216 quod
3082 4144 3289 4201 factum
3321 4156 3405 4201 est
3442 4147 3508 4201 ad
3542 4145 3692 4202 Jere-

2101 4235 2264 4288 tniam
2297 4252 2326 4289 a
2360 4235 2615 4299 Domino,
2647 4237 2832 4292 dicens
2877 4255 2889 4292 :
2931 4237 2987 4291 2.
3027 4237 3224 4291 Audite
3261 4237 3423 4292 verba
3469 4237 3693 4293 fcederis

2100 4325 2267 4393 hujus
2303 4344 2318 4380 :
2363 4337 2419 4383 et
2460 4329 2704 4398 loqueris
2746 4329 2813 4382 ad
2855 4330 3001 4385 viros
3044 4328 3218 4393 Iuda),
3265 4338 3320 4383 ct
3352 4331 3419 4384 ad
3465 4345 3559 4385 eos
3598 4331 3689 4400 qui

2100 4419 2351 4473 habitant
2381 4421 2433 4473 in
2466 4419 2794 4487 Jerusalem,
2829 4421 2882 4475 ὅ.
2915 4429 2969 4475 et
2997 4421 3149 4476 dices
3175 4419 3241 4474 ad
3272 4436 3367 4475 eos
3412 4438 3426 4474 :
3456 4419 3581 4476 Haec
3602 4421 3690 4474 di-

409 4529 543 4584 pura
577 4516 962 4570 vestimentum
988 4531 1203 4581 eorum,
1226 4529 1366 4583 opus
1390 4515 1721 4584 sapientium
1752 4516 1940 4570 omnia
1976 4532 1990 4569 :
2029 4509 2070 4562 D
2099 4511 2175 4565 cit
2206 4508 2477 4566 Dominus
2509 4511 2654 4567 Deus
2690 4512 2910 4567 Israelis
2962 4526 2977 4566 :
3016 4511 3338 4567 Maledictus
3374 4509 3558 4576 homo,
3596 4513 3690 4582 qui

408 4606 498 4663 10.
539 4604 804 4660 Dominus
837 4614 1021 4660 autem
1062 4605 1205 4660 Deus
1252 4622 1415 4660 verus
1453 4615 1556 4668 est,
1594 4606 1737 4662 Deus
1781 4607 1991 4672 vivens,

406 4708 462 4753 et
490 4711 584 4752 rex
613 4707 849 4752 aeternus
877 4712 890 4749 :
926 4712 956 4750 a
991 4696 1178 4751 furore
1199 4696 1320 4765 ejus
1349 4697 1722 4752 contremiscit
1751 4707 1917 4762 terra,
1941 4708 1996 4753 et

408 4803 518 4849 non
554 4786 907 4843 sustinebunt
949 4794 1139 4855 gentes
1174 4786 1308 4840 iram
1354 4785 1475 4855 ejus
1513 4786 1562 4854 1.
1601 4786 1688 4840 ll.
1733 4787 1826 4842 Sic
1856 4788 1997 4843 dioe-

477 4950 552 5023 (g)
588 4949 678 5013 A.,
713 4946 769 5001 in
808 4945 1259 5023 pala_t_ia_vestra._
1322 4945 1396 5016 (It)
1449 4946 1684 5023 Reliqui,
1720 4957 1775 5023 et
1807 4948 2020 5023 cadent.

405 5017 691 5093 sigillatim
731 5035 777 5071 s.
806 5017 1133 5093 paullatitu),
1167 5018 1260 5086 qui
1288 5028 1429 5093 sunt
1463 5020 1513 5071 in
1544 5020 1865 5093 praeputio._
1908 5018 1980 5089 (It)

2110 5017 2479 5093 ‘prmputiataa.
2558 5022 2621 5092 (ι)
2655 5017 2744 5083 Af,
2772 5020 3081 5091 prreputiati
3115 5017 3393 5093 incorde.

2102 4617 2213 4655 non
2250 4603 2436 4657 audiet
2476 4604 2636 4657 verba
2680 4601 2904 4658 foederis
2935 4604 3121 4673 hujus,
3164 4603 3217 4656 4.
3261 4603 3417 4669 Quod
3458 4606 3688 4674 praecepi

2101 4697 2350 4764 patribus
2388 4696 2582 4752 vestris
2620 4697 2673 4750 in
2713 4697 2823 4761 die,
2855 4712 2963 4766 quo
2993 4695 3156 4750 eduxi
3188 4711 3284 4751 eos
3317 4714 3379 4751 ex
3415 4706 3559 4752 terra
3592 4696 3687 4751 1E-

2103 4790 2273 4860 gypti,
2306 4805 2371 4843 ex
2404 4788 2626 4845 fornace
2672 4789 2801 4843 ferri
2838 4830 2853 4855 ,
2919 4789 3135 4845 dicente
3179 4807 3264 4845 me
3297 4807 3312 4844 :
3347 4791 3547 4845 Audite
3593 4807 3689 4846 vo-

2103 4950 2165 5020 (i)
2194 4948 2276 5012 S.,
2307 4965 2472 5021 super
2502 4966 2694 5007 omnes
2721 4966 2817 5022 per
2851 4965 3073 5004 manum
3114 4965 3210 5020 per
3252 4965 3477 5005 manum
3531 4950 3594 5021 (i.
3633 4967 3684 5004 e.

2127 5023 2479 5090 praeputiataa.
2558 5022 2621 5090 (ι)
2655 5023 2744 5083 Α..
2772 5020 3081 5090 ρντθριιιίξιιί
3118 5023 3171 5073 in
3204 5022 3393 5074 corde.
3474 5021 3569 5090 (ηρ)
3598 5022 3684 5083 Α.1

3474 5031 3569 5083 (m)
3598 5031 3688 5083 1L,

404 5088 770 5159 eipavescent
794 5100 983 5158 gentes
1012 5090 1212 5175 abIeis.
1279 5089 1357 5175 (‘n)
1385 5089 1566 5175 Agunt
1595 5090 1794 5175 patina.
1825 5088 1924 5153 8.,
1952 5088 2277 5175 rupes
2307 5092 2385 5175 (ο)
2534 5088 2947 5175 extensa—sunt...
2972 5099 3026 5144 et
3048 5106 3160 5175 non
3191 5090 3505 5175 loq‘uc‘ntur‘.
3532 5088 3615 5151 8.,
3638 5101 3694 5143 et

405 5157 649 5217 extracta
678 5157 827 5220 sunt,
860 5168 914 5214 et
942 5173 1051 5212 non
1087 5157 1401 5227 loquentur.
1428 5157 1571 5230 A'l'h.,
1610 5160 1774 5212 inlixa
1803 5172 1951 5214 sunt.
2024 5157 2107 5230 ip)
2138 5157 2352 5230 Ophiri.

1305 5229 1365 5299 (Ι)
1403 5228 1493 5288 Α.,
1534 5239 1588 5281 ct
1619 5246 1727 5284 uno
1762 5240 2004 5300 tempore
2040 5228 2326 5285 l‘ient'sine
2360 5228 2737 5301 intelligentia,
2769 5241 2824 5286 et
2851 5232 2970 5285 sine
2993 5228 3237 5301 ingenio.
3269 5228 3352 5301 8.,
3385 5230 3552 5283 simul
3588 5247 3688 5282 au-

1607 5301 1824 5373 (u)__A..
1860 5302 2119 5356 eruditio.
2198 5302 2277 5371 (ατ)
2310 5301 2389 5355 Ex
2421 5304 2612 5373 Uphir.

616 5372 693 5441 (κ)
726 5371 816 5435 .4.,
854 5369 906 5424 in
945 5384 1130 5441 vocem
1155 5369 1304 5441 dedit
1333 5369 1415 5423 eis
1447 5368 1850 5441 multitudinem
1896 5388 2072 5440 aquae.

404 5446 556 5513 virga
594 5438 929 5513 haereditatis
966 5438 1125 5513 ejus:
1171 5438 1444 5513 Dominus
1473 5440 1830 5513 exercituum.
1863 5438 2266 5513 XKHIITPDN.
2346 5442 2424 5512 (ά)

407 5235 475 5302 (δ)
515 5234 579 5287 Et
626 5232 680 5285 in
713 5231 969 5302 omnibus
998 5230 1197 5302 regnis.

406 5300 513 5358 tetu
546 5302 697 5356 stulti
735 5301 1060 5353 videbuntur
1088 5309 1142 5353 et
1174 5300 1527 5367 desipientes.

406 5384 538 5430 tnat.

405 5509 527 5581 quae
560 5511 769 5566 habitat
811 5512 862 5563 in
908 5509 1268 5563 munimento.
1313 5510 1398 5573 8.,
1434 5510 1485 5562 in
1527 5511 1745 5579 oppido.

479 5814 541 5879 κ’)
575 5807 717 5881 [lluc
742 5811 1000 5866 translata
1032 5819 1159 5865 sunt
1190 5811 1294 5866 ista
1330 5828 1356 5866 a
1390 5828 1549 5869 versu
1580 5814 1612 5868 0
1646 5829 1761 5883 seq.
1800 5815 2032 5886 Unum]

1853 5511 1927 5583 (g)
1959 5515 2051 5573 Α..
2095 5512 2261 5565 funda
2303 5511 2607 5583 projiciam.

406 5580 469 5654 (ι)
500 5586 588 5644 Α.,
610 5583 889 5654 direptum
920 5592 1023 5644 est,
1050 5591 1104 5633 et
1128 5595 1324 5654 omnes
1356 5580 1541 5648 paxilli
1574 5580 1811 5654 dispersi
1842 5580 1992 5647 sunt,
2030 5582 2124 5636 lilii
2156 5583 2259 5637 mei
2294 5580 2567 5654 exierunt,
2593 5593 2647 5654 et
2678 5597 2784 5634 non
2812 5591 2960 5654 sunt3

404 5652 646 5707 extendit
671 5652 907 5720 amplius
942 5652 1237 5720 tentorium
1276 5665 1482 5715 meum,
1516 5658 1572 5704 et
1599 5652 1760 5720 erigit
1800 5654 1969 5706 aulaea
2014 5669 2155 5707 mea.

408 5736 583 5788 neque
623 5722 722 5773 viri
766 5718 1066 5785 ambulare.
1097 5730 1152 5772 et
1182 5718 1380 5790 dirigat
1406 5736 1631 5789 gressus
1672 5718 1823 5776 suos.
1901 5723 1976 5791 (p)
2013 5721 2198 5779 Recte.

2430 5164 2503 5233 (q)
2536 5162 2626 5228 A.,
2660 5163 2753 5230 qui
2785 5158 3169 5233 similistibi._
3220 5158 3308 5233 (r7)_
3332 5160 3427 5233 Α.ἲ
3466 5160 3687 5233 decens.

2691 5301 2769 5372 (υ)
2807 5302 2898 5372 Α.,
2927 5298 3231 5372 stabiliens.
3265 5298 3350 5364 8.,
3377 5302 3470 5369 qui
3498 5302 3694 5372 contir-

2150 5366 2227 5441 (a)
2261 5366 2351 5435 A.,
2386 5366 2760 5428 derisionuni.
2829 5370 2904 5441 (li)
2943 5366 3240 5441 [hereditas
3273 5366 3412 5438 ejus.
3494 5371 3565 5441 (e)
3597 5370 3688 5441 4.,

2464 5443 2625 5524 Deus.
2732 5443 2801 5563 Se)
2843 5439 3065 5523 A.,'8.,
3098 5453 3387 5529 congrega.
3491 5438 3560 5509 (Γ)
3594 5438 3687 5500 Α..

2464 5529 2607 5563 nam.
2709 5512 2786 5563 lii
2819 5512 2911 5563 Λ..
2952 5506 3071 5563 ΓΙι..
3124 5519 3177 5562 et
3218 5509 3488 5563 perferam
3544 5525 3687 5561 eam.

2709 5506 2911 5581 (hi/1.,
2950 5506 3071 5574 ΤΙι.,
3124 5506 3510 5581 βιῷυιίῖθτεηῐ
3543 5506 3689 5561 eam.

3046 5579 3141 5648 (ut)
3178 5584 3242 5632 A.
3275 5617 3290 5639 .
3320 5595 3428 5633 nou
3453 5588 3559 5639 est,
3593 5594 3689 5648 qui

2256 5654 2332 5723 (η)
2362 5653 2452 5723 Α..
2484 5647 2567 5717 8.,
2607 5652 2875 5723 sirenum.
2916 5649 3039 5723 771.,
3071 5655 3395 5723 draconum.
3488 5651 3563 5717 (ο)
3600 5647 3686 5714 8.,

2278 5718 2350 5793 (ej)
2383 5722 2651 5793 Regnum.
2721 5718 2791 5791 (r)
2826 5721 2915 5787 .l.,
2945 5721 3114 5776 decus
3139 5719 3258 5789 ejus
3289 5720 3684 5791 depravarunt.
