4134 6520
388 454 540 511 9525

1632 459 1955 519 ΠζΙὶΕΜΗΕ
2010 459 2238 515 CAPUT
2292 460 2405 518 XV.

3511 452 3652 511 2526

390 569 657 623 rientem?
686 567 774 623 22.
799 567 865 622 Ει
894 570 937 623 si
973 570 1176 626 dixeris
1206 571 1259 624 in
1291 570 1459 628 corde
1509 580 1636 626 tuo:
1666 572 1848 637 Quare
1874 586 1969 625 oc-
1999 574 2039 628 Λ
2076 581 2248 624 morte
2276 588 2377 641 ego
2424 572 2818 626 eonsummaho
2860 585 2974 625 cos.
3004 571 3090 626 15.
3126 570 3189 625 Et
3221 570 3332 626 dixi
3373 586 3387 624 :
3430 558 3512 635 (η)
3540 570 3648 635 llie,

387 668 679 713 currerunt
704 660 833 712 mihi
868 661 1020 714 haec?
1047 671 1269 730 propter
1312 661 1715 715 multitudinem
1746 662 1966 730 injusti-

391 754 477 805 tlae
513 760 618 805 tua:
650 753 860 807 detecta
905 764 1034 807 sunt
1056 754 1132 823 (p)
1158 754 1461 823 posteriora
1494 764 1606 818 tua,
1645 763 1703 807 ut
1733 753 1967 806 illudan-

390 851 479 896 tur
517 843 758 896 calt-anei
809 844 906 897 tui.
958 844 1050 897 25.
1094 844 1149 897 Si
1201 844 1435 898 mutabit
1483 843 1734 912 zEtltiops
1774 844 1965 912 pellem

389 944 564 993 suam,
589 939 643 985 et
673 931 877 998 panius
904 932 1196 988 varietates
1218 949 1370 998 suas,
1402 936 1567 988 etiam
1604 951 1701 990 vos
1722 936 1968 1004 poteritis

389 1021 526 1073 bene
544 1019 742 1086 facere,
772 1037 895 1075 cum
925 1023 1224 1077 didiceritis
1247 1025 1597 1096 ntala.24.(q)
1627 1025 1689 1080 Et
1717 1027 1970 1081 dissemi-

388 1112 510 1163 navi
542 1111 612 1181 (r)
656 1126 772 1177 eos,
807 1121 864 1166 ttt
913 1114 1163 1181 stipulas,
1212 1131 1334 1183 qua:
1368 1113 1621 1170 feruntur
1646 1133 1677 1171 a
1718 1126 1879 1171 vento
1914 1121 1966 1171 in

387 1205 683 1258 desertum.
724 1205 814 1258 ‘25.
867 1204 992 1259 Haec
1032 1220 1154 1260 sors
1200 1214 1311 1269 tua,
1360 1222 1488 1274 pars
1538 1207 1680 1277 ejus,
1723 1208 1867 1276 quod
1899 1208 1967 1278 (a)

391 1295 723 1351 reltellabitis
762 1297 1024 1350 adversus
1066 1311 1173 1360 tne,
1213 1297 1348 1350 dicit
1400 1296 1686 1353 Dominus.
1727 1298 1791 1368 (ι)
1830 1299 1968 1365 Quia

387 1388 555 1441 oblita
576 1402 637 1441 es
660 1386 861 1452 tnei,et
883 1388 1116 1456 sperasti
1145 1403 1311 1456 super
1341 1390 1663 1451 mendaciis.
1694 1391 1784 1444 26.
1804 1392 1965 1445 etiam

387 1495 489 1549 ego
518 1480 764 1548 detegam
799 1478 875 1549 (ιι)
911 1482 1217 1548 pomeriora
1249 1491 1340 1535 tua
1369 1498 1535 1551 super
1571 1482 1762 1536 faciem
1795 1491 1966 1549 tuam,

386 1580 441 1624 et
465 1569 735 1623 videbitur
762 1571 1063 1640 ignominia
1103 1580 1215 1637 tua,
1250 1572 1339 1625 27.
1366 1574 1722 1636 adulterium,
1755 1584 1808 1627 et
1845 1575 1969 1628 hin-

387 1662 536 1715 nitus
563 1669 711 1726 tuus,
734 1671 785 1715 et
814 1662 1186 1731 (x).alienatio
1224 1663 1608 1720 fornicationis
1638 1675 1762 1719 luat.
1796 1665 1970 1734 Super

389 1752 638 1817 collibus,
675 1759 721 1806 et
767 1752 820 1805 itt
866 1755 1013 1819 agris
1067 1753 1176 1806 vidi
1223 1754 1655 1809 abominationes
1700 1765 1839 1811 tuas.
1879 1755 1969 1810 V'te

390 1844 511 1910 tibi,
542 1842 880 1911 Jerusalem;
907 1844 982 1914 (ῃ)
1018 1846 1148 1913 quia
1193 1861 1304 1901 non
1338 1847 1596 1902 mumlata
1627 1864 1685 1902 es
1716 1859 1839 1918 post
1880 1866 1966 1903 me

389 1948 675 2002 usquequo
710 1934 909 1989 adhuc.

460 2026 510 2079 l.
545 2023 908 2095 Cap.XlV.—
930 2027 979 2081 l.
1012 2025 1075 2080 Et
1100 2026 1302 2082 factum
1321 2036 1405 2082 est
1422 2028 1642 2082 verbum
1664 2028 1875 2084 Domini
1906 2030 1971 2083 ad

387 2116 678 2171 Jerrtniam
715 2118 781 2171 de
821 2119 888 2185 )9?
935 2119 1115 2173 verbis
1158 2120 1179 2186 1
1225 2119 1616 2187 prohibitionis
1655 2121 1871 2189 pluviae.
1912 2120 1969 2175 2.

390 2206 552 2260 Luxit
572 2206 782 2272 Judzea,
811 2215 866 2262 et
896 2218 1064 2278 portae
1097 2211 1220 2279 ejus
1261 2212 1331 2279 (κ)
1364 2225 1549 2264 vacuae
1574 2210 1731 2265 facta:
1759 2221 1975 2277 sunt,et

389 2300 755 2353 obtenebrata:
776 2310 903 2354 sunt
927 2316 1090 2370 super
1122 2310 1268 2356 terra
1294 2321 1306 2356 :
1345 2314 1398 2357 et
1435 2303 1642 2357 clamor
1674 2301 1973 2357 Jerusalem

388 2391 657 2446 ascendit.
677 2392 732 2445 '5.
761 2390 835 2462 (a)
862 2391 921 2463 Et
952 2401 1239 2463 magnates
1263 2393 1338 2463 (ὁ)
1359 2393 1478 2462 ejus
1514 2394 1976 2463 miseruntjunio-

389 2497 478 2536 res
500 2496 631 2537 suos
659 2490 781 2550 post
801 2498 999 2551 aquam
1040 2500 1055 2536 :
1091 2494 1359 2537 venerunt
1388 2483 1458 2554 (c)
1488 2499 1650 2552 super
1675 2493 1890 2554 puteos,
1920 2492 1976 2539 ct

390 2589 498 2627 non
551 2574 876 2628 invenerunt
915 2590 1137 2644 aquam.
1171 2583 1524 2646 reportarunt
1574 2578 1793 2647 lagenas
1845 2594 1975 2633 suas

388 2679 616 2727 vacuas,
646 2666 714 2732 Χ
758 2665 1121 2731 erubuerunt,
1163 2676 1217 2720 et
1251 2668 1458 2735 pudore
1514 2666 1693 2721 allecti
1741 2677 1888 2730 sunt,
1920 2679 1974 2720 et

390 2763 724 2822 Operurt'unl.
744 2764 909 2823 caput
938 2769 1098 2808 suum
1137 2755 1185 2820 1.
1211 2755 1266 2809 4.
1297 2756 1374 2825 (d)
1401 2755 1466 2809 Et
1493 2771 1659 2825 opera
1690 2764 1849 2811 teme
1878 2757 1974 2810 de-

392 2845 657 2910 fecerunt,
683 2846 812 2914 quia
850 2862 957 2899 non
992 2856 1108 2900 erat
1153 2847 1333 2916 pluvia
1364 2849 1432 2914 )t(
1458 2861 1624 2915 super
1651 2857 1816 2901 terra.
1846 2847 1977 2900 Eru-

391 2936 630 2992 buerunt
667 2937 955 3005 agricolte,
1003 2947 1340 3007 operuerunt
1381 2945 1547 3005 caput
1599 2952 1783 2991 suum.
1811 2937 1866 2991 5.
1908 2936 1976 2992 Et

391 3027 639 3081 ειηϊειιίιι
659 3042 792 3094 agro
822 3035 1171 3095 pepererunt,
1211 3034 1266 3079 et
1297 3025 1676 3094 reliquerunt;
1714 3027 1843 3094 quia
1865 3038 1972 3079 non
2010 3048 2015 3053 α

391 3128 511 3173 erat
550 3120 717 3173 herba
753 3118 799 3185 1.
830 3118 883 3172 6.
926 3117 1129 3188 Onagri
1190 3125 1458 3172 steterunt
1508 3116 1578 3186 (ε)
1629 3132 1795 3185 super
1818 3117 1970 3186 juga,

391 3220 739 3265 attraxerunt
792 3219 1046 3277 ventum,
1104 3214 1170 3278 )t(
1215 3219 1274 3264 ut
1335 3209 1503 3264 draco

393 3305 536 3357 oculi
570 3318 783 3367 eorum,
837 3306 964 3371 quia
1001 3318 1109 3355 non
1157 3308 1276 3356 erat
1321 3300 1527 3355 foenum
1584 3302 1653 3355 ab
1690 3301 1975 3370 iniquitate

395 3393 602 3462 populi.
640 3392 691 3446 7.
743 3390 797 3445 Si
833 3401 1051 3461 peccata
1094 3400 1279 3446 nostra
1311 3400 1582 3447 steterunt
1623 3399 1812 3445 contra
1847 3406 1973 3454 nos,

396 3482 642 3546 Domine,
680 3480 765 3536 fac
794 3490 1015 3550 propter
1067 3496 1263 3536 nomen
1321 3490 1496 3544 tuum,
1530 3482 1659 3550 quia
1705 3480 1875 3533 multa
1906 3480 1973 3552 if)

395 3587 615 3641 peccata
655 3582 838 3625 nostra
884 3585 946 3625 +
981 3585 1165 3625 coram
1214 3581 1265 3626 te
1300 3572 1358 3640 1,
1389 3572 1482 3626 tibi
1516 3570 1884 3640 peccavimus.
1916 3568 1971 3621 8.

396 3665 473 3736 (g)
507 3654 857 3731 E‘xspectatio
891 3662 1130 3725 lsraclis,
1155 3661 1473 3726 Domine,et
1499 3660 1737 3715 salvabis
1761 3660 1815 3713 in
1847 3670 1976 3713 tem.

394 3769 529 3825 pore
567 3753 857 3807 malorum.
909 3752 1091 3814 Quare
1137 3751 1314 3807 factus
1346 3768 1427 3819 es,
1469 3761 1528 3806 ut
1569 3753 1776 3805 advena
1811 3765 1977 3817 super

397 3856 562 3908 terra,
597 3855 651 3898 et
676 3850 733 3895 ut
755 3845 830 3910 (It)
872 3842 1123 3910 indigena
1157 3843 1438 3897 divertens
1476 3842 1543 3895 ad
1576 3839 1978 3896 diversorium?

396 3937 451 3993 9.
481 3937 543 4004 (ἱ)
574 3933 692 3987 Non
718 3934 849 3999 eris,
870 3940 929 3986 ut
952 3933 1115 3985 homo
1140 3933 1442 3998 dormiens,
1475 3933 1548 4003 (It)
1578 3941 1633 3989 et
1663 3941 1723 3988 ut
1756 3934 1860 3998 vir,
1883 3932 1977 4002 qui

396 4039 508 4081 non
551 4034 731 4095 potest
778 4024 1009 4079 salvare.
1043 4022 1109 4076 Et
1145 4033 1201 4077 tu
1231 4024 1284 4077 in
1331 4025 1492 4079 nobis
1518 4040 1611 4089 es,
1645 4024 1894 4087 Domine,
1924 4033 1980 4078 et

397 4132 597 4173 nomen
635 4128 786 4171 tuum
822 4130 987 4185 super
1027 4130 1126 4169 nos
1162 4114 1470 4169 invocatum
1489 4124 1614 4168 est:
1648 4114 1710 4183 (ι)
1739 4130 1807 4168 ne
1838 4115 1979 4169 obli-

397 4208 629 4264 viscaris
655 4207 846 4262 nostri.
878 4206 962 4260 lt).
1005 4204 1098 4261 Sic
1127 4206 1260 4261 dicit
1291 4205 1554 4258 Dominus
1584 4205 1784 4273 populo
1810 4205 1974 4259 huic:

402 4305 470 4372 χ
500 4304 577 4356 ita
609 4302 631 4370 1
668 4300 975 4355 dilexerunt
1003 4313 1220 4352 movere
1255 4297 1417 4367 pedes
1451 4312 1601 4363 suos,
1635 4308 1690 4352 et
1726 4313 1832 4351 non
1885 4313 1975 4367 pe-

399 4403 712 4463 percerunt,
736 4401 790 4447 et
815 4391 957 4446 Deus
979 4407 1088 4445 non
1129 4391 1232 4444 sibi
1267 4389 1599 4459 complacuit
1620 4391 1671 4443 in
1702 4391 1782 4445 eis
1802 4408 1816 4443 :
1836 4405 1981 4444 nunc

401 4485 778 4541 recordabitur
842 4483 1193 4552 iniquitatum
1247 4496 1478 4544 eorum,
1534 4483 1602 4549 Βῆ(
1641 4489 1696 4536 et
1735 4480 1980 4535 visitabit

2072 662 2165 731 qui
2220 670 2320 724 est,
2362 661 2607 726 Domine,
2660 660 2917 725 Domine,
2965 676 3091 715 ecce
3142 660 3415 729 propheta:
3465 661 3655 712 dicunt

2071 752 2151 805 eis
2192 770 2204 803 :
2240 749 2356 803 Non
2386 751 2641 805 videbitis
2680 750 2960 819 gladium,
3009 756 3064 804 et
3095 748 3264 802 fames
3315 765 3422 803 non
3461 748 3566 803 erit
3598 750 3652 801 in

2070 844 2260 907 vobis;
2296 843 2423 911 quia
2461 858 2644 911 pacem
2671 842 2745 911 (0)
2768 850 2822 895 et
2846 856 3033 895 verum
3065 840 3208 893 dabo
3225 855 3285 894 σε-
3303 826 3467 909 super
3484 849 3654 903 terra,

2070 933 2232 986 etiam
2266 932 2287 999 1
2318 933 2371 985 in
2402 933 2520 986 loco
2555 933 2680 987 hoc.
2716 932 2805 986 14.
2833 930 2898 984 Et
2937 931 3076 984 dixit
3117 930 3381 985 Dominus
3411 931 3479 984 ad
3513 944 3601 984 me
3637 946 3652 984 :

2074 1022 2227 1077 Falsa
2258 1024 2534 1092 propheta:
2558 1023 2889 1093 prophetant
2916 1037 3080 1091 super
3107 1022 3325 1076 nomine
3356 1037 3478 1076 tneo
3503 1040 3517 1074 :
3547 1036 3654 1074 non

2069 1115 2192 1168 misi
2225 1130 2339 1175 eos,
2366 1124 2420 1168 et
2451 1129 2558 1168 non
2584 1116 2814 1184 przecepi
2844 1115 2947 1177 eis,
2973 1129 3148 1183 neque
3182 1114 3397 1168 locutus
3424 1129 3548 1169 sum
3585 1115 3653 1169 ad

2069 1220 2185 1260 eos.
2216 1204 2354 1270 Quia
2381 1205 2621 1259 visiones
2658 1204 2974 1266 mendaces,
3003 1215 3058 1257 et
3084 1203 3472 1269 divinationes,
3498 1214 3551 1258 et
3576 1208 3656 1297 (γ’)

2070 1297 2328 1366 auguria,
2364 1306 2418 1350 et
2458 1297 2736 1366 proposita
2793 1297 2978 1352 cordis
3031 1299 3116 1352 sui
3171 1300 3271 1368 ipsi
3327 1301 3656 1369 prophetant

2071 1387 2244 1440 vobis.
2279 1386 2362 1440 l5.
2403 1386 2633 1457 Propter
2676 1388 2782 1441 hoc
2821 1387 2935 1442 haec
2963 1389 3096 1441 dicit
3139 1387 3402 1443 Dominus
3430 1390 3498 1443 de
3530 1405 3658 1457 pro-

2070 1480 2267 1549 phetis,
2301 1480 2392 1549 qui
2443 1480 2773 1549 propltetant
2823 1495 2987 1547 super
3023 1484 3241 1534 nomine
3295 1496 3434 1541 meo.
3466 1490 3518 1535 et
3557 1497 3658 1550 ego

2071 1585 2180 1626 non
2205 1571 2328 1624 misi
2355 1570 2580 1639 eos,qtti
2602 1571 2792 1624 dicunt
2816 1588 2830 1624 :
2865 1569 3111 1633 Gladius,
3144 1581 3196 1623 et
3224 1569 3395 1624 fames
3423 1585 3533 1625 non
3553 1572 3658 1623 erit

2071 1672 2237 1725 super
2254 1664 2395 1710 terra
2429 1657 2531 1711 hac
2559 1673 2572 1707 :
2599 1654 2655 1708 In
2692 1665 2868 1710 morte
2895 1657 3233 1712 vehementis
3263 1657 3563 1721 cruciatus,
3588 1658 3656 1724 )t(

2070 1747 2124 1801 in
2149 1738 2329 1816 gladio
2375 1755 2429 1801 et
2466 1746 2488 1814 1
2528 1747 2582 1800 in
2630 1745 2774 1800 fame
2820 1745 2894 1816 (ιι)
2937 1754 3329 1801 consumentur
3380 1747 3659 1817 propheta:

2075 1839 2142 1904 Χ
2173 1839 2247 1890 illi
2276 1838 2324 1905 1,
2351 1839 2435 1892 l6.
2463 1847 2516 1892 et
2546 1838 2798 1907 populus,
2829 1838 3030 1907 quibus
3062 1838 3162 1907 ipsi
3192 1838 3519 1908 prophetam
3537 1838 3655 1894 eis:

1994 1908 2043 1965 ’Β
2071 1939 2126 1984 et
2145 1941 2305 1984 erunt
2328 1930 2553 1999 projecti
2583 1930 2636 1983 in
2660 1929 2851 1998 plateis
2876 1927 3174 1982 Jerusalem
3199 1943 3230 1981 a
3258 1929 3395 1983 facie
3420 1930 3581 1984 famis
3600 1939 3655 1984 ct

2076 2024 2258 2093 gladii,
2282 2030 2337 2077 et
2353 2038 2463 2075 non
2485 2030 2588 2083 est,
2610 2021 2713 2093 qui
2729 2020 2955 2088 sepeliat
2970 2034 3087 2081 eos,
3104 2022 3171 2087 >κ
3195 2020 3297 2088 ipsi
3320 2021 3368 2089 1,
3386 2029 3441 2074 et
3458 2035 3657 2076 uxores

2076 2129 2289 2178 eorum,
2307 2125 2361 2168 et
2384 2114 2477 2167 filii
2501 2127 2716 2173 eorum,
2748 2120 2802 2164 et
2829 2111 2952 2164 ﬁliae
2972 2126 3182 2177 eorum,
3213 2121 3267 2166 et
3282 2112 3553 2168 effundam
3573 2129 3660 2169 su-

2076 2220 2172 2274 per
2200 2218 2295 2259 cos
2320 2205 2458 2259 mala
2491 2220 2611 2259 sua.
2641 2201 2727 2256 l7.
2754 2200 2819 2255 Et
2839 2202 2987 2257 dices
3018 2204 3085 2258 ad
3112 2219 3206 2259 eos
3249 2205 3474 2260 verbum
3517 2207 3656 2263 hoc:

2077 2295 2336 2351 Deducite
2369 2299 2438 2352 ab
2461 2298 2530 2369 (r)
2554 2299 2730 2354 oculis
2760 2299 2961 2353 vestris
2998 2296 3253 2353 lacrimas
3277 2307 3435 2354 nocte
3458 2308 3514 2354 et
3545 2300 3655 2365 die,

2076 2399 2130 2441 ct
2158 2404 2266 2442 non
2284 2398 2530 2454 cessent;
2566 2390 2695 2458 quia
2754 2388 3021 2444 fractione
3047 2405 3242 2458 magna
3276 2389 3444 2444 fracta
3471 2398 3554 2445 est
3585 2394 3655 2460 ξι(

2076 2480 2278 2550 virgo1
2315 2479 2425 2534 ﬁlia
2458 2480 2646 2550 populi
2704 2481 2832 2545 mei,
2864 2489 2919 2535 et
2952 2480 3108 2549 plaga
3167 2480 3422 2534 dolorosa
3477 2481 3652 2535 valde.

2079 2569 2164 2625 18.
2215 2568 2272 2622 Si
2321 2583 2509 2623 exeam
2546 2569 2599 2622 in
2631 2582 2923 2638 campum,
2965 2577 3020 2622 et
3064 2583 3192 2622 ecce
3232 2569 3399 2624 occisi
3444 2569 3654 2639 gladio:

2075 2670 2130 2715 et
2168 2663 2215 2715 si
2259 2661 2533 2730 ingrediar
2579 2662 2633 2715 in
2667 2661 2883 2723 urbem,
2916 2667 2970 2715 et
2998 2676 3126 2715 ecce
3161 2662 3229 2731 (si)
3255 2662 3413 2715 dolor
3456 2661 3654 2719 famis:

2076 2751 2202 2820 quia
2244 2752 2506 2821 propheta
2552 2761 2608 2805 et
2658 2752 2915 2806 sacerdos
2947 2750 3285 2821 (I)abierunt
3328 2752 3382 2806 in
3427 2761 3652 2815 terram,

2079 2860 2243 2914 quam
2294 2859 2402 2897 non
2454 2853 2848 2913 cognoverunt.
2900 2843 2985 2898 l9.
3025 2844 3104 2914 (ιι)
3135 2842 3273 2897 Num
3314 2845 3657 2913 reprobando

2078 2935 2382 3003 reprobasti
2433 2933 2651 2999 ludam,
2688 2944 2744 2990 et
2781 2950 2811 2989 a
2847 2936 3014 2989 Sione
3043 2936 3271 2990 recessit
3298 2937 3482 2991 anima
3526 2937 3659 2991 tua?

2077 3025 2258 3094 Quare
2302 3027 2625 3097 percussisti
2671 3044 2801 3090 nos.
2829 3037 2883 3083 et
2930 3044 3035 3083 non
3078 3039 3162 3083 est
3209 3028 3368 3083 nobis
3409 3028 3658 3082 sanatio?

2077 3119 2524 3187 Exspectavimus
2556 3128 2837 3187 pacem,et
2865 3135 2974 3172 non
3005 3118 3226 3174 fuerunt
3256 3120 3420 3185 bona,
3444 3127 3657 3187 tempus

1547 3210 1568 3278 1
1605 3227 1618 3263 :
1658 3209 2046 3301 defecerunLC
2078 3207 2400 3268 sanationis,
2418 3214 2472 3259 et
2490 3220 2616 3260 ecce
2634 3205 3383 3278 turbatio.20.Cognovitnus,
3399 3207 3657 3272 Domine,

2077 3308 2294 3368 peccata
2342 3308 2564 3364 nostra,
2603 3313 2674 3336 ιιι
2699 3307 2753 3353 et
2784 3300 2806 3367 1
2836 3299 3150 3369 iniquitates
3195 3311 3410 3370 patrum
3448 3310 3661 3357 nostro-

2075 3406 2233 3455 rum;
2278 3391 2405 3459 quia
2453 3391 2800 3459 peccavimus
2858 3407 3044 3446 coram
3091 3400 3161 3446 te.
3186 3392 3276 3447 2|.
3316 3393 3395 3464 (π)
3435 3394 3658 3449 Abstine

2074 3490 2296 3550 propter
2321 3496 2518 3535 nomen
2550 3491 2726 3547 tuum,
2757 3483 2835 3552 (yi
2859 3499 2923 3537 ne
2948 3484 3139 3552 perdas
3168 3486 3426 3539 thronum
3466 3485 3653 3555 gloria:

2078 3580 2202 3625 tute.
2242 3574 2551 3626 Recordare
2580 3591 2593 3626 :
2628 3574 2701 3642 (ι)
2730 3590 2798 3627 ne
2831 3573 3042 3627 irritutn
3069 3573 3239 3631 facias
3266 3583 3651 3631 testamentum

2077 3674 2253 3728 tuum,
2286 3665 2432 3734 quod
2485 3665 2794 3720 nobiscum.
2816 3664 2908 3718 εξ.
2939 3664 3076 3718 Num
3127 3676 3211 3720 est
3243 3666 3297 3720 in
3328 3667 3487 3722 idolis
3532 3684 3662 3739 gen-

2078 3757 2237 3821 tium,
2275 3756 2367 3825 qui
2398 3756 2585 3825 pluere
2619 3754 2821 3811 faciat?
2846 3756 2908 3811 Et
2944 3757 2987 3810 si
3021 3759 3219 3811 etelum
3247 3758 3399 3812 dabit
3431 3759 3658 3813 satieta-

2077 3858 2184 3903 tem
2242 3863 2420 3910 suam,
2471 3863 2652 3902 nonne
2704 3858 2761 3902 tu
2809 3864 2869 3902 es
2916 3851 2983 3916 χ
3025 3848 3139 3917 ipse
3192 3847 3461 3905 Dominus
3511 3848 3654 3904 Deus

2078 3939 2352 4007 noster1?
2373 3938 2435 3993 Et
2465 3948 2842 4009 exspectamus
2895 3949 2966 4005 te,
3001 3940 3128 4010 quia
3163 3949 3218 3995 tu
3248 3939 3423 3996 fecisti
3470 3943 3655 3997 omnia

2079 4031 2215 4086 hanc.

2151 4122 2284 4191 Cap.
2314 4120 2559 4174 XV.-l.
2578 4120 2644 4175 Et
2664 4121 2802 4176 dixit
2824 4121 3084 4177 Dominus
3106 4121 3174 4177 ad
3203 4139 3290 4179 me
3320 4143 3334 4178 :
3359 4123 3415 4178 Si
3445 4125 3655 4181 steterit

2080 4213 2281 4277 Moses,
2301 4221 2354 4267 et
2377 4212 2599 4266 Samuel
2627 4222 2752 4267 ante
2782 4211 2975 4267 faciem
3008 4229 3207 4279 meam,
3235 4229 3343 4269 non
3370 4224 3453 4269 est
3473 4215 3652 4270 anima

2082 4322 2199 4361 mea
2239 4320 2301 4361 -ι-
2335 4305 2401 4358 ad
2434 4320 2529 4358 cos
2561 4306 2607 4374 1.
2638 4303 2905 4374 Populum
2949 4306 3095 4359 hunc
3122 4305 3309 4361 emitte
3341 4309 3407 4374 >κ
3433 4307 3502 4361 ab
3533 4318 3660 4363 ante

2085 4399 2277 4455 faciem
2313 4413 2488 4453 meam
2526 4398 2548 4465 1
2582 4406 2873 4451 etexcant.
2901 4398 2956 4451 2.
3000 4396 3065 4450 Et
3094 4398 3217 4462 erit,
3250 4398 3296 4452 si
3334 4398 3568 4453 dixerint
3592 4399 3659 4454 ad

2086 4503 2137 4549 te
2170 4512 2183 4547 :
2212 4494 2332 4558 Quo
2352 4491 2731 4563 egrediemur?
2762 4491 2925 4545 etiam
2957 4490 3106 4545 dices
3135 4490 3201 4544 ad
3237 4505 3333 4545 eos
3367 4509 3380 4544 :
3420 4489 3546 4546 [lare
3573 4492 3659 4546 di-

402 4586 621 4646 peecata
647 4590 837 4630 eorum
877 4576 926 4644 1.
972 4574 1055 4627 ll.
1093 4572 1159 4626 Ει
1190 4572 1328 4626 dixit
1358 4571 1622 4627 Dominus
1650 4573 1716 4626 ad
1750 4588 1835 4628 me
1860 4591 1873 4626 :
1903 4571 1980 4627 Ne
2011 4572 2060 4633 υ
2084 4586 2159 4639 cit
2194 4582 2454 4638 Dominus
2487 4603 2499 4637 :
2530 4580 2635 4646 Qui
2676 4580 2743 4635 ad
2785 4591 3039 4643 mortem,
3071 4581 3137 4635 ad
3178 4590 3434 4647 mortem,
3483 4590 3537 4636 et
3570 4584 3662 4652 qui

402 4682 527 4721 ores
564 4682 662 4736 pro
701 4666 903 4736 populo
958 4666 1062 4720 hoc
1100 4664 1154 4718 in
1192 4664 1393 4717 bonum
1426 4681 1443 4717 :
1488 4663 1574 4716 12.
1612 4664 1894 4732 quoniam,
1929 4665 1976 4719 si

397 4759 787 4828 jejunaverint.
829 4773 935 4810 non
960 4757 1248 4811 exaudiam
1286 4752 1591 4808 orationem
1618 4767 1830 4816 eorum,
1855 4763 1908 4809 et
1934 4755 1980 4809 si

403 4849 703 4904 obtulerint
728 4849 1067 4911 holocausta,
1099 4855 1154 4902 et
1188 4843 1284 4916 (m)
1308 4845 1663 4911 sacrificium,
1704 4860 1813 4899 non
1846 4847 1979 4901 mihi

403 4941 754 5012 complacebo
787 4942 841 4994 in
867 4941 979 5007 eis;
1014 4938 1144 5010 quia
1171 4938 1225 4992 in
1254 4936 1455 5000 gladio,
1479 4945 1534 4991 et
1564 4938 1619 4992 in
1656 4936 1819 5003 fame,
1851 4941 1982 4996 etin

382 5174 383 5177 ‘
479 5190 553 5261 (p)
592 5189 681 5254 A.,
704 5188 790 5255 8.,
821 5188 1055 5243 l'tmbrite
1076 5199 1201 5261 tute,
1214 5187 1416 5261 polluti
1440 5198 1567 5261 sunt
1585 5189 1691 5261 tali
1695 5189 1794 5261 tui.

409 5331 560 5385 natio
584 5329 962 5384 fornicationis
994 5337 1118 5383 ttue.
1192 5328 1268 5398 (ξι)
1295 5331 1385 5390 Α.,

409 5399 494 5466 8.,
526 5400 862 5454 ceciderunt.
938 5400 1014 5468 (a)
1044 5398 1136 5458 Α..
1182 5393 1497 5468 όίίιιιθδίιηί
1540 5413 1731 5453 eorum
1779 5401 2051 5455 miserunt
2093 5393 2354 5453 minores.
2430 5393 2524 5468 (b)r'
2556 5393 2781 5468 Eorum.

1255 5466 1427 5536 (c)S.,
1462 5478 1605 5522 recte
1643 5469 1710 5522 ad
1742 5470 2127 5524 attrahendum
2174 5477 2394 5521 ventum
2417 5459 2459 5536 ,ξ
2475 5459 2618 5519 sicut
2668 5459 2899 5536 sirenes.
2975 5459 3169 5536 (014.,
3205 5459 3665 5536 S.,__avcrsi§nes.

433 5540 486 5610 θ)
629 5539 964 5610 exspectatio
1000 5539 1231 5610 Israelis.
1306 5531 1384 5608 (ἡ)
1414 5531 1662 5610 A.,__T[t.,
1691 5538 2049 5610 proficiscens
2080 5538 2267 5610 in_via.
2339 5534 2510 5610 A(i)_S.A,
2532 5549 2703 5610 quare
2730 5534 2898 5610 fuisti.

450 5479 629 5538 ropter
659 5478 856 5522 terram
882 5468 1007 5522 victi
1031 5478 1178 5521 sunt.

408 5485 486 5610 fg)
514 5538 597 5610 8.,
629 5539 964 5610 exspectatio
1000 5539 1178 5610 Israeli

408 5609 653 5664 dimittas
672 5624 793 5663 nos.

409 5681 714 5733 veritatem.
812 5679 888 5747 (ρ)

411 5748 476 5818 (ι)
517 5748 600 5812 8.,
631 5748 1018 5818 circuiverunt.

935 5675 1025 5743 A.,
1058 5678 1331 5731 delirium.
1373 5675 1458 5742 8.,
1485 5678 1716 5731 vanitas.

872 5607 969 5689 (mi
990 5607 1087 5689 A.,_
1112 5599 1464 5689 oblationem.
1495 5599 1664 5689 Hebr.
1693 5599 1924 5689 manus.
1947 5607 2078 5689 “(nl
2111 5606 2274 5689 Hebr.
2301 5599 2443 5689 altth
2473 5599 2746 5689 Domine."
2790 5601 2880 5689 8.,
2907 5617 2962 5667 o,
2988 5599 3237 5689 Domine.

1131 5678 1331 5730 lirium.
1373 5676 1458 5742 8.,
1485 5678 1716 5731 vanitas.
1831 5678 1906 5747 (q)
1946 5676 2265 5730 Merientur.

1131 5746 1207 5817 (ιι)
1249 5747 1497 5825 Annum
1528 5745 1796 5825 ejiciendo
1834 5746 2043 5825 ejecjsti
2082 5743 2301 5825 Judam.

2086 4674 2153 4729 ad
2184 4673 2449 4745 gladium,
2501 4672 2568 4725 ad
2612 4671 2875 4742 gladiutn,
2910 4678 2965 4725 et
2999 4670 3093 4740 qui
3126 4670 3193 4725 ad
3226 4669 3447 4736 famem,
3478 4671 3546 4725 ad
3578 4674 3662 4724 fa-

2088 4779 2253 4829 mem,
2283 4770 2338 4817 et
2363 4761 2454 4831 qui
2487 4761 2554 4815 ad
2587 4759 2978 4829 captivitatem,
3007 4760 3075 4813 ad
3104 4760 3495 4828 captivitatem.
3517 4760 3571 4815 3.
3600 4760 3665 4815 Et

2088 4856 2330 4910 ulciscar
2360 4868 2525 4922 super
2554 4868 2651 4907 eos
2688 4861 2923 4922 quatuor
2958 4851 3187 4922 species,
3218 4852 3350 4907 dicit
3378 4850 3662 4917 Dominus,

2087 4947 2327 5017 gladium
2363 4945 2431 4998 ad
2481 4944 2904 5016 jugulationem,
2940 4952 2995 4998 et
3022 4956 3189 4998 canes
3219 4943 3287 4997 ad
3316 4942 3664 4998 dilaceratio—

1864 5184 3123 5260 (q)A.,S.,etdispergameosvelutstipulam.
3181 5182 3250 5254 (r)
3276 5181 3405 5260 Vos.
3484 5183 3661 5260 (s)A_.,

405 5254 678 5315 mensura:
702 5269 808 5313 tuae
838 5274 866 5311 a
890 5274 998 5312 me.
1076 5262 1141 5328 (ι)
1169 5254 1341 5313 Sicut.
1419 5261 1499 5327 (ιι)
1530 5260 1620 5324 Α.,
1652 5257 1734 5323 8.,
1760 5254 1974 5315 limbi-ia

2074 5274 2171 5313 tas.
2251 5254 2718 5326 (:c).4.,’cogitatio
2738 5254 3113 5328 fornicationis
3138 5264 3260 5328 tute.

1441 5345 1545 5383 non
1573 5331 1718 5383 cnim
1757 5339 1808 5384 te
1831 5330 2105 5385 mandasti
2137 5325 2265 5397 post
2293 5343 2379 5380 me
2417 5341 2657 5397 unquam
2695 5325 2892 5397 adhuc.

3337 5252 3420 5315 8.,
3455 5254 3663 5308 abomi-

2970 5324 3042 5392 (ι)
3078 5324 3168 5387 Α.,
3201 5322 3485 5377 inlirmatte
3510 5335 3662 5384 sunt.

2858 5391 2931 5463 (c)
2973 5391 3152 5462 super
3199 5394 3388 5463 colles.
3466 5393 3543 5462 (ιι)
3575 5391 3660 5457 8.,

3034 5533 3202 5602 )Attt.
3282 5532 3345 5600 (ι)
3369 5533 3458 5597 Α..
3493 5530 3662 5602 Sync

3318 5601 3393 5671 (a)
3422 5606 3485 5653 Α.
3502 5599 3590 5671 8.,
3610 5605 3667 5652 et

2372 5676 2443 5745 (r)
2480 5675 2571 5745 Α..
2606 5673 2751 5729 oculi
2782 5673 2907 5726 mei.
2973 5672 3073 5745 _(s)
3115 5674 3208 5745 Am
3240 5669 3443 5745 infirmi
3494 5669 3661 5745 fante.

2415 5692 2421 5702 '
2482 5676 2571 5735 Α..
2606 5676 2751 5729 oculi
2782 5676 2907 5726 mei.
3005 5676 3073 5741 (δ)
3115 5676 3208 5734 Α.,
3240 5676 3443 5724 infirmi
3494 5676 3661 5722 fame.

2415 5676 2498 5815 2x)
2535 5744 2625 5814 2L,
2669 5758 2737 5799 ne
2786 5742 3094 5812 protrahas.
3135 5738 3220 5809 8.,
3267 5756 3336 5795 ne
3385 5738 3663 5795 irascaris.

409 5814 489 5892 (ά)
532 5820 620 5885 A.,
645 5815 729 5883 8.,
760 5832 827 5873 ne
856 5814 1200 5873 contemnas.
1277 5814 1352 5885 (ι)
1394 5815 1485 5883 Α.,
1510 5814 1577 5872 ne
1603 5814 1820 5870 irritum
1854 5814 2023 5870 facias
2044 5824 2263 5886 pactum
2294 5814 2503 5892 tuum."
