4134 6510
417 455 565 515 εὸἳθ

1658 444 1976 504 ,1ΕῐὶΕΜιΛΞ
2015 443 2193 501 CAI’U
2207 443 2248 497 Τ
2290 441 2453 500 XVII.

3550 441 3692 501 2330

418 571 551 636 Quae
585 568 844 639 iniquitas
881 576 1093 632 nostra,
1122 576 1178 622 et
1206 566 1354 636 quod
1395 573 1678 634 peccatum
1730 572 2000 622 nostrum.
2036 568 2079 624 Α
2112 558 2331 632 peccata
2365 569 2456 613 tua
2494 560 2548 613 in
2593 558 2852 615 omnibus
2888 559 3089 615 finibus
3136 561 3265 615 tuis.
3299 561 3353 616 1.
3402 561 3471 617 Et
3521 563 3690 618 relin-

420 662 567 731 quod
596 661 944 730 peccavimus
967 675 1154 715 coram
1180 658 1412 713 Domino
1442 657 1551 710 Deo
1577 655 1806 709 nostro?
1836 653 2008 708 11.Ει

421 755 571 808 dices
600 756 667 821 Χ
698 753 762 807 ad
801 767 898 807 eos
930 754 952 820 ζ
991 771 1006 807 :
1041 751 1147 805 Pro
1175 766 1241 805 eo
1278 749 1423 819 quod
1467 748 1873 818 dereliqucrnnt
1915 762 2008 816 pa-

425 851 535 903 tres
567 843 729 897 vestri
765 857 871 906 me,
904 841 1039 896 dicit
1062 840 1351 906 Dominus,
1378 851 1431 895 et
1455 841 1711 894 abierunt
1734 849 1855 909 post
1877 840 2008 895 deos

422 935 652 996 alienos.
682 943 737 988 et
771 935 1062 990 coluerunt
1091 934 1373 988 servitium
1418 934 1521 998 eis,
1562 943 1616 987 et
1645 934 2009 987 adoraverunt

423 1040 540 1089 cos,
574 1036 629 1080 et
664 1042 748 1081 me
781 1027 1213 1096 dereliquerunt,
1250 1034 1303 1078 et
1335 1025 1506 1094 legem
1542 1040 1718 1079 meam
1768 1040 1873 1077 non
1907 1038 2006 1076 cu-

423 1116 766 1171 stodiverunt
801 1136 814 1171 :
861 1118 949 1172 12.
980 1127 1036 1171 et
1060 1131 1157 1171 vos
1198 1117 1339 1170 male
1383 1116 1573 1186 egistis
1602 1117 1671 1183 >ε<
1701 1116 1766 1167 ad
1799 1113 2006 1169 facien-

422 1208 552 1261 dum
590 1207 613 1274 ζ
655 1210 778 1276 plus
813 1223 977 1277 quam
1011 1217 1197 1276 patres
1227 1208 1417 1262 vestri.
1445 1206 1506 1260 Et
1537 1220 1666 1260 ecce
1692 1220 1790 1259 vos
1819 1206 2008 1258 ambu-

424 1300 550 1352 latis
595 1301 979 1368 unusquisque
1008 1310 1132 1369 post
1164 1300 1243 1370 (d)
1274 1314 1359 1362 ea,
1413 1312 1536 1367 qua:
1592 1297 1808 1365 placent
1855 1297 2005 1350 cordi

422 1400 607 1444 vestro
636 1391 803 1453 malo,
837 1400 897 1445 ut
942 1407 1010 1445 ne
1041 1391 1311 1445 obediatis
1342 1389 1496 1442 mihi.
1528 1389 1615 1441 15.
1654 1389 1717 1441 Et
1748 1387 2003 1456 nhjieiam

426 1492 523 1532 vos
553 1493 618 1531 ex
649 1489 790 1532 terra
825 1479 927 1533 hac
956 1479 1009 1532 in
1038 1488 1263 1542 terram,
1289 1494 1456 1547 quam
1482 1493 1588 1530 non
1621 1478 1852 1531 novistis
1882 1493 2001 1541 vos,

424 1579 476 1623 et
500 1580 683 1638 patres
717 1571 904 1633 vestri,
934 1580 988 1623 et
1016 1571 1205 1625 celetis
1235 1570 1516 1625 servitium
1553 1569 1624 1622 ibi
1659 1568 1765 1622 diis
1788 1568 1910 1623 aliis
1937 1572 2005 1637 Ἃ(

422 1660 511 1715 die
535 1672 588 1714 et
611 1671 769 1714 nocte
796 1662 818 1729 ζ
844 1700 857 1723 ,
890 1663 960 1731 (ε)
991 1662 1085 1729 qui
1127 1660 1474 1714 non-dabunt
1510 1659 1663 1713 vobis
1695 1659 2005 1713 miscricor—

424 1752 592 1806 diam.
628 1752 713 1806 14.
751 1751 1103 1820 Proptcrhoc
1132 1767 1258 1806 ecce
1292 1752 1409 1806 dies
1448 1752 1696 1810 veniunt.
1731 1749 1865 1803 dicit
1896 1749 2002 1803 Do-

424 1841 606 1896 minus
641 1858 654 1894 :
691 1851 746 1895 et
777 1856 884 1894 non
916 1841 1101 1895 dicent
1129 1838 1388 1908 amplius,
1427 1838 1559 1890 vivit
1589 1835 1873 1900 Dominus,
1906 1836 2002 1905 qui

424 1931 612 1984 eduxit
638 1931 778 1985 lilios
807 1929 1025 1984 lsraelis
1046 1946 1111 1984 ex
1146 1938 1286 1983 terra
1319 1928 1571 1999 Aﬂgypti;
1605 1927 1693 1980 15.
1741 1928 1835 1981 sed
1875 1928 2006 1981 vivit

424 2021 711 2086 Dominus,
740 2022 834 2091 qui
862 2022 1048 2076 eduxit
1082 2024 1150 2090 Ἀ(
1187 2029 1240 2076 et
1274 2021 1421 2074 ducit
1460 2018 1483 2087 ζ
1520 2020 1657 2073 ﬁlios
1694 2018 1912 2072 lsraclis
1939 2034 2003 2072 ex

425 2123 569 2167 terra
600 2114 898 2183 aquilonis,
925 2122 979 2167 et
1008 2130 1073 2168 ex
1106 2113 1364 2168 omnibus
1388 2112 1727 2180 regionibus,
1763 2125 1875 2179 quo
1921 2125 2009 2164 cx-

424 2205 565 2275 puisi
598 2213 725 2259 sunt
754 2205 847 2258 ibi.
885 2203 945 2259 Et
972 2214 1213 2259 revertar
1248 2213 1394 2258 stare
1415 2203 1610 2256 faciam
1641 2218 1736 2256 eos
1764 2203 1818 2255 in
1861 2211 2006 2255 terra

423 2313 546 2363 sua,
578 2313 743 2366 quam
772 2298 893 2352 dedi
919 2298 1164 2365 patribus
1185 2312 1398 2351 eorum.
1440 2294 1524 2350 16.
1557 2293 1697 2349 Ecce
1721 2309 1824 2362 ego
1851 2293 2009 2349 mitto

425 2390 728 2459 piscatores
777 2390 1004 2453 multos,
1036 2389 1169 2442 dicit
1210 2386 1499 2452 Dominus,
1546 2395 1601 2440 rt
1650 2386 2009 2455 piscabuntur

422 2496 540 2545 eos,
584 2490 639 2535 et
670 2490 792 2551 post
829 2481 944 2535 haec
971 2482 1182 2533 mittam
1212 2491 1500 2533 venatores
1526 2480 1750 2541 multos,
1771 2487 1826 2530 et
1852 2491 2006 2531 vena-

423 2571 631 2625 buntnr
676 2584 775 2626 eos
824 2553 1060 2639 desuper
1106 2569 1254 2623 onmi
1301 2569 1364 2637 (‘)
1407 2576 1609 2632 monte,
1655 2578 1710 2620 et
1772 2568 2007 2636 desUper

421 2663 572 2716 omni
619 2661 778 2728 colle,
824 2671 878 2716 et
927 2661 994 2714 de
1050 2659 1301 2713 cavernis
1350 2668 1625 2727 petrarum
1683 2676 1696 2712 :
1742 2659 1827 2710 l7.
1876 2659 2004 2727 quia

421 2755 568 2808 oculi
619 2754 725 2807 mei
777 2767 943 2822 super
991 2765 1185 2806 omnes
1242 2751 1357 2805 vias
1409 2764 1621 2815 eorum,
1676 2752 1743 2818 Χ
1809 2751 1899 2802 ubi
1947 2765 2004 2804 se

422 2843 886 2899 abscondiderunt
912 2858 943 2896 a
969 2841 1108 2896 faeie
1132 2857 1250 2895 mea
1277 2842 1323 2909 ζ,
1355 2850 1407 2895 et
1430 2823 1535 2894 non
1569 2849 1697 2894 sunt
1718 2839 2008 2894 abscondi-

409 2943 493 2989 ta:
543 2934 857 3001 iniquitates
897 2948 1089 2988 eorum
1125 2933 1194 2986 ab
1221 2941 1348 2985 ante
1374 2932 1566 2985 oculos
1608 2946 1780 2985 meos.
1820 2930 1903 2983 l8.
1937 2928 2007 2983 Et

423 3026 727 3080 retribuam
786 3027 1023 3094 primum
1056 3024 1302 3093 duplices
1333 3023 1634 3092 injustitias
1681 3037 1898 3085 eorum,
1951 3033 2007 3075 et

422 3125 644 3188 peccata
715 3133 950 3183 eorum,
1016 3117 1070 3171 in
1139 3117 1341 3186 quibus
1412 3117 1728 3185 polluerunt
1800 3125 2002 3169 terram

427 3226 604 3264 meam
655 3211 709 3264 in
761 3210 1124 3265 cadaveribus
1165 3209 1637 3263 abominationum
1671 3222 1921 3273 suarum,
1952 3216 2006 3261 et
2032 3222 2074 3278 ε
2108 3226 2374 3281 aquarum
2425 3211 2448 3279 ζ

426 3301 494 3374 (Ῑ)
555 3305 607 3356 in
661 3302 1049 3372 iniquitatibus
1104 3303 1241 3364 suis,
1292 3301 1345 3355 in
1393 3301 1594 3369 quibus
1643 3300 2007 3369 impleverunt

427 3394 796 3449 hereditatem
861 3408 1062 3449 meam.
1121 3392 1214 3447 19.
1265 3391 1517 3455 Domine,
1565 3391 1736 3445 robur
1799 3407 2003 3454 meum,

427 3485 506 3556 (g)
553 3494 607 3539 et
659 3485 924 3539 auxilium
972 3500 1177 3551 meum,
1223 3492 1276 3538 et
1321 3483 1590 3552 refugium
1629 3497 1807 3535 meum
1839 3483 1892 3535 in
1923 3484 2010 3538 die

428 3578 722 3642 malorum,
778 3577 845 3631 ad
888 3585 940 3631 te
975 3585 1163 3646 gentes
1199 3577 1419 3631 venient
1451 3576 1523 3628 ab
1551 3584 1799 3628 extremo
1829 3584 2007 3640 terrae,

426 3675 482 3724 et
508 3668 712 3731 dicent,
744 3668 891 3737 quod
924 3668 1068 3723 idola
1106 3666 1240 3721 falsa
1283 3667 1646 3736 possederunt
1692 3677 1873 3735 patres
1908 3684 2010 3720 no-

429 3760 552 3830 atri,
581 3768 637 3813 et
674 3775 780 3813 non
811 3767 894 3814 est
936 3759 990 3812 in
1034 3760 1114 3813 eis
1147 3759 1374 3811 utilitas.
1433 3758 1525 3809 20.
1582 3758 1638 3812 Si
1690 3758 1853 3811 faciet
1904 3759 2009 3812 sibi

428 3849 595 3904 homo
622 3850 774 3911 deos,
801 3855 856 3902 et
881 3848 980 3917 ipsi
1011 3864 1118 3903 non
1150 3858 1280 3902 sunt
1312 3847 1440 3901 Dii?
1475 3847 1568 3902 2|.
1624 3847 1851 3917 [‘rOpter
1909 3850 2012 3903 huc

427 3958 558 3997 ecce
587 3956 689 4011 ego
713 3939 998 3994 ostendam
1027 3940 1107 3993 eis
1136 3940 1212 4009 (Ιι)
1251 3940 1307 3992 in
1354 3948 1598 4008 tempore
1641 3944 1742 3993 hoc
1788 3955 2010 3993 inunum

430 4045 631 4093 meam,
660 4038 715 4084 et
744 4029 912 4082 robor
943 4041 1121 4082 meum
1147 4036 1336 4080 notum
1373 4027 1574 4080 faciam
1600 4027 1700 4089 eis,
1732 4036 1788 4082 et
1811 4030 2007 4093 scient,

428 4122 802 4192 quodstomcn
827 4120 957 4174 mihi
989 4119 1270 4173 Dominus.

499 4212 633 4281 Cap.
660 4209 823 4264 XVII.
850 4239 923 4250 —-
942 4210 991 4263 l.
1032 4212 1099 4277 Χ
1124 4209 1410 4264 Peccatum
1441 4206 1593 4261 Julia:
1636 4209 1900 4276 scriptum
1928 4217 2013 4263 est

430 4304 494 4375 (i)
537 4304 588 4357 in
619 4302 765 4356 ferro
793 4303 845 4355 in
871 4302 1083 4373 onycha
1109 4300 1482 4365 adamantina,
1517 4299 1786 4367 seulptum
1819 4297 1890 4369 (k)
1913 4313 2010 4353 su-

430 4409 527 4463 per
557 4403 778 4462 pectore
806 4391 991 4446 cordis
1019 4406 1231 4453 eorum,
1283 4399 1338 4443 et
1374 4406 1540 4459 super
1586 4389 1847 4442 cornibus
1877 4387 2013 4441 alta-

435 4488 575 4541 rium
599 4502 818 4540 eorum.
849 4485 905 4537 2.
938 4484 1074 4538 Cum
1114 4483 1384 4538 recordati
1433 4482 1640 4537 fuerint
1682 4480 1778 4534 lilii
1818 4495 2009 4533 eorum

431 4580 683 4633 altarium
742 4593 993 4640 suorum,
1021 4586 1076 4631 et
1107 4576 1499 4645 plantariorum
1545 4589 1793 4636 suorum,
1846 4587 2011 4641 super

433 4672 580 4741 ligno
632 4670 918 4734 frondoso,
978 4677 1032 4723 ct
1085 4683 1248 4737 super
1289 4667 1525 4722 collibus
1563 4666 1814 4721 excelsis.
1856 4665 1909 4718 5.
1946 4663 2011 4719 Ει

434 4775 650 4820 montes
684 4766 737 4816 in
773 4777 925 4832 agro,
965 4762 1135 4815 robur
1181 4770 1356 4824 tuum,
1389 4769 1443 4813 et
1486 4774 1679 4812 omnes
1722 4758 2012 4812 thesauros

433 4869 561 4914 tuos
601 4858 657 4912 in
692 4857 1051 4926 direptionem
1084 4855 1250 4920 dabo,
1300 4863 1354 4908 et
1398 4853 1610 4908 excelsa
1659 4861 1750 4906 tua
1789 4861 2013 4922 propter

507 5166 588 5237 (di
629 5165 720 5231 A.,
752 5165 1160 5235 perversitatem
1190 5163 1367 5219 cordis
1388 5162 1495 5218 sui.

2111 654 2298 723 queris
2330 651 2417 721 (Ι),
2451 663 2506 706 et
2534 651 2860 722 deprimeris
2913 653 2982 706 ab
3016 653 3330 709 haereditate
3372 663 3485 719 tua,
3520 670 3687 726 quam

2110 745 2233 799 dedi
2271 745 2387 807 tibi,
2442 743 2537 815 (ηδ)
2578 753 2632 798 et
2682 743 2977 797 ascendere
3012 741 3210 797 faciam
3251 752 3303 797 te
3348 744 3401 797 in
3449 745 3691 801 inimicis

2112 837 2222 891 tuis
2259 837 2313 891 in
2361 846 2526 901 terra,
2565 851 2729 906 quam
2768 851 2875 888 non
2905 834 3048 888 nosti
3082 851 3096 888 :
3130 835 3260 903 quia
3311 834 3453 904 ignis
3498 850 3691 891 ascen-

2109 942 2206 981 sus
2258 928 2312 980 in
2372 926 2561 981 furore
2617 940 2762 990 meo,
2804 939 2979 991 usque
3011 925 3064 977 in
3095 926 3356 979 saeculum
3395 926 3608 980 ardebit
3639 928 3689 996 ζ.

2110 1019 2166 1073 5.
2203 1017 2331 1073 Haec
2354 1019 2503 1073 -.dieit
2528 1017 2792 1072 Dominus
2822 1034 2835 1070 :
2870 1016 3190 1072 Maledictus
3220 1017 3405 1081 homo,
3443 1018 3533 1073 cui
3565 1033 3693 1089 spes

2108 1120 2191 1165 est
2217 1125 2383 1178 super
2408 1109 2707 1171 hominem,
2745 1109 2823 1178 (η)
2854 1117 2909 1161 et
2942 1108 3185 1162 firmabit
3216 1123 3439 1163 carnem
3474 1109 3690 1165 brachii

2108 1200 2217 1263 sui,
2251 1211 2305 1253 et
2334 1215 2364 1253 a
2397 1200 2630 1254 Domino
2663 1199 2906 1254 discedet
2930 1215 3027 1253 cor
3050 1200 3191 1269 ejus.
3243 1200 3297 1254 6.
3357 1200 3424 1255 Et
3480 1202 3586 1255 erit
3628 1209 3691 1255 ut

2108 1290 2314 1359 myrica
2340 1293 2572 1359 agrestis
2605 1294 2678 1361 (a)
2713 1291 2765 1344 iu
2802 1292 3042 1357 deserto,
3084 1303 3139 1347 et
3165 1308 3275 1348 non
3307 1293 3532 1359 videbit,
3563 1309 3688 1348 cum

2107 1382 2329 1435 venient
2360 1384 2500 1436 bona
2531 1401 2544 1437 :
2569 1392 2624 1436 et
2646 1384 2914 1438 habitabit
2937 1384 3015 1455 (ρ)
3043 1385 3183 1439 inter
3212 1385 3410 1440 herbas
3434 1386 3608 1440 salsas
3633 1385 3687 1439 in

2107 1474 2324 1528 deserto
2353 1484 2509 1530 terra:
2544 1477 2726 1540 salsa,
2756 1478 2903 1547 quod
2947 1492 3058 1532 non
3086 1479 3386 1533 habitatur.
3423 1479 3472 1535 7.
3507 1478 3574 1535 Et
3602 1479 3693 1532 be-

2107 1566 2357 1621 nedictus
2395 1568 2579 1631 homo,
2609 1569 2702 1638 qui
2738 1570 2966 1624 conlidit
2992 1586 3155 1640 super
3191 1569 3447 1634 Domino,
3497 1580 3554 1625 et
3583 1571 3691 1625 erit

2109 1658 2375 1715 Dominus
2400 1675 2524 1730 spes
2558 1661 2698 1730 ejus.
2732 1662 2788 1716 8.
2822 1662 2885 1715 Et
2931 1663 3036 1717 erit
3066 1670 3127 1718 ut
3159 1664 3362 1735 lignum
3396 1663 3473 1734 (ᾳ)
3509 1662 3690 1719 fertile

2106 1766 2271 1820 super
2285 1766 2478 1820 aquas,
2501 1760 2549 1805 et
2572 1767 2733 1821 super
2761 1753 3049 1808 humorem
3077 1754 3255 1809 mittet
3282 1754 3496 1809 radices
3518 1769 3647 1810 suas
3669 1772 3685 1810 :

2107 1848 2162 1892 ct
2191 1854 2297 1893 non
2337 1841 2570 1904 timebit,
2603 1857 2727 1895 cum
2767 1842 2980 1896 venerit
3008 1849 3194 1908 astus,
3228 1853 3284 1897 et
3319 1850 3483 1897 erunt
3522 1842 3577 1895 in
3620 1857 3689 1897 eo

2107 1930 2246 1983 rami
2272 1932 2518 1986 umbrosi
2551 1932 2605 1985 in
2650 1945 2817 1997 anno,
2847 1932 2941 2001 qui
2975 1934 3093 1986 sine
3122 1933 3327 2002 pluvia,
3380 1949 3485 1986 non
3523 1933 3690 1987 time—

2110 2021 2207 2085 bit,
2239 2030 2294 2075 et
2322 2036 2430 2075 non
2467 2023 2709 2076 εοεεςιὺίι
2735 2022 2943 2078 faciens
2973 2023 3208 2079 fructus.
3241 2026 3297 2080 9.
3332 2023 3403 2092 (ν)
3445 2024 3517 2096 (s)
3558 2024 3693 2079 Pro-

2109 2109 2341 2165 fundum
2366 2127 2461 2165 cor
2487 2113 2610 2182 plus
2638 2128 2804 2183 quam
2849 2115 3034 2169 omnia
3083 2133 3096 2168 :
3132 2123 3187 2169 et
3212 2115 3276 2185 (ι)
3311 2116 3479 2170 homo
3507 2125 3611 2183 est,
3637 2124 3694 2171 et

2109 2202 2235 2271 quis
2268 2214 2566 2271 cognoscet
2611 2205 2774 2258 eum?
2808 2205 2895 2259 10.
2938 2203 3054 2275 Ego
3099 2203 3364 2260 Dominus
3391 2206 3692 2276 (u)nume-

2110 2304 2241 2343 rans
2261 2291 2448 2355 corda,
2479 2299 2533 2344 et
2556 2292 2796 2361 probans
2821 2308 3006 2357 renes,
3030 2294 3095 2349 ad
3127 2295 3366 2349 dandum
3393 2295 3693 2365 unicuique

2110 2384 2413 2436 secundum
2452 2384 2571 2438 vias
2622 2384 2766 2453 ejus,
2811 2394 2866 2440 et
2897 2385 3201 2440 secundum
3239 2384 3454 2441 fructus
3478 2387 3693 2441 studio-

2108 2491 2230 2528 rum
2259 2476 2400 2542 ejus.
2434 2475 2520 2529 11.
2554 2474 2711 2529 Dedit
2752 2491 2941 2530 vocem
2975 2475 3187 2544 perdix,
3211 2478 3291 2546 (ω)
3319 2477 3690 2547 congregavit,

2107 2582 2231 2636 qua:
2257 2583 2365 2621 non
2402 2566 2632 2636 peperit,
2657 2564 2870 2622 faciens
2896 2567 3118 2623 divitias
3142 2584 3272 2623 suas
3292 2584 3416 2622 enim
3439 2567 3650 2635 judicio
3673 2586 3689 2622 :

2109 2660 2162 2713 in
2205 2658 2434 2712 dimidio
2480 2659 2694 2712 dierum
2735 2659 2856 2728 ejus
2885 2659 3207 2727 relinquent
3240 2674 3390 2722 eum,
3423 2666 3477 2713 et
3506 2660 3560 2712 in
3588 2673 3688 2713 ex—

2108 2758 2281 2804 tremo
2302 2763 2403 2803 suo
2423 2750 2528 2804 erit
2551 2752 2627 2819 (y)
2656 2751 2876 2805 stultus.
2924 2750 3011 2804 12.
3049 2750 3256 2805 Solium
3292 2751 3482 2820 gloriae
3511 2750 3691 2804 eleva-

2110 2852 2224 2897 tum
2255 2845 2322 2909 )at:
2355 2857 2385 2896 a
2423 2842 2710 2912 principio,
2764 2842 2918 2898 locus
2950 2842 2974 2909 ζ
3015 2842 3313 2897 sanctuarii
3355 2844 3553 2908 nostri,
3597 2841 3690 2897 15.

2106 2935 2440 3002 exspectatio
2496 2932 2732 2997 lsraelis,
2786 2934 3052 2997 Domine,
3099 2948 3310 2996 omnes,
3368 2933 3463 3004 qui
3495 2934 3693 2990 dereli-

2108 3022 2328 3090 querint
2373 3032 2444 3087 te,
2495 3024 2819 3078 erubescent
2850 3041 2866 3078 :
2897 3026 2971 3092 (ι)
3003 3024 3100 3094 qui
3148 3026 3495 3092 recesserint,
3529 3040 3694 3095 super

2111 3128 2253 3173 terra
2278 3121 2620 3187 scribentur;
2649 3120 2777 3188 quia
2817 3120 3225 3189 dereliquerunt
3273 3117 3348 3191 (a)
3381 3118 3587 3174 fontem
3624 3121 3693 3188 χ

2492 3212 2815 3277 viventium,
2870 3210 3185 3266 Dominum.
3238 3213 3326 3266 H.
3386 3211 3532 3267 Sana
3583 3227 3692 3276 me,

2114 3302 2363 3365 Domine,
2398 3311 2452 3356 et
2481 3302 2720 3355 sanabor
2768 3318 2782 3353 :
2821 3301 2971 3356 salva
3007 3316 3115 3367 me,
3145 3311 3201 3356 et
3225 3301 3480 3355 salvahor
3512 3319 3527 3356 :
3562 3301 3695 3372 quia

2112 3392 2187 3464 (ὁ)
2219 3393 2471 3463 gloriatio
2510 3408 2631 3447 mea
2663 3408 2743 3448 es.
2786 3393 2872 3447 15.
2927 3395 3067 3449 licce
3107 3394 3210 3463 ipsi
3236 3394 3427 3448 dicunt
3453 3393 3521 3448 ad
3549 3408 3637 3448 me
3677 3411 3692 3447 :

2115 3483 2214 3539 Ubi
2244 3493 2329 3538 est
2365 3484 2592 3539 verbum
2629 3485 2866 3550 Domini,
2900 3487 3082 3541 veniat
3110 3486 3178 3554 Χ
3211 3500 3359 3540 nunc
3388 3485 3436 3553 ζ.
3467 3485 3697 3554 16.Εεο

2111 3588 2291 3632 autem
2328 3580 2399 3646 (ε)
2443 3594 2550 3631 non
2583 3577 2829 3632 defessus
2861 3593 3006 3641 sum,
3061 3576 3442 3631 adba-reseens
3469 3585 3592 3645 post
3622 3587 3694 3640 to,

2110 3669 2327 3723 etdiem
2361 3668 2597 3722 hominis
2620 3681 2726 3723 non
2758 3667 3065 3722 desideravi
3103 3684 3117 3720 :
3143 3674 3199 3720 tu
3226 3669 3355 3721 scis.
3389 3667 3520 3733 Qtne
3547 3681 3698 3737 egre-

2112 3761 2338 3814 diuntur
2366 3776 2461 3829 per
2497 3759 2641 3813 labia
2674 3773 2817 3821 mea,
2851 3770 2977 3813 ante
3011 3758 3205 3813 faciem
3240 3767 3392 3813 tuam
3429 3766 3578 3814 sunt.
3605 3759 3695 3817 17.

2112 3850 2191 3906 Ne
2219 3854 2296 3907 sis
2326 3851 2457 3905 mihi
2482 3850 2561 3920 (d)
2600 3852 2655 3904 in
2685 3850 3092 3915 alienationem,
3122 3865 3246 3905 eum
3280 3851 3459 3919 parcis
3482 3853 3550 3919 χ(
3570 3859 3631 3905 tu
3666 3850 3693 3921 ζ

2115 3945 2248 3999 mihi
2272 3944 2327 3998 in
2352 3945 2438 3999 die
2466 3945 2633 3999 malo.
2669 3943 2755 3998 18.
2789 3943 3150 4008 Erubescant,
3174 3946 3266 4014 qui
3296 3953 3698 4014 persequuntur

2115 4052 2221 4103 me,
2271 4046 2327 4091 et
2376 4052 2483 4090 non
2539 4037 2856 4090 erubescam
2892 4051 2995 4105 ego
3046 4053 3061 4089 :
3105 4046 3337 4105 paveant
3368 4035 3466 4102 illi,
3501 4044 3695 4089 etnon

2114 4140 2338 4194 paveam
2370 4139 2473 4194 ego
2515 4144 2528 4178 :
2577 4125 2745 4179 indue
2789 4140 2957 4194 super
2990 4140 3086 4179 eos
3134 4124 3279 4178 diem
3317 4126 3518 4179 malum
3549 4143 3563 4178 :
3592 4124 3699 4179 fra-

2113 4214 2294 4268 ctione
2325 4215 2488 4283 dupla
2533 4215 2722 4283 frange
2760 4228 2878 4269 eos.
2916 4214 3000 4268 19.
3031 4214 3155 4268 Haec
3179 4216 3313 4269 dicit
3341 4214 3602 4272 Dominus
3625 4216 3695 4271 ad

2115 4320 2201 4358 me
2239 4323 2253 4358 :
2291 4304 2454 4368 Vade,
2495 4315 2550 4359 et
2588 4313 2669 4360 sta
2712 4305 2767 4358 in
2799 4306 2972 4374 portis
3017 4306 3250 4359 filiorum
3286 4307 3467 4375 populi
3499 4309 3601 4369 tui,
3634 4308 3694 4363 in

2114 4397 2315 4465 quibus
2351 4396 2731 4466 ingrediuntur
2760 4409 2823 4450 -ι-
2864 4397 2917 4449 in
2961 4397 3042 4451 eis
3072 4398 3094 4466 ζ
3142 4412 3296 4466 reges
3326 4395 3500 4465 Judae,
3544 4406 3600 4461 et
3636 4400 3692 4453 in

2114 4489 2311 4557 quibus
2351 4488 2704 4558 egrediuntur
2743 4487 2796 4539 iu
2822 4487 2924 4552 eis,
2952 4496 3007 4540 et
3038 4488 3091 4540 in
3120 4488 3375 4543 omnibus
3404 4490 3575 4557 portis
3605 4487 3698 4545 Je-

2116 4580 2352 4634 rusalem
2381 4601 2393 4635 :
2424 4577 2512 4631 ΞΟ.
2545 4586 2598 4632 et
2630 4579 2780 4633 dices
2822 4577 2903 4633 eis
2942 4597 2955 4632 :
2986 4579 3183 4634 Audite
3204 4580 3427 4635 verbum
3454 4580 3693 4648 Domini,

2115 4684 2275 4738 reges
2304 4667 2478 4733 Judae,
2505 4678 2558 4721 et
2584 4668 2764 4722 omnis
2790 4666 3001 4732 Judasa,
3049 4678 3104 4723 et
3130 4685 3324 4725 omnes
3350 4670 3387 4724 ii
3417 4671 3510 4740 qui
3546 4670 3703 4725 habi-

2117 4770 2236 4816 tant
2269 4761 2322 4813 iu
2343 4758 2671 4823 Jerusalem,
2700 4760 2733 4813 ii
2756 4762 2850 4831 qui
2883 4761 3258 4831 ingredientur
3298 4762 3352 4815 in
3388 4763 3561 4831 portis
3586 4764 3689 4819 his.

2118 4851 2210 4905 2i.
2246 4849 2372 4906 ﬂzcc
2401 4850 2535 4905 dicit
2570 4849 2837 4907 Dominus
2871 4870 2885 4905 :
2912 4850 3197 4906 Custodite
3219 4852 3433 4908 animas
3464 4860 3696 4917 vestras,,

1574 5160 1644 5232 (ε)
1688 5163 1777 5226 Α.,
1804 5159 1897 5214 ubi
1929 5174 2038 5214 non
2069 5158 2212 5215 dabo
2234 5158 2389 5213 vobis
2422 5158 2610 5228 gratis.
2693 5158 2755 5231 (‘)
2797 5160 2939 5212 Ante
2968 5172 3159 5212 vocem
3195 5167 3370 5213 monte
3412 5158 3607 5229 legitur
3642 5160 3700 5214 in

440 5268 587 5315 textu
638 5256 865 5328 Syriaco
912 5239 1095 5328 δὼθη,
1141 5255 1292 5309 colle.
1331 5253 1436 5307 Sed
1481 5254 1784 5328 delendum
1807 5252 1951 5305 haud
1991 5251 2328 5328 dubitamus.
2379 5247 2624 5328 δρψ-ενδ
2674 5249 3311 5328 νοςρ-νθηίιηςρὲυρειν
3359 5267 3526 5328 omne
3565 5254 3702 5307 colle

441 5340 633 5409 monte,
679 5317 793 5409 'ltl‘Oll
836 5317 1274 5409 animadvertens
1304 5340 1429 5378 mox
1458 5324 1633 5392 sequi,
1671 5322 1972 5409 et‘de‘supe‘r
2005 5322 2148 5409 anni
2182 5319 2342 5409 (gl-le:
2376 5317 2459 5372 Cf.
2500 5317 2999 5409 Testus\ll‘ebr;ret
3051 5317 3193 5374 LXX
3221 5317 3454 5409 ’_Gr:ecc.
3493 5321 3696 5409 Discit.

442 5399 509 5469 (ι’)
551 5401 643 5461 Λ.,
686 5395 770 5469 S_.,
817 5395 1578 5469 abolriinationum_suarum.

441 5463 606 5539 έιςιο.
684 5466 755 5537 (It)
795 5467 900 5539 Α),
932 5463 1019 5539 8.,
1057 5479 1223 5539 super
1252 5464 1432 5539 tabula
1465 5465 1647 5518 cordis
1679 5479 1901 5539 eorum.

440 5535 525 5592 ca]
543 5554 663 5591 nem
697 5535 904 5590 brachii
938 5535 1043 5588 sui.

443 5608 499 5662 in
537 5610 727 5663 foveis.
807 5604 883 5675 (ᾳ)
923 5605 1012 5666 A.,
1053 5601 1352 5674 plautatum
1389 5601 1564 5673 super
1587 5620 1780 5673 aquas.
1859 5601 2132 5673 (r)Grave.

1967 5694 2330 5749 coacervavit.
2408 5694 2485 5759 ly)
2523 5691 2611 5753 Α.,
2660 5690 2985 5760 liquescens.
3032 5693 3165 5749 ch.
3196 5693 3364 5749 Nabal
3402 5678 3518 5760 ('73:
3557 5696 3702 5749 άεεῑ..

445 5708 741 5771 cognoscat
765 5696 934 5771 illud?
1007 5696 1086 5767 (υ)
1125 5697 1218 5771 Α..
1248 5697 1598 5771 investigatis.
1678 5697 1757 5763 (π)

446 5760 637 5840 pirum).
714 5767 915 5840 (ιλ-8.,
941 5774 996 5820 et
1017 5760 1282 5840 increduli
1326 5760 1498 5840 super
1531 5760 1693 5821 terra
1720 5760 2052 5840 Scribe-titur.
2131 5763 2211 5835 (a)
2376 5760 2763 5840 scaturriginem
2798 5777 2951 5840 aqua:
2981 5765 3229 5820 viventis.

663 5830 735 5910 (cj
772 5830 857 5905 3.,
897 5851 1006 5891 non
1039 5837 1290 5893 detentus
1320 5830 1496 5892 factus
1533 5852 1651 5893 sum
1680 5852 1709 5891 a
1741 5835 1946 5891 malitia
1977 5852 2009 5905 p

2126 5830 2200 5890 te.
2274 5834 2352 5903 (d)
2394 5834 2482 5895 A.,
2516 5830 2599 5897 8.,
2632 5832 2815 5899 pavori
2848 5830 2861 5885 ἑ
2897 5848 3021 5902 spes
3052 5850 3167 5887 mea
3202 5844 3278 5888 tu.

447 5857 587 5897 mea.

1677 5393 1750 5464 (g)
1793 5395 1882 5454 Α..
1926 5392 2011 5452 8.,
2039 5399 2093 5444 et
2121 5389 2391 5464 fortitudo
2410 5405 2551 5464 ni_ea_.

2015 5464 2077 5529 (ι)
2121 5460 2266 5514 Sola.

1154 5536 1228 5602 (0)
1272 5539 1361 5596 .l.,
1390 5535 1442 5586 in
1486 5549 1642 5602 mque
1679 5534 1815 5586 loco.
1847 5532 1931 5596 S.,
1974 5533 2028 5584 in
2068 5530 2287 5602 Arabia.

2660 5391 2735 5457 (Ii)
2775 5390 2864 5462 Α.,
2886 5387 3019 5454 ·ΤΙι.,
3050 5405 3157 5443 una
3189 5390 3305 5462 vice
3339 5393 3461 5447 hac.
3540 5394 3601 5462 (ε)
3639 5393 3698 5445 ln

2377 5459 2472 5526 (ut)
2508 5457 2600 5531 _S.,
2632 5470 2687 5514 et
2714 5460 3000 5531 subjiciam
3033 5469 3107 5531 te:
3213 5460 3291 5529 (τι)
3330 5461 3419 5524 ,4η
3450 5471 3504 5517 et
3538 5457 3703 5531 ponet

2366 5530 2442 5597 (p)
2482 5528 2571 5592 A.,
2603 5531 2742 5584 inter
2770 5530 3038 5586 excisum.
3068 5527 3150 5591 8.,
3183 5527 3236 5583 in
3275 5527 3551 5586 Siccitate.'
3576 5531 3700 5593 ΤΙο..

2213 5601 2280 5671 (s)
2324 5600 2412 5660 Α..
2445 5615 2694 5654 curvum.
2774 5603 2836 5669 (ι)
2878 5598 2961 5667 S.,
2995 5601 3074 5653 \ir
3100 5608 3279 5663 autem
3308 5603 3431 5670 quis
3460 5612 3566 5664 est,
3607 5601 3701 5670 qui

3328 5767 3404 5836 (ὁ)
3445 5768 3538 5836 A.,
3584 5769 3705 5823 laus
