4134 6496
454 434 591 495 2551

1621 425 1849 482 CODEX
1893 423 2566 485 SYltO-IIEXAI’I.ARIS.

3574 433 3721 495 253!

457 560 511 606 et
545 563 614 603 ne
657 544 879 618 gestetis
908 542 1153 597 sarcinas
1196 539 1250 596 in
1306 542 1392 597 die
1433 543 1807 607 sabbatorum,
1861 560 2037 614 neque
2068 560 2109 615 Α
2142 560 2238 615 pro
2266 546 2446 609 bonis,
2482 562 2602 617 qua!
2625 546 2840 601 locutus
2870 560 2990 601 sum
3021 550 3202 603 facere
3227 548 3327 604 eis.
3368 550 3452 607 Il.
3480 550 3545 606 Et
3574 570 3724 610 nunc

458 637 812 712 egrediamini
848 634 1346 706 portisierusalem
1380 652 1392 686 :
1424 634 1516 687 22.
1562 650 1737 704 neque
1793 634 2039 690 educatis

459 731 709 786 sarcinas
738 743 771 782 e
809 727 1069 782 domibus
1102 728 1300 779 vestris
1349 725 1403 778 in
1446 726 1533 779 die
1572 726 1950 791 sabbatorum,
1985 735 2040 780 et

408 861 414 867 .
458 836 623 874 omne
654 834 793 887 opus
836 833 944 872 non
988 817 1197 870 facietis
1232 834 1246 869 :
1275 826 1328 868 et
1357 816 1697 871 sanctificate
1731 816 1875 870 diem
1910 817 2034 871 sab-

461 912 738 973 batorum,
774 909 920 964 sicut
945 905 1173 974 praecepi
1204 908 1452 975 patribus
1473 909 1673 961 vestris
1699 916 1788 962 :et
1818 923 1925 962 non
1949 923 2041 962 au-

461 1003 737 1065 diverunt,
773 1013 873 1052 nec
904 997 1234 1051 inclinarunt
1259 996 1328 1067 (e)
1366 1012 1526 1052 aures
1549 1013 1701 1062 suas,
1732 999 1822 1053 25.
1863 1008 1918 1053 et
1939 998 2042 1052 ob-

462 1095 733 1148 durarunt
778 1091 978 1145 collum
1030 1105 1191 1144 suum
1244 1104 1305 1144 -t-
1357 1090 1477 1159 plus
1507 1105 1672 1160 quam
1715 1102 1901 1159 patres
1940 1106 2038 1147 eo-

465 1197 588 1237 rum
629 1181 692 1249 ζ,
742 1196 811 1234 ne
848 1181 1101 1235 audirent
1122 1194 1228 1243 me,
1258 1189 1312 1234 et
1350 1195 1418 1234 ne
1460 1182 1770 1251 acciperent
1796 1182 2044 1251 discipli-

466 1289 619 1327 nam.
651 1272 744 1325 24.
780 1270 846 1325 Ει
874 1271 1000 1332 erit,
1055 1271 1101 1326 si
1151 1271 1424 1325 audiendo
1452 1272 1739 1326 audieritis
1770 1287 1876 1337 me,
1909 1273 2044 1327 dicit

466 1363 752 1427 Dominus,
781 1374 841 1418 ut
864 1377 968 1416 nun
1000 1360 1246 1417 iul'eratis
1279 1363 1526 1418 sarcinas
1554 1379 1652 1433 per
1681 1372 1867 1433 portas
1891 1364 2043 1419 urbis

467 1454 631 1523 hujus
660 1454 712 1506 in
744 1454 831 1508 die
857 1453 1235 1517 sabbatorum,
1263 1462 1318 1506 et
1338 1454 1403 1506 ad
1429 1455 1878 1509 sanctificandum
1897 1455 2041 1509 diem

466 1546 842 1607 sabbatorum,
902 1554 958 1599 ut
1017 1561 1125 1599 non
1174 1546 1388 1601 faciatis
1433 1547 1487 1599 in
1538 1561 1605 1600 eo
1653 1561 1817 1600 omne
1867 1561 2042 1614 opus;

465 1637 558 1692 9.5.
587 1638 750 1693 etiam
784 1638 1159 1707 ingredientur
1186 1654 1283 1707 per
1324 1647 1512 1707 portas
1561 1638 1712 1692 urbis
1748 1637 1914 1706 lmjus
1958 1652 2044 1693 re—

466 1742 584 1794 ges,
616 1737 671 1779 et
719 1726 992 1794 principes
1039 1725 1289 1779 sedentes
1329 1740 1493 1795 super
1538 1726 1679 1780 solio
1714 1724 1955 1790 Davidis,
1989 1734 2046 1780 et

2140 638 2228 691 dic
2261 638 2326 691 ad
2359 639 2507 693 viros
2537 637 2710 700 .Iudm,
2750 647 2802 692 et
2833 639 2897 692 ad
2931 650 3048 702 eos,
3078 638 3170 707 qui
3205 640 3445 695 habitant
3480 642 3533 696 in
3562 641 3723 698 .Ieru.

2141 728 2332 794 salem,
2366 733 2432 795 >ε<
2477 729 2662 783 dicens
2695 746 2709 781 :
2752 727 2827 782 Ita
2868 728 2999 783 dicit
3030 726 3294 785 Dominus
3331 732 3352 800 ζ
3395 750 3408 785 :
3455 727 3593 787 Ecce
3620 749 3725 805 ego

2141 834 2269 873 creo
2298 835 2464 887 super
2491 834 2592 873 vos
2623 819 2787 884 mala,
2810 828 2865 874 et
2890 821 3069 890 cogito
3103 836 3267 890 super
3303 837 3400 875 vos
3438 826 3727 893 cegitatio-

2145 925 2291 964 nem.
2325 910 2651 964 Revertatur
2673 910 2836 978 igitur
2861 911 3236 980 unusquisque
3260 927 3290 966 a
3324 913 3407 966 via
3439 929 3537 968 sua
3558 915 3722 979 mala,

2143 1006 2200 1050 et
2250 997 2564 1066 pulchriora
2611 996 2774 1053 facite
2807 999 2986 1053 studia
3021 1009 3234 1063 vestra,
3285 1002 3355 1069 Χ
3383 1009 3434 1056 et
3468 1003 3586 1058 vias
3635 1016 3729 1059 ve-

2144 1096 2289 1142 stras
2315 1088 2360 1155 ζ.
2393 1086 2482 1142 η.
2514 1086 2580 1141 Ει
2616 1088 2871 1142 dixerunt
2900 1105 2913 1141 :
2952 1088 3028 1158 (y)
3061 1088 3298 1144 Viriliter
3324 1106 3571 1161 agemus;
3596 1093 3726 1161 quia

2145 1185 2271 1245 post
2321 1177 2634 1232 aversiones
2678 1187 2896 1232 nostras
2941 1179 3183 1244 ibimus,
3228 1189 3287 1235 et
3351 1183 3729 1252 unusquisque

2144 1282 2231 1331 ea,
2292 1268 2366 1335 (ι)
2423 1282 2545 1336 quae
2592 1269 2804 1338 placent
2848 1270 2999 1324 cordi
3052 1269 3172 1339 ejus
3227 1271 3395 1335 malo,
3435 1271 3723 1326 faciemus.

2149 1360 2232 1413 15.
2283 1358 2512 1428 Propter
2558 1360 2660 1415 hoc
2695 1360 2809 1414 haec
2855 1361 2987 1416 dicit
3034 1361 3347 1418 Dominus:
3396 1361 3731 1435 Interrogata

2147 1448 2369 1503 nuncin
2394 1450 2672 1518 gentibus,
2701 1451 2827 1519 quis
2860 1451 3070 1506 audivit
3110 1453 3239 1508 talia
3273 1454 3576 1519 horribilia,
3606 1471 3730 1525 qua:

2145 1540 2274 1596 fecit
2300 1541 2458 1596 valde
2508 1542 2661 1611 virgo
2709 1542 2962 1599 lsraelis!
2996 1545 3081 1599 li.
3118 1544 3197 1617 (a)
3247 1543 3389 1600 Num
3421 1547 3729 1602 deficienta

2145 1642 2297 1703 petra
2329 1633 2518 1699 ubera,
2546 1642 2642 1687 aut
2669 1635 2759 1687 nix
2789 1650 2818 1686 a
2852 1634 3107 1690 Libano?
3129 1646 3222 1691 aut
3259 1636 3553 1692 declinabit
3586 1654 3730 1707 aqua

2147 1724 2410 1779 violenter
2445 1725 2681 1779 abducta
2709 1727 2908 1779 vento?
2955 1726 3043 1781 l5.
3080 1726 3220 1794 Quia
3264 1728 3419 1783 obliti
3456 1739 3587 1782 sunt
3621 1730 3729 1783 mei

466 1816 607 1870 vecti
633 1830 797 1885 super
825 1817 1082 1871 curribus
1127 1823 1182 1871 et
1210 1816 1369 1886 equis
1395 1816 1533 1879 suis,
1564 1826 1619 1871 et
1644 1816 1917 1886 principes
1950 1831 2045 1871 eo-
2078 1841 2118 1899 Β
2146 1814 2382 1883 pepulus
2410 1828 2565 1868 meus
2604 1830 2619 1867 :
2651 1814 2704 1867 in
2736 1830 2937 1868 vanum
2980 1815 3326 1879 adoluerunt.
3371 1818 3443 1887 (ὁ)
3484 1824 3540 1872 et
3579 1817 3733 1871 infir-

468 1921 614 1970 rum,
645 1905 713 1974 (Ῑ)
746 1906 846 1959 viri
870 1904 1043 1970 Judte,
1075 1907 1239 1961 etiam
1277 1906 1351 1960 illi
1376 1907 1470 1976 qui
1508 1906 1754 1961 habitant
1795 1908 1848 1961 in
1878 1904 2040 1962 Jeru-

469 1996 662 2061 salem,
687 1997 761 2066 (g)
789 2005 845 2052 et
884 1996 1219 2051 habitabitur
1247 1998 1378 2051 urbs
1419 1998 1533 2051 haec
1556 1999 1609 2051 in
1636 1999 1914 2052 steculum.
1954 1997 2041 2051 26.

470 2085 539 2141 Et
560 2089 777 2142 venient
797 2102 865 2143 cx
893 2088 1120 2142 urbibus
1152 2086 1327 2153 Iudae,
1350 2097 1405 2143 et
1431 2103 1498 2142 ex
1525 2088 1848 2143 circnitibus
1888 2086 2047 2143 Ieru-

471 2181 663 2244 salem,
695 2187 749 2233 ct
789 2194 853 2233 ex
895 2186 1039 2233 terra
1083 2178 1387 2248 Benjamin,
1424 2187 1479 2232 et
1503 2195 1568 2233 ex
1601 2179 1678 2250 (Ii)
1713 2179 1955 2248 planitie,
1992 2187 2047 2233 et

469 2288 539 2327 ex
578 2279 782 2338 monte,
831 2279 886 2325 et
930 2284 995 2323 ex
1036 2285 1122 2333 ea,
1169 2286 1293 2339 quae
1342 2271 1409 2324 ad
1454 2270 1760 2336 meridiem,
1813 2270 2047 2326 ferentes

481 2363 827 2426 holocauSta,
887 2372 943 2417 et
983 2360 1044 2433 (i)
1093 2361 1467 2432 thymiamata,
1505 2369 1561 2416 et
1596 2361 1670 2431 (Ιε)
1723 2376 1946 2425 manna,
1992 2370 2050 2416 et

473 2456 624 2517 thus,
655 2463 706 2507 ct
737 2452 1027 2507 afferentes
1079 2456 1143 2516 (ι)
1185 2452 1397 2508 laudem
1445 2453 1500 2505 in
1535 2453 1759 2506 domum
1809 2451 2044 2507 Domini.

471 2546 563 2601 27.
614 2545 683 2599 Et
728 2545 775 2601 si
835 2560 943 2599 non
999 2542 1287 2599 audieritis
1325 2561 1433 2609 me,
1480 2544 1547 2598 ad
1596 2543 2045 2599 sanctificandum

472 2638 620 2693 diem
657 2638 1033 2697 sabbatorum,
1076 2647 1138 2690 ut
1187 2650 1256 2690 ne
1306 2635 1532 2706 gestetis
1578 2638 1846 2699 sarcinas,
1877 2646 1926 2691 et
1965 2636 2049 2690 in-

473 2729 797 2797 grediamini
834 2729 887 2782 in
918 2729 1088 2798 portis
1107 2726 1411 2783 Jerusalem
1454 2728 1507 2781 in
1540 2728 1627 2782 die
1670 2728 2046 2791 sabbatorum,

470 2821 638 2875 etiam
663 2819 956 2874 accendant
994 2818 1172 2888 ignem
1216 2818 1271 2871 in
1316 2818 1487 2887 portis
1518 2817 1661 2886 ejus,
1688 2828 1743 2871 et
1767 2818 2051 2873 devorabit

475 2911 573 2981 (αι)
600 2910 804 2979 plateas
835 2907 1164 2971 Jerusalem,
1198 2919 1379 2962 etnon
1405 2907 1801 2977 exstinguetur.

546 2999 700 3055 CAP.
733 2997 922 3053 XVIII.
944 3029 1016 3039 —
1035 2998 1085 3052 1.
1142 2996 1403 3063 Verbum,
1445 2998 1591 3066 quod
1642 2996 1844 3051 factum
1872 2995 2049 3053 estad

475 3090 768 3147 Jeremiam
791 3105 821 3143 a
841 3089 1091 3153 Domino,
1123 3089 1312 3143 dicens
1346 3105 1360 3142 :
1389 3087 1443 3141 2.
1474 3088 1666 3157 Surge,
1698 3099 1753 3142 et
1783 3087 2052 3143 descende

2153 1904 2449 1958 mabuntur
2485 1903 2538 1957 in
2567 1902 2671 1957 viis
2709 1903 2827 1957 suis
2855 1902 3081 1958 funiculi
3110 1905 3447 1974 sempiterni,
3471 1906 3541 1960 ad
3585 1907 3735 1962 ince-

2151 1995 2389 2050 dendum
2446 1994 2500 2048 in
2553 1995 2788 2061 semitis,
2825 1995 3028 2066 quibus
3070 2011 3177 2050 non
3225 2005 3310 2052 est
3352 1997 3438 2051 via
3482 1998 3550 2052 ad
3606 1999 3731 2064 iter,

2156 2088 2242 2143 l6.
2272 2088 2340 2143 ad
2372 2087 2681 2158 ponendum
2722 2096 2927 2142 terram
2963 2103 3117 2143 suam
3168 2089 3220 2142 in
3256 2090 3482 2144 exitium
3513 2099 3569 2145 et
3599 2091 3732 2146 sibi-

2154 2180 2267 2233 lum
2315 2178 2727 2248 sempiternum.
2775 2178 2978 2235 Omnes
3026 2178 3062 2232 ii
3112 2180 3205 2249 qui
3253 2189 3538 2235 transeunt
3569 2196 3734 2251 super

2154 2283 2216 2323 ea
2273 2268 2681 2337 obstupeseeut,
2739 2279 2791 2324 et
2852 2273 3275 2326 commovebunt
3332 2282 3496 2343 caput
3547 2291 3732 2329 suum.

2158 2357 2225 2411 17
2248 2357 2319 2427 (c)
2355 2359 2510 2411 Sicut
2549 2368 2773 2413 ventum
2806 2368 2998 2426 aestus,
3040 2361 3346 2432 dispergam
3375 2378 3470 2417 eos
3496 2375 3622 2418 ante
3653 2364 3738 2419 fa-

2156 2450 2294 2504 ciem
2326 2448 2672 2503 inimicorum
2714 2465 2938 2504 suorum
2971 2468 2986 2505 :
3022 2454 3089 2519 χ
3116 2452 3193 2522 (ά)
3221 2453 3506 2520 cervicem,
3534 2465 3589 2510 et
3621 2470 3732 2510 non

2156 2538 2404 2606 faciem:
2450 2539 2735 2595 ostendam
2786 2541 2866 2596 eis
2915 2541 2968 2595 in
3017 2543 3103 2597 die
3154 2543 3474 2612 perditionis
3515 2561 3733 2602 eorum.

2159 2632 2248 2688 l8.
2287 2631 2353 2686 Et
2406 2632 2662 2687 dixerunt
2709 2650 2724 2683 :
2770 2630 2979 2697 Venite,
3030 2634 3335 2704 cogitemus
3374 2650 3540 2705 super
3585 2635 3740 2692 Jere-

2158 2720 2325 2774 rniam
2363 2720 2791 2790 cegitationem;
2828 2722 2954 2789 quia
2997 2737 3103 2776 nun
3149 2725 3349 2792 peribit
3381 2724 3463 2779 lex
3495 2741 3526 2779 a
3557 2741 3743 2781 sacer-

2158 2812 2303 2872 dote,
2336 2820 2392 2865 et
2413 2811 2701 2866 consilium
2746 2826 2777 2866 a
2822 2812 2891 2883 (θ)
2932 2814 3215 2883 prudente,
3250 2825 3306 2870 et
3335 2830 3515 2872 sermo
3540 2832 3570 2871 a
3611 2833 3743 2888 pro-

2158 2903 2341 2972 pheta.
2372 2902 2582 2966 Venite,
2612 2912 2667 2958 et
2705 2905 3077 2973 percutiamus
3111 2921 3236 2960 eum
3273 2907 3328 2961 in
3360 2908 3564 2977 lingua,
3592 2914 3661 2979 χ
3682 2919 3744 2965 et

2162 3009 2270 3048 non
2307 2994 2330 3061 ζ
2366 2994 2654 3049 audiemus
2686 3010 2880 3051 omnes
2914 3011 3196 3052 sermones
3225 2997 3366 3067 ejus.
3406 2998 3493 3054 l9.
3530 2998 3741 3056 Exaudi

2161 3102 2269 3152 me,
2304 3086 2552 3152 Domine,
2580 3094 2636 3141 et
2672 3088 2872 3143 exaudi
2909 3103 3099 3144 vocem
3128 3090 3195 3161 (f)
3229 3089 3372 3159 juris
3403 3091 3532 3145 mei.
3560 3090 3650 3145 20.
3680 3091 3740 3148 Si

481 3184 536 3238 in
567 3181 792 3236 domum
825 3180 903 3251 (τι)
933 3180 1103 3252 figuli,
1136 3187 1190 3234 et
1222 3178 1296 3233 ibi
1331 3179 1518 3234 audies
1542 3179 1703 3234 verba
1743 3194 1886 3234 mea.
1917 3181 1968 3235 3.
1996 3179 2062 3235 Et
2088 3195 2130 3249 (ζ
2164 3176 2543 3230 retribuuntur
2588 3177 2732 3232 mala
2780 3192 2879 3248 pro
2924 3178 3118 3245 bonis;
3141 3179 3215 3251 (9)
3255 3181 3382 3249 quia
3414 3181 3578 3237 locuti
3611 3195 3745 3240 sunt

479 3274 736 3331 desccmli
790 3274 847 3328 in
897 3273 1120 3328 domum
1171 3270 1341 3342 figuli,
1382 3280 1438 3326 et
1485 3286 1617 3326 ecce
1667 3271 1784 3342 ipse
1824 3269 2060 3326 faciebat

479 3383 619 3437 opus
647 3368 720 3437 to)
743 3381 912 3435 super
934 3365 1205 3434 lapidibus
1230 3382 1246 3419 :
1273 3364 1328 3419 ι.
1357 3372 1415 3418 et
1438 3364 1636 3418 cecidit
1653 3362 1869 3433 Iagena,
1891 3378 2056 3433 quam

482 3457 601 3528 ipse
637 3455 870 3511 faciebat
904 3458 972 3522 >ε<
1003 3456 1056 3508 in
1088 3454 1205 3508 luto
1236 3454 1259 3523 ζ
1314 3456 1368 3508 in
1404 3455 1653 3509 manibus
1687 3452 1765 3524 (p)
1798 3454 1914 3510 suis
1954 3474 1969 3508 :
2004 3463 2061 3509 et

482 3563 679 3604 rursus
723 3546 853 3603 fecit
879 3562 1000 3601 eam
1051 3546 1300 3616 lagonam
1346 3545 1596 3612 alteram,
1641 3554 1702 3600 ut
1746 3545 1951 3616 placuit
1982 3543 2057 3615 (ιι)

482 3656 668 3696 coram
688 3655 755 3694 eo
783 3640 983 3695 facere.
1015 3638 1070 3693 5.
1106 3636 1172 3691 Et
1220 3636 1425 3692 factum
1462 3645 1552 3691 est
1585 3636 1808 3692 verbum
1843 3635 2058 3690 Domini

483 3732 551 3788 ad
579 3748 686 3797 me,
725 3731 950 3786 dicens:
1000 3729 1055 3784 6.
1092 3727 1173 3792 Si,
1216 3727 1678 3798 quemadmodum
1716 3727 1912 3797 figulus
1949 3726 2059 3788 hic,

487 3839 595 3878 non
634 3831 828 3892 potero
859 3822 1037 3876 facere
1066 3835 1186 3885 vos,
1218 3818 1414 3873 domus
1438 3817 1673 3877 lsraelis,
1704 3819 1773 3884 )K
1801 3817 1934 3872 dicit
1957 3815 2065 3869 Do-

489 3914 706 3970 minus?
738 3914 762 3979 :
792 3912 931 3966 Ecce
975 3913 1119 3971 sicut
1165 3911 1337 3964 lutum
1385 3911 1454 3978 χ
1491 3910 1547 3962 in
1595 3908 1849 3963 manibus
1891 3907 2061 3977 figuli,

489 4007 563 4059 ita
600 4005 621 4072 ζ
646 4019 744 4058 vos
774 4003 906 4057 estis
928 4003 983 4056 in
1018 4000 1272 4055 manilms
1292 3998 1745 4067 meis.)(domus
1778 3998 1990 4055 lsraelis
2015 3998 2061 4066 ζ.

490 4096 544 4149 7.
574 4096 645 4167 (ν)
682 4094 761 4148 Ad
790 4107 1060 4147 summam
1089 4091 1283 4160 loquar
1307 4105 1472 4159 super
1496 4098 1734 4159 gentem,
1764 4097 1858 4142 aut
1901 4104 2065 4159 super

487 4200 714 4254 regnum
748 4185 818 4254 (a)
866 4184 932 4237 ad
987 4183 1282 4236 tollemlum
1317 4196 1432 4242 eos,
1477 4182 1544 4250 >κ
1582 4190 1636 4234 et
1669 4181 1735 4234 ad
1775 4179 2065 4235 destruen-

487 4276 617 4331 dqu
651 4274 698 4342 ζ,
729 4283 784 4328 et
812 4273 879 4328 ad
912 4270 1267 4342 perdendum.
1296 4270 1350 4324 8.
1385 4269 1449 4324 Et
1483 4277 1784 4324 revertetur
1813 4284 1947 4338 gens
1974 4269 2064 4322 illa

488 4382 521 4420 a
554 4367 714 4422 malis
740 4380 952 4429 eorum,
977 4378 1098 4433 quae
1122 4363 1341 4418 locutus
1365 4377 1486 4416 sum
1529 4377 1693 4432 super
1730 4377 1792 4415 ea
1844 4380 1857 4414 :
1899 4360 2063 4414 etiam

489 4459 553 4529 (ι)
601 4455 772 4528 θέωη-
804 4455 1179 4527 ρωιιὶιθιιιίωιι
1212 4469 1310 4524 pro
1345 4454 1524 4519 malis,
1563 4470 1685 4525 qua:
1714 4454 1945 4524 cogitavi
1984 4452 2065 4507 fa-

2159 3268 2325 3323 simul
2353 3266 2429 3339 (Io)
2452 3268 2721 3338 judicium
2757 3283 2819 3326 -t-
2854 3286 3022 3341 super
3055 3272 3293 3326 animam
3329 3288 3531 3340 meam,
3561 3284 3616 3330 et
3642 3290 3746 3347 po-

2162 3374 2293 3414 nere
2329 3360 2382 3413 in
2413 3368 2579 3430 caput
2620 3376 2779 3415 suum
2810 3362 2871 3431 (i.
2907 3377 2958 3417 e.
3006 3365 3195 3432 punire
3231 3375 3391 3420 semet
3429 3367 3615 3438 ipsos),
3646 3385 3745 3425 oe-

2161 3446 2441 3500 cnltarnnt
2472 3445 2520 3512 ζ.
2549 3445 2859 3502 Recordare
2884 3449 3011 3515 mei,
3043 3464 3169 3505 cum
3219 3453 3340 3507 steti
3388 3465 3516 3508 ante
3546 3454 3743 3511 faciem

2162 3548 2332 3602 tuam,
2359 3536 2427 3591 ad
2453 3537 2782 3607 loquendum
2826 3554 2922 3607 pro
2968 3540 3050 3596 eis
3091 3542 3233 3597 bona
3274 3544 3340 3598 ad
3384 3548 3741 3603 avertendum

2163 3628 2402 3685 furorem
2434 3638 2586 3683 tuum
2626 3630 2697 3684 ab
2716 3630 2817 3684 eis.
2857 3631 2947 3685 21.
2983 3630 3211 3703 Propter
3246 3635 3349 3691 hoc
3376 3637 3442 3691 da
3479 3638 3616 3694 filios
3648 3655 3747 3695 eo-

2165 3736 2285 3774 rum
2316 3722 2367 3773 in
2399 3719 2619 3783 famem,
2664 3730 2718 3776 et
2763 3721 2826 3791 (i)
2857 3738 3124 3794 congrega
3155 3740 3254 3781 eos
3292 3728 3345 3781 in
3378 3744 3601 3785 manum
3635 3733 3750 3802 gla-

2164 3811 2259 3864 dii.
2291 3811 2449 3864 Fiant
2475 3827 2673 3867 uxores
2694 3827 2883 3867 eorum
2917 3815 3037 3870 sine
3074 3815 3283 3885 liberis,
3328 3829 3383 3874 et
3429 3822 3604 3878 viduae
3638 3840 3652 3878 :
3689 3834 3749 3879 et

2166 3902 2268 3956 viri
2303 3917 2493 3956 eorum
2520 3903 2630 3957 sint
2668 3904 2835 3959 occisi
2869 3913 3065 3971 morte,
3101 3906 3175 3978 (Ic)
3210 3918 3265 3963 et
3296 3910 3525 3977 juvenes
3549 3929 3746 3971 eorum

2167 3993 2423 4048 cadentes
2456 3993 2510 4047 in
2548 3993 2730 4064 gladio
2762 3994 2815 4048 in
2848 3994 3009 4050 bello.
3058 3997 3149 4052 22.
3187 3997 3306 4055 Fiat
3329 4001 3538 4058 clamor
3569 4004 3623 4059 in
3653 4007 3750 4062 do-

2168 4084 2347 4139 nribus
2374 4099 2586 4152 eorum;
2616 4088 2684 4154 >ε<
2712 4086 2838 4156 quia
2876 4089 2898 4156 ζ
2931 4087 3170 4145 adduces
3194 4107 3356 4161 super
3385 4108 3482 4150 eos
3507 4096 3749 4153 latrones

2167 4176 2372 4240 subito,
2405 4176 2665 4244 quoniam
2701 4177 2764 4245 (ι)
2793 4176 2896 4232 fuit
2926 4179 3004 4233 eis
3043 4181 3269 4236 verbum
3305 4184 3372 4238 ad
3415 4185 3746 4255 capiendum

2168 4282 2277 4332 me,
2323 4275 2376 4321 et
2427 4267 2653 4335 laqueos
2696 4269 3025 4324 abdiderunt
3071 4288 3234 4341 super
3280 4289 3385 4331 me.
3424 4276 3521 4332 25.
3565 4276 3631 4331 Et
3663 4289 3746 4346 tu,

2173 4359 2420 4419 Domine.
2444 4358 2640 4413 novisti
2664 4373 2826 4415 omne
2853 4362 3144 4417 consilium
3170 4379 3380 4430 eorum,
3407 4368 3551 4435 quod
3580 4384 3749 4439 super

2170 4464 2258 4503 me
2285 4450 2337 4503 in
2378 4458 2607 4504 mortem
2634 4469 2648 4503 :
2673 4451 2768 4520 (ut)
2794 4467 2860 4505 ne
2899 4452 3130 4508 mundes
3171 4454 3487 4524 iniquitates
3527 4456 3765 4523 eorum,

491 4521 615 4603 cere
637 4521 752 4602 veis.
899 4546 966 4600 Et
1005 4547 1081 4617 (ιι)
1115 4546 1181 4601 ad
1214 4521 1498 4601 summam
1528 4521 1719 4616 loquar
1743 4521 1907 4615 super
1936 4561 2064 4613 gen-
2101 4521 2143 4574 ί)
2171 4551 2225 4594 et
2253 4551 2471 4609 peccata
2501 4556 2689 4596 eorum
2721 4543 2790 4596 ab
2810 4551 2936 4597 ante
2955 4544 3148 4599 faciem
3175 4521 3323 4600 tuam
3347 4561 3416 4601 ne
3437 4548 3640 4604 deleas.
3665 4521 3748 4621 (η)

495 4649 627 4702 tem,
656 4647 711 4692 et
742 4653 905 4706 super
950 4652 1198 4706 regnum,
1247 4644 1308 4691 ut
1348 4638 1642 4691 aedificetur
1687 4637 1888 4697 denuo,
1926 4645 1980 4689 et
2008 4643 2068 4689 ut

495 4729 770 4799 plantetur
796 4746 810 4783 :
845 4727 933 4782 10.
967 4736 1021 4782 et
1050 4727 1247 4782 facient
1270 4728 1410 4782 mala
1440 4742 1625 4782 coram
1653 4742 1762 4789 me,
1795 4734 1945 4779 utne
1966 4741 2065 4779 au-

494 4822 648 4877 diant
682 4835 869 4876 vocem
914 4835 1091 4875 meam
1125 4836 1140 4874 :
1187 4821 1349 4876 etiam
1377 4820 1458 4893 (x)
1491 4835 1646 4891 agam
1689 4818 2062 4889 paenitentiam

564 4997 635 5114 (c)
658 5041 880 5114 Aurem.
918 5039 1343 5114 7(Djrincipes.
1404 5027 1973 5114 (g)A.,__e_t_ha.bilabi't.
2007 5050 2051 5114 _l

2148 5037 2229 5114 ἂν
2249 5035 2440 5091 limite.
2472 5035 2555 5101 8.,
2586 5037 2881 5114 profundo.

496 5113 721 5168 tionem.

2173 4630 2292 4684 Fiat
2319 4631 2607 4688 infirmitas
2631 4649 2819 4686 eorum
2850 4649 3033 4688 coram
3062 4644 3113 4689 te
3143 4652 3158 4689 :
3190 4636 3245 4690 in
3278 4643 3517 4708 tempore
3544 4638 3753 4698 furoris

2170 4722 2248 4775 tui
2279 4721 2364 4775 fac
2390 4722 2442 4774 in
2478 4723 2576 4777 cis.

2243 4812 2397 4866 CAP.
2420 4812 2539 4866 XIX
2570 4814 2853 4870 —-l.'I‘nnc
2874 4816 3012 4870 dixit
3037 4816 3301 4874 Dominus
3329 4820 3394 4873 ad
3424 4836 3509 4873 me
3535 4839 3549 4873 :
3577 4818 3749 4887 Vade,

2950 5040 3015 5107 (ἱ)
3039 5038 3129 5103 Α.,
3156 5036 3484 5107 sacrificium
3513 5046 3569 5107 et
3587 5038 3752 5093 obla-

782 5111 852 5181 (k)
879 5106 1127 5164 MA'NNA
1145 5106 1330 5181 [Li-ge,
1349 5106 1941 5181 md:zaa._Vide_sis_quze
1956 5108 2340 5181 adnotavimus
2362 5120 2527 5181 supra
2550 5108 2614 5159 ad
2636 5116 2842 5161 textum
2862 5106 3133 5181 Gnaeum.
3161 5106 3384 5179 Drach.]
3457 5108 3521 5177 (ι)
3545 5106 3630 5181 8.,
3650 5126 3754 5178 pro

497 5183 674 5238 laude.
735 5176 830 5252 (ni)
854 5176 1400 5252 Altitl’OAAQletcas.
1422 5178 1624 5252 .4.,-S._,
1652 5177 1870 5252 palatia.
1902 5178 2011 5252 _(u)
2035 5196 2051 5229 Α

2148 5176 2318 5252 figuli.
2392 5176 2583 5252 (o)__A.,
2608 5193 2771 5252 super
2793 5186 2931 5252 rota.
2954 5177 3039 5252 3.,
3065 5193 3233 5252 super
3249 5176 3475 5247 organo.
3539 5176 3749 5252 Δ(ρ))1.,

499 5253 668 5323 figuli.

498 5321 698 5377 subito.
734 5321 817 5382 S..
844 5321 1048 5375 statim.
1126 5321 1204 5389 (εις)
1254 5321 1342 5385 Α.,
1375 5321 1743 5389 acquiescam.

1822 5316 1894 5384 (υ)
1940 5319 2027 5380 Α.,
2083 5326 2288 5386 resecta
2318 5331 2466 5384 spes,
2511 5317 2637 5385 quia
2688 5326 2819 5386 post
2840 5317 3201 5384 cogitationes
3232 5328 3465 5372 nostras.

764 5245 823 5320 ιη’
848 5251 936 5313 Α.,
969 5250 1022 5303 in
1053 5245 1227 5304 oculis
1250 5250 1387 5316 ejus.
1470 5249 1538 5319 (r)
1571 5245 1665 5311 A.,
1714 5245 1796 5309 S.,
1832 5248 2034 5320 subito.

2148 5245 2302 5315 :jiAd
2348 5245 2762 5320 eradicandmn.
2842 5250 2906 5315 (ι)
2946 5248 3057 5320 _A.,_
3078 5245 3450 5315 acquiescam.
3527 5245 3609 5320 (ii)
3654 5251 3751 5312 Α..

3543 5318 3620 5385 (a)
3653 5322 3752 5384 A.,

500 5393 931 5461 perversitatem.
1009 5389 1109 5461 (cf
1128 5384 1218 5454 λζ,
1254 5404 1384 5461 num
1411 5384 1817 5461 derelinquettir
1839 5404 1872 5461 a_
1900 5385 2106 5440 Libano
2128 5384 2270 5461 forti-
2280 5384 2574 5461 suffectura
2601 5384 2734 5461 nis?
2762 5387 2806 5439 si
2831 5386 3084 5461 deficient
3109 5401 3264 5455 aqua:
3294 5387 3485 5461 alienae
3515 5384 3753 5461 frigidae,

498 5450 725 5514 ilncntes
753 5460 1045 5513 deorsum?
1070 5450 1154 5523 8.,
1186 5450 1312 5513 num
1338 5458 1550 5512 deficiet
1575 5473 1604 5511 a
1638 5450 1785 5526 petra
1822 5456 2053 5527 uberum
2090 5456 2185 5527 nis
2213 5455 2439 5509 Libani?
2463 5463 2559 5527 aut
2579 5457 2835 5527 tollentur
2864 5450 2963 5527 rivi
2995 5450 3272 5527 aquarum
3304 5450 3614 5527 alienarum
3645 5450 3755 5510 tri-'-

499 5529 790 5611 gidarum?
864 5529 940 5649 (1:)
981 5527 1067 5592 8.,
1110 5537 1166 5582 et
1198 5529 1499 5599 impingcnt
1541 5527 1594 5580 in
1631 5525 1736 5581 viis
1774 5525 1910 5607 suis,
1952 5527 2005 5579 in
2055 5525 2266 5580 semitis
2304 5525 2652 5607 sempiternis
2685 5526 2752 5579 ad
2796 5525 3059 5580 eundum.

499 5601 799 5653 orientalis.
876 5600 893 5668 (
936 5600 952 5668 )
984 5598 1074 5662 Α..
1105 5599 1347 5668 dorsum.
1426 5596 1500 5668 (ε)
1531 5596 1621 5663 Α.,
1661 5594 2031 5668 S.,saptente.
2109 5596 2177 5665 (Ῑ)
2209 5595 2777 5668 A.,_adversariorum
2818 5608 3059 5648 meorum

499 5601 799 5653 orientalis.
876 5600 893 5668 (

3136 5524 3208 5595 (c)
3240 5525 3333 5586 Α..
3374 5526 3518 5595 sicut
3553 5538 3759 5584 ventus

984 5598 1074 5662 Α..
1105 5594 1347 5653 dorsum.
1376 5594 1398 5598 ’
1426 5596 1497 5665 (e)
1531 5596 1621 5663 Α.,
1661 5594 1745 5663 S.,
1768 5596 2031 5664 sapiente.

2148 5596 2177 5663 Γ)
2209 5595 2777 5665 A.,_adversariorum
2818 5608 3083 5649 meorum.
3164 5595 3239 5665 (9)
3276 5596 3368 5657 Α..
3394 5605 3449 5650 et
3492 5594 3754 5661 foderunt

502 5663 944 5738 foveanranim'ae'
963 5683 1117 5738 meae.
1151 5667 1232 5731 S.,
1261 5668 1387 5738 quia
1417 5663 1672 5721 foderunt
1698 5663 2127 5738 corruptionem.
2206 5665 2281 5738 (In
2318 5663 2515 5738 Yet-ba.
2597 5666 2772 5735 (i)A.,
2810 5675 3112 5738 prosterne.
3189 5663 3466 5738 (ΙελΑηέι
3494 5667 3677 5738 electi.

503 5735 566 5800 (ι)
599 5737 684 5800 Α.,
714 5736 968 5792 foderunt
991 5736 1222 5803 foveam,
1266 5734 1517 5807 subigent
1549 5753 1653 5792 me.
1735 5736 1831 5808 (ut)
1863 5735 1953 5803 Α.,
2001 5753 2051 5791 ηε

2148 5734 2292 5806 spies
2331 5734 2673 5804 iniquitatem
2716 5750 2930 5792 eorum.
3009 5736 3088 5805 (η)
3124 5734 3214 5797 Α..
3243 5736 3353 5791 sint
3385 5750 3575 5790 coram
3608 5736 3758 5794 facie

507 5811 618 5853 tua.
