4134 6488
353 523 499 579 2535

354 732 598 786 adduces
625 744 692 784 ex
725 727 1036 783 senioribus
1062 725 1270 795 populi,
1302 735 1356 779 et
1391 740 1455 778 ex
1498 723 1808 778 senioribus
1851 737 1944 776 sa-

356 824 642 877 cerdotum
673 840 686 875 :
720 820 776 874 2.
805 829 858 873 et
896 819 1071 873 exibis
1110 816 1189 887 (p)
1241 817 1306 871 ad
1356 815 1664 885 sepulcrum
1707 814 1944 868 ﬁliorum

359 914 595 968 filiorum
623 927 836 973 eorum,
865 910 1011 979 quod
1035 918 1117 964 est
1144 917 1269 962 ante
1292 916 1476 977 portas
1499 914 1668 975 portae
1690 903 1942 959 Ilarsith:

354 1016 414 1060 et
442 1005 559 1074 lege
600 1003 672 1057 ibi
701 1003 886 1055 omnia
923 1001 1084 1054 verba
1132 1000 1271 1065 lucc,
1299 1015 1421 1067 quae
1450 998 1665 1051 locutus
1700 995 1853 1049 fuero
1877 995 1946 1048 ad

357 1106 453 1161 te;
485 1095 539 1148 5.
575 1101 630 1148 et
658 1093 807 1148 dices
846 1091 926 1145 eis
969 1107 983 1143 :
1016 1088 1214 1144 Audite
1246 1088 1473 1142 verbum
1509 1083 1746 1147 Domini,
1794 1096 1948 1153 reges

357 1186 515 1242 Judte
550 1199 614 1242 σι-
656 1191 712 1238 et
741 1181 842 1237 viri
873 1179 1027 1236 ludas
1047 1180 1095 1249 ζ,
1138 1189 1193 1234 et
1236 1179 1272 1233 ii
1300 1178 1394 1248 qui
1428 1177 1677 1232 habitant
1710 1174 1765 1229 in
1793 1172 1941 1228 Jeru-

359 1275 551 1329 salem.
581 1270 705 1326 Haec
734 1271 868 1327 dicit
903 1269 1164 1323 Dominus
1190 1271 1257 1337 >κ
1282 1266 1546 1321 virtutum
1579 1266 1602 1335 ζ
1634 1263 1778 1319 Deus
1808 1262 1950 1318 lsra~

359 1366 464 1420 clis
480 1383 494 1420 :
512 1363 650 1418 Ecce
670 1377 769 1432 ego
788 1361 1001 1416 adduco
1020 1359 1163 1414 mala
1183 1374 1346 1429 super
1363 1359 1542 1413 locum
1568 1357 1735 1419 hunc,
1754 1366 1812 1409 ut
1829 1369 1951 1410 om-

360 1458 469 1520 nis,
498 1456 589 1524 qui
622 1454 858 1509 audierit
880 1469 967 1519 ea,
995 1452 1234 1506 tinniant
1258 1465 1420 1506 aures
1440 1450 1561 1519 ejus
1593 1466 1607 1504 :
1632 1448 1686 1504 4.
1709 1450 1778 1517 Χ
1802 1447 1888 1503 his
1921 1447 1945 1517 ζ

360 1548 509 1617 quod
538 1545 950 1614 dereliquerunt
976 1556 1080 1605 me,
1121 1552 1177 1596 et
1219 1541 1457 1595 alienum
1489 1538 1735 1594 fecerunt
1764 1539 1947 1591 locum

361 1636 531 1700 hunc,
559 1644 614 1689 et
632 1634 955 1689 adoluerunt
976 1632 1029 1686 in
1058 1646 1125 1686 eo
1155 1630 1261 1686 diis
1291 1629 1509 1695 alienis,
1544 1645 1683 1699 quos
1712 1642 1820 1681 non
1850 1642 1949 1682 no-

361 1735 559 1781 verunt
589 1724 714 1795 ipsi,
741 1735 795 1778 et
826 1733 1009 1791 patres
1037 1736 1227 1777 eorum
1263 1738 1276 1775 :
1306 1729 1361 1775 et
1389 1735 1544 1791 reges
1569 1717 1727 1773 Juda:
1759 1718 1950 1788 imple-

361 1827 560 1875 verunt
586 1818 768 1872 locum
803 1816 948 1871 hunc
978 1814 1339 1885 sanguinibus
1361 1813 1764 1880 innocentibus,
1800 1813 1853 1867 5.
1894 1819 1949 1867 et

361 1912 703 1968 :edilicaruut
752 1908 828 1980 (q)
882 1907 1098 1964 excelsa
1146 1905 1333 1972 Baali,
1394 1906 1463 1962 ad
1516 1905 1946 1961 combureudum

363 2003 506 2059 illius
541 2018 672 2058 suos
705 2002 762 2054 in
807 2001 951 2070 igne,
995 2000 1061 2066 χ(
1094 1998 1476 2053 holocaustum
1509 1995 1659 2051 Baali
1704 1995 1729 2065 ζ
1760 2014 1774 2050 :

365 2110 471 2148 non
500 2093 758 2164 prmeepi,
791 2104 968 2161 neque
1008 2090 1142 2157 dixi,
1188 2104 1288 2144 nec
1318 2088 1388 2159 (r)
1424 2089 1656 2160 cOgitavi
1697 2090 1752 2143 in
1784 2090 1951 2144 corde

364 2201 507 2240 meo.
541 2186 595 2239 6.
622 2183 851 2254 Propter
881 2185 988 2239 hoc
1015 2197 1144 2237 ecce
1171 2181 1290 2237 dies
1323 2182 1568 2245 veniunt,
1613 2183 1746 2236 dicit
1770 2180 1954 2235 Domi-

367 2289 490 2342 nus,
533 2286 588 2331 et
620 2292 730 2331 non
764 2275 1048 2331 vocabitur
1092 2273 1212 2329 loco
1246 2272 1375 2328 huic
1417 2274 1484 2342 (ι)
1525 2274 1762 2343 amplius
1806 2272 1954 2327 Tha-

365 2369 554 2438 phelli,
586 2378 642 2423 et
679 2367 836 2423 vallis
886 2366 982 2421 lilii
1027 2366 1193 2432 Nom,
1241 2365 1335 2421 sed
1389 2365 1548 2419 vallis
1585 2365 1950 2421 mactationis.

367 2460 418 2514 7.
450 2460 511 2529 (ι)
535 2459 600 2513 Et
616 2458 931 2528 exstirpabo
955 2457 1243 2512 consilium
1265 2454 1437 2517 ludat,
1465 2470 1528 2513 -ι-
1551 2467 1606 2512 et
1624 2455 1949 2524 consilium:

368 2552 667 2609 Jerusalem
704 2553 758 2606 in
792 2552 912 2606 loco
942 2552 1084 2607 hoc:
1117 2560 1171 2606 et
1200 2558 1541 2621 prosternam
1567 2566 1664 2606 eos
1696 2553 1748 2603 in
1778 2551 1954 2621 gladio

366 2662 552 2704 coram
576 2644 814 2701 inimicis
835 2659 1049 2708 eorum,
1076 2652 1131 2698 et
1161 2644 1215 2698 in
1246 2659 1411 2699 manu
1436 2642 1797 2713 quaerentium
1831 2642 1952 2696 ani-

367 2755 487 2794 mas
509 2754 698 2794 eorum
724 2756 739 2793 :
771 2746 825 2793 et
847 2737 990 2793 dabo
1020 2746 1270 2793 mortuos
1294 2754 1486 2792 eorum
1512 2738 1567 2791 in
1595 2737 1778 2793 cibum
1803 2738 1956 2792 volu-

368 2829 557 2885 cribus
585 2828 731 2895 eteli,
760 2840 815 2884 et
856 2829 1050 2885 bestiis
1079 2838 1241 2883 terra:
1280 2847 1292 2883 :
1325 2828 1379 2885 8.
1428 2837 1484 2883 et
1528 2843 1724 2899 ponam
1764 2830 1951 2884 urbem

365 2921 513 2976 hanc
548 2921 627 2993 (ιι)
672 2920 725 2974 in
760 2921 1011 2979 exitium.
1062 2930 1117 2975 et
1166 2920 1221 2973 in
1278 2920 1501 2975 sibilum
1558 2939 1570 2974 :
1616 2920 1816 2985 omnis,
1858 2919 1956 2989 qui

367 3013 572 3069 transit
605 3028 770 3083 super
798 3027 887 3080 ea,
924 3013 1002 3084 (ω)
1043 3012 1482 3080 contristabitur,
1509 3021 1566 3068 et
1594 3012 1833 3068 sibilabit
1858 3026 1957 3082 pro

368 3106 520 3162 omni
574 3105 730 3176 plaga
772 3104 915 3173 ejus.
967 3106 1022 3161 9.
1059 3103 1126 3159 Et
1162 3104 1238 3177 (y)
1286 3106 1450 3160 edent
1484 3119 1679 3161 carnes
1722 3104 1956 3159 ﬁliorum

369 3215 622 3263 suorum,
655 3207 711 3254 et
746 3213 940 3254 carnes
975 3190 1210 3252 ﬁliarum
1256 3214 1481 3252 suarum
1519 3216 1534 3253 :
1579 3207 1635 3252 et
1659 3198 1959 3267 unusquis-

367 3306 477 3362 que
508 3306 729 3346 carnem
774 3289 1012 3360 proximi
1045 3289 1129 3346 sui
1167 3290 1454 3345 comedent
1497 3288 1570 3361 (ι)
1601 3290 1655 3344 in
1681 3289 1955 3358 angustia,
1985 3327 2029 3384 ε

375 3396 432 3441 ct
454 3382 509 3436 in
539 3381 748 3436 ambitu
781 3382 958 3452 proelii
990 3382 1051 3450 (i.
1086 3395 1136 3435 e.
1170 3380 1483 3450 obsidione),
1518 3395 1627 3450 quo
1649 3380 1960 3435 circumda-

376 3475 505 3528 bunt
535 3490 632 3529 eos
665 3474 872 3529 inimici
919 3490 1136 3540 eorum,
1176 3478 1242 3542 >ιί
1283 3484 1339 3529 et
1387 3485 1692 3545 quaerentes
1721 3474 1958 3529 animam

369 3582 562 3621 eorum
603 3566 653 3634 ζ.
689 3567 777 3621 10.
808 3565 875 3620 Ει
907 3577 1154 3621 conteres
1180 3567 1524 3634 lagunculam
1560 3583 1742 3623 coram
1784 3568 1961 3625 oculis

378 3659 619 3714 tirornm
665 3658 1062 3729 egredientium
1093 3669 1294 3723 tecum,
1325 3660 1411 3712 11.
1438 3668 1492 3714 et
1525 3660 1676 3716 dices
1708 3660 1774 3714 ad
1816 3676 1911 3716 eos
1944 3678 1957 3714 :

378 3750 503 3805 llaec
546 3749 683 3804 dicit
717 3750 985 3807 Dominus
1012 3751 1274 3806 virtutum
1308 3770 1321 3807 :
1358 3750 1451 3807 Sic
1472 3762 1754 3809 conteram
1793 3768 1965 3825 popu-

378 3849 489 3897 lum
524 3843 692 3905 liunc,
735 3852 789 3896 et
819 3845 1008 3897 urbem
1040 3843 1204 3907 hanc,
1236 3852 1295 3897 ut
1328 3844 1633 3899 conteritur
1658 3844 1735 3915 (a)
1775 3846 1965 3917 lagena

377 3942 550 3998 testas,
600 3947 724 4001 qua;
771 3947 880 3986 non
942 3933 1139 3999 poterit
1192 3934 1376 3988 sanari
1421 3935 1679 4004 amplius,
1715 3938 1783 4004 ῖς(
1826 3944 1882 3991 et
1911 3937 1964 3990 in

381 4024 670 4095 Thapheth
699 4023 1050 4093 sepelientur,
1083 4037 1149 4077 eo
1182 4022 1327 4092 quod
1363 4038 1470 4077 non
1503 4024 1575 4079 sit
1611 4024 1782 4088 locus,
1807 4035 1866 4081 ut
1889 4042 1969 4082 se-

381 4118 658 4187 peliantur
685 4117 733 4185 ζ.
755 4115 844 4169 12.
877 4113 969 4170 Sic
993 4115 1185 4170 faciam
1217 4115 1338 4169 loco
1365 4114 1514 4179 huic,
1533 4115 1666 4172 dicit
1684 4116 1965 4185 Dominus,

377 4215 435 4262 et
470 4206 844 4261 habitantibus
883 4207 937 4260 in
970 4220 1058 4271 eo,
1099 4204 1167 4260 ad
1201 4206 1440 4260 dandum
1485 4207 1673 4261 urbem
1711 4208 1967 4278 hane,(b)

381 4304 445 4349 ut
471 4301 673 4350 terram
698 4303 1068 4349 corruentem.
1097 4295 1186 4349 15.
1234 4293 1298 4348 Ει
1325 4306 1490 4349 erunt
1530 4295 1728 4352 domus
1755 4294 1971 4352 Jerusa-

383 4386 516 4451 lem,
547 4395 602 4440 et
631 4384 830 4440 domus
855 4387 999 4456 regis
1023 4382 1200 4449 Iudae,
1229 4386 1374 4440 sicut
1407 4387 1585 4453 locus,
1610 4388 1704 4456 qui
1735 4388 1966 4453 corruit,

386 4491 442 4533 -ιν
457 4492 648 4532 omnes
670 4478 887 4543 domus,
918 4478 1116 4533 domus
1145 4492 1334 4546 regum
1355 4476 1529 4539 ludas.
1551 4487 1612 4533 ut
1640 4479 1798 4534 locus
1827 4477 1972 4534 Tha-

384 4568 566 4637 plietbi
599 4565 646 4634 ζ,
682 4575 901 4636 propter
936 4567 1007 4636 (ε)
1036 4566 1432 4630 immundities,
1457 4584 1595 4638 quas
1625 4566 1878 4624 fecerunt
1912 4568 1967 4623 in

382 4658 640 4713 «minibus
661 4658 934 4724 domibus,
965 4658 1020 4712 in
1047 4658 1248 4728 quibus
1273 4658 1601 4713 adoluerunt
1619 4675 1785 4730 super
1809 4660 1966 4716 tectis
1998 4662 2041 4717 D
2071 4673 2367 4734 potuerunt

382 4760 575 4801 eorum
628 4745 778 4799 omni
830 4746 1042 4801 militia:
1083 4747 1222 4812 caeli,
1258 4756 1314 4801 et
1367 4747 1672 4804 libaverant
1714 4750 1972 4805 libamina

383 4836 491 4890 diis
517 4836 731 4891 alienis.
757 4836 846 4890 14.
873 4835 937 4890 Ει
959 4837 1102 4891 venit
1120 4834 1355 4891 Ieremia
1384 4852 1451 4891 ex
1481 4838 1557 4910 (ά)
1584 4839 1748 4896 domo
1778 4840 1971 4907 ruinas,

383 4940 498 4995 quo
529 4926 755 4981 miserat
782 4941 906 4981 eum
938 4925 1207 4982 Dominus
1234 4927 1384 4991 illuc,
1414 4929 1480 4983 ad
1510 4931 1969 5000 prophetandum:

385 5026 441 5072 et
471 5017 624 5073 stetit
646 5016 701 5071 in
728 5016 870 5073 atrio
901 5017 1102 5073 domus
1137 5018 1376 5083 Domini,
1403 5027 1458 5073 et
1488 5019 1628 5074 dixit
1648 5018 1715 5074 ad
1750 5036 1971 5077 omnem

484 5132 561 5204 (ο)
606 5131 926 5206 A.,urt_iam
971 5136 1310 5206 intorsionis.
1388 5137 1463 5206 (pl
1493 5140 1582 5205 Α.,
1612 5138 1670 5196 8.

388 5205 608 5259 derunt.
686 5205 755 5273 (ε)
799 5205 940 5258 Dicit
973 5205 1255 5262 Dominus.
1334 5205 1521 5278 (ι)’⁷Α.,
1552 5220 1606 5263 et
1645 5220 1656 5264 ι

391 5276 469 5349 (y)
497 5275 609 5349 Α...
652 5275 935 5349 comedere
974 5274 1179 5349 faciam
1232 5293 1344 5332 eos.
1382 5348 1385 5349 ν
1441 5280 1516 5349 (z)
1564 5280 1656 5349 11.,

1604 511 1920 569 JEIlEMle
1960 510 2194 568 CAPUT
2235 509 2355 565 XX.

356 650 415 697 et
461 652 718 708 compara
764 635 840 708 (ο)
892 632 1241 706 lagunculam
1286 640 1596 689 consertam
1638 641 1844 687 testae:
1896 639 1952 686 et
1981 635 2023 692 Α
2052 629 2313 700 populum
2363 647 2377 684 :

3494 502 3633 561 2334

2438 628 2526 683 15.
2579 625 2704 682 llaec
2753 623 2886 679 dicit
2929 624 3192 680 Dominus
3256 626 3322 693 Ἀ(
3374 622 3638 679 virtutum

2059 723 2200 778 Deus
2223 720 2443 776 lsraelis
2472 721 2494 790 ζ
2523 738 2536 773 :
2568 718 2709 775 Ecce
2751 732 2853 788 ego
2894 717 3095 772 induco
3135 731 3297 786 super
3324 715 3390 786 (e)
3444 715 3636 770 urbem

2054 813 2218 877 hanc,
2262 827 2426 882 super
2455 825 2647 865 omnes
2680 810 2842 865 urbes
2880 821 2942 864 -ι-
2972 817 3021 863 et
3072 821 3240 878 pagos
3290 806 3409 875 ejus
3443 805 3467 875 ζ
3519 819 3641 859 om-

2054 905 2144 957 nia
2170 904 2333 969 mala,
2362 919 2486 973 qua:
2522 904 2736 957 locutus
2773 916 2892 956 sum
2936 914 3102 968 super
3135 913 3288 965 eam;
3318 896 3446 967 quia
3477 895 3642 950 indu-

2057 1007 2249 1053 raruut
2278 998 2545 1052 cervicem
2572 1011 2753 1060 suam,
2787 1010 2854 1048 ne
2881 991 3133 1046 audirent
3166 991 3327 1043 verba
3354 1002 3494 1042 mea.

2126 1088 2282 1146 CAP.
2309 1087 2517 1142 XX.-—
2540 1087 2591 1141 1.
2624 1086 2692 1141 Ει
2724 1083 2929 1139 audivit
2963 1082 3178 1137 Pashor
3207 1079 3464 1135 sacerdos
3494 1077 3642 1133 ﬁlius

2055 1181 2309 1248 Ameriae,
2351 1188 2404 1235 et
2451 1179 2543 1234 hic
2585 1187 2703 1233 erat
2732 1175 3063 1232 constitutus
3103 1171 3394 1242 praefectus
3442 1170 3642 1225 domus

2064 1272 2304 1338 Domini,
2354 1270 2646 1326 Jeremiam
2701 1268 3119 1339 prophetautem
3176 1277 3459 1320 sermones
3512 1261 3637 1316 bos.

2054 1366 2111 1419 2.
2135 1364 2202 1419 Ει
2226 1364 2498 1434 percussit
2522 1376 2648 1417 eum
2667 1359 2877 1415 Paslior
2898 1357 3187 1413 Jeremiam
3214 1353 3640 1425 prophetam,(f)

2055 1462 2108 1510 et
2134 1453 2369 1523 conjecit
2402 1467 2528 1508 eum
2559 1454 2632 1523 (g)
2656 1451 2710 1506 in
2740 1458 3093 1513 cataractam,
3129 1462 3252 1518 qua:
3279 1455 3399 1502 erat
3426 1447 3479 1500 in
3510 1460 3641 1515 por—

2057 1558 2111 1603 ta
2136 1548 2212 1619 (h)
2241 1546 2526 1618 Benjamin
2561 1546 2622 1614 (i)
2648 1543 2939 1616 superiori,
2968 1557 3091 1614 quae
3116 1548 3234 1597 erat
3261 1539 3318 1595 in
3349 1539 3514 1594 domo
3541 1538 3643 1593 Do-

2058 1641 2215 1696 mini.
2240 1639 2294 1693 5.
2328 1640 2396 1707 >κ
2422 1637 2488 1691 Et
2507 1636 2610 1692 fuit
2630 1636 2685 1691 in
2717 1637 3018 1692 crastinum
3051 1634 3100 1703 ζ,
3124 1641 3179 1688 et
3216 1632 3407 1688 eduxit
3432 1629 3643 1686 Pashor

2054 1731 2346 1788 Jercmiam
2380 1746 2445 1786 ex
2483 1732 2794 1786 cataractis.
2834 1728 2902 1783 Et
2943 1728 3079 1784 dixit
3108 1727 3158 1783 ei
3196 1726 3433 1782 Jeremia
3466 1743 3480 1779 :
3518 1723 3641 1781 Non

2055 1824 2266 1880 Pashor
2300 1824 2525 1880 vocavit
2562 1824 2831 1879 Dominus
2873 1836 3071 1877 nomen
3109 1831 3285 1884 tuum,
3309 1819 3405 1875 sed
3444 1819 3643 1876 Demi—

2056 1925 2300 1986 grantem
2329 1919 2396 1984 >κ
2413 1932 2443 1971 a
2471 1915 2704 1971 circuitu
2735 1916 2780 1984 ζ.
2801 1914 2854 1968 4.
2878 1912 3019 1979 Quia
3046 1913 3162 1968 hinc
3180 1912 3314 1968 dicit
3334 1910 3600 1979 Dominus
3616 1929 3634 1966 :

1833 2012 1954 2067 quae
1987 1989 2028 2048 Β
2056 2004 2198 2061 Ecce
2225 2018 2327 2075 ego
2355 2006 2426 2059 do
2455 2013 2507 2059 te
2539 2005 2593 2056 in
2627 2002 3008 2071 migrationem
3044 2015 3170 2055 cum
3210 2002 3466 2054 omnibus
3495 2002 3638 2055 ami-

2053 2098 2135 2152 cis
2165 2097 2316 2150 tuis:
2349 2105 2404 2150 et
2447 2097 2642 2150 cadent
2669 2095 2722 2147 in
2754 2094 2935 2163 gladio
2974 2091 3322 2146 inimicorum
3364 2107 3590 2147 suorum
3625 2115 3640 2148 :

2051 2197 2107 2244 et
2124 2186 2268 2242 oculi
2288 2187 2367 2242 tui
2387 2186 2810 2242 videbuntz-t-et
2838 2194 2889 2240 te
2915 2184 2938 2252 ζ
2963 2194 3017 2240 et
3041 2198 3260 2239 omnem
3273 2183 3471 2239 Judam
3500 2186 3645 2240 dabo

2054 2279 2110 2334 in
2132 2294 2328 2334 manus
2358 2278 2501 2349 regis
2519 2276 2810 2348 Babylonis
2835 2296 2848 2332 :
2884 2287 2940 2334 et
2968 2277 3206 2348 migrare
3226 2275 3429 2332 facient
3447 2292 3543 2332 eos
3574 2279 3644 2346 χ(

2054 2368 2109 2424 in
2135 2368 2464 2440 Babylonem
2506 2367 2569 2436 ζ,
2604 2377 2659 2422 et
2707 2365 3017 2422 discindent
3042 2380 3141 2422 eos
3176 2367 3231 2420 in
3259 2365 3457 2437 gladio.
3492 2368 3547 2423 5.
3576 2366 3647 2422 Et

2053 2459 2196 2515 dabo
2238 2458 2617 2514 fortitudinem
2666 2458 2819 2514 urbis
2860 2457 3047 2529 hujus,
3095 2466 3151 2513 et
3194 2471 3388 2514 omnes
3425 2458 3645 2515 labores

2054 2554 2195 2624 ejus,
2227 2562 2526 2607 etomnem
2553 2552 2814 2607 honorem
2835 2550 2954 2622 ejus
2983 2553 3034 2619 ζ,
3063 2562 3119 2607 et
3137 2567 3329 2608 omnes
3353 2553 3644 2609 thesauros

2056 2649 2201 2717 regis
2227 2644 2384 2701 Iuda:
2415 2646 2556 2700 dabo
2585 2645 2640 2699 in
2680 2659 2879 2701 manus
2915 2644 3265 2700 inimicorum
3296 2660 3544 2712 suorum,
3575 2650 3644 2717 λ

2055 2748 2111 2794 et
2135 2738 2399 2809 diripient
2422 2752 2520 2793 eos
2538 2739 2586 2808 ζ,
2609 2746 2667 2794 et
2690 2739 2894 2794 ducent
2912 2751 3007 2793 eos
3033 2737 3089 2792 in
3118 2736 3469 2811 Babylonem.
3500 2741 3554 2794 6.
3577 2740 3648 2796 Ει

2058 2839 2115 2887 ιιι
2142 2830 2373 2897 Pashor,
2400 2838 2456 2886 et
2486 2846 2682 2887 omnes
2709 2832 3020 2887 habitantes
3050 2832 3104 2886 in
3139 2831 3305 2888 domo
3336 2844 3450 2897 tua,
3494 2828 3646 2890 ibitis

2059 2926 2114 2979 in
2143 2923 2537 2993 captivitatem,
2567 2931 2624 2979 et
2650 2923 2705 2977 in
2731 2921 3062 2995 Babylonem
3094 2923 3302 2991 venies,
3331 2934 3386 2980 et
3416 2926 3489 2981 ibi
3523 2941 3646 2981 mo-

2059 3016 2242 3083 rieris,
2280 3024 2336 3071 et
2364 3015 2440 3071 ibi
2472 3015 2756 3086 sepelieris
2791 3024 2869 3081 tu,
2901 3027 2956 3072 et
2975 3033 3170 3074 omnes
3196 3018 3362 3074 amici
3386 3024 3488 3087 tui,
3520 3021 3648 3091 qui-

2059 3108 2166 3164 bus
2196 3108 2538 3178 prophetasti
2564 3107 2725 3165 falsa.
2760 3109 2810 3165 7.
2845 3109 2921 3182 (lt)
2955 3110 3221 3182 Decepisti
3257 3126 3360 3177 me,
3394 3111 3645 3177 Domine,

2059 3209 2115 3256 et
2135 3201 2395 3271 deceptus
2424 3216 2547 3257 sum
2583 3218 2598 3255 :
2625 3200 3053 3271 apprehendisti,
3089 3210 3144 3258 et
3170 3203 3393 3272 potuisti
3423 3222 3438 3259 :
3467 3202 3648 3261 factus

2061 3301 2184 3342 sum
2207 3288 2262 3343 in
2286 3289 2642 3353 derisionem,
2668 3298 2843 3345 totum
2861 3290 3006 3347 diem
3036 3291 3095 3364 (Ι)
3118 3293 3402 3350 consumsi
3427 3295 3644 3351 illusus:

2061 3380 2117 3436 8.
2152 3380 2250 3453 (m)
2283 3382 2413 3452 quia
2452 3382 2620 3437 verbo
2658 3398 2850 3438 amaro
2869 3399 2994 3440 meo
3023 3385 3232 3451 ridebo,
3273 3386 3352 3459 (η)
3377 3388 3649 3456 praevari-

2063 3473 2334 3528 cationem
2384 3481 2441 3529 et
2488 3474 2767 3530 miseriam
2817 3475 3088 3532 invocabo
3114 3518 3131 3544 ,
3176 3477 3308 3548 quia
3351 3477 3529 3535 factus
3564 3490 3653 3535 est

2063 3578 2250 3619 sermo
2279 3562 2497 3619 Domini
2528 3565 2663 3620 mihi
2714 3566 2769 3620 in
2801 3567 3181 3638 opprobrium,
3222 3578 3276 3623 et
3311 3568 3367 3623 in
3404 3570 3649 3625 derisum

2064 3662 2181 3708 toto
2205 3653 2312 3709 die.
2339 3655 2392 3708 9.
2421 3652 2485 3707 Et
2508 3654 2623 3709 dixi
2653 3672 2668 3708 :
2701 3654 2821 3710 Non
2852 3655 2927 3727 (0)
2954 3658 3251 3712 nominabo
3284 3659 3382 3729 (ρ),
3426 3674 3527 3714 nec
3554 3661 3652 3715 lo-

2066 3760 2205 3813 quar
2237 3745 2475 3814 amplius
2504 3760 2671 3815 super
2698 3748 2922 3802 nomine
2946 3749 3087 3818 ejus.
3109 3748 3177 3803 Et
3196 3749 3377 3806 factus
3396 3759 3483 3805 est
3502 3755 3570 3820 χ(
3591 3752 3648 3806 in

2067 3837 2231 3892 corde
2256 3851 2381 3891 meo
2414 3837 2437 3906 ζ
2468 3837 2628 3907 quasi
2670 3836 2815 3908 ignis
2841 3839 3059 3906 ardens,
3093 3839 3166 3911 (q)
3196 3840 3564 3898 inﬂammatus
3592 3844 3651 3898 in

2068 3928 2283 3984 Ossibus
2313 3929 2471 3993 meis,
2503 3929 2574 4001 (r)
2600 3940 2654 3985 et
2682 3930 2983 3987 dissolutus
3003 3947 3125 3987 sum
3149 3933 3409 4006 undique,
3431 3945 3483 3989 et
3509 3934 3655 3993 ferre

2070 4035 2179 4075 non
2208 4036 2454 4090 possum;
2485 4021 2576 4076 10.
2603 4021 2733 4092 quia
2768 4023 2951 4077 audivi
2996 4024 3326 4094 vituperium
3356 4028 3651 4085 multorum

2069 4122 2523 4182 eongregatorum
2554 4129 2620 4169 ex
2662 4115 2897 4170 circuitu
2928 4116 2999 4187 (a)
3031 4135 3047 4172 :
3099 4116 3166 4188 (ι)
3206 4118 3654 4191 Congregamini,

2069 4210 2125 4255 et
2152 4216 2550 4272 congregemur
2573 4220 2742 4274 super
2758 4220 2885 4260 eum
2929 4220 3124 4264 omnes
3167 4209 3267 4265 viri
3297 4210 3456 4266 amici
3485 4212 3607 4281 ejus
3635 4233 3652 4270 :

2070 4294 2360 4348 observate
2383 4303 2622 4350 mentem
2653 4296 2795 4366 ejus,
2831 4297 2876 4353 si
2910 4297 3235 4370 deeipietur,
3259 4311 3312 4358 et
3343 4308 3657 4374 praevalebi-

2071 4400 2196 4440 mus
2220 4385 2291 4450 ei,
2313 4394 2369 4441 et
2394 4402 2679 4446 sumemus
2699 4390 2994 4448 vindictam
3019 4406 3257 4451 nostram
3280 4399 3350 4454 ab
3370 4413 3453 4454 eo.
3475 4402 3563 4456 11.
3587 4400 3657 4459 Et

2072 4475 2341 4534 Dominus
2385 4494 2625 4546 mecum,
2673 4482 2752 4553 (κ)
2800 4493 2863 4538 ιιι
2917 4485 3147 4543 bellator
3195 4501 3389 4559 potens
3429 4494 3656 4551 virtute.

2075 4571 2300 4642 Propter
2336 4573 2441 4629 hoc
2482 4573 2560 4646 (ω)
2605 4579 2874 4645 persecuti
2909 4591 3059 4646 sunt,
3103 4590 3159 4637 et
3196 4583 3498 4657 intelligere
3545 4607 3657 4647 non

2418 4683 2432 4720 :
2475 4667 2814 4725 ernbuerunt
2857 4671 3172 4738 admodum,
3197 4678 3323 4747 quia
3353 4695 3462 4735 non
3498 4682 3658 4737 intel-

2078 4754 2328 4809 lexerunt
2362 4756 2695 4827 ignominias
2741 4776 2872 4817 suas
2899 4805 2915 4828 ,
2966 4779 3087 4834 quae
3133 4765 3187 4820 in
3236 4772 3495 4826 sreculum
3546 4789 3655 4829 non

2072 4844 2355 4899 tradentur
2392 4847 2675 4903 oblivioni.
2728 4851 2811 4906 12.
2849 4851 3082 4910 Domine
3109 4858 3176 4925 >κ
3202 4859 3467 4916 virtutum
3503 4864 3552 4932 ζ,
3576 4865 3657 4936 (y)

2070 4936 2310 5005 probans
2338 4937 2411 5010 (z)
2439 4940 2612 5009 jnsta,
2641 4942 2947 5014 intelligens
2973 4963 3128 5003 renes
3158 4961 3212 5005 et
3231 4954 3415 5016 corda.
3442 4957 3658 5013 videam

2072 5025 2359 5095 ultionem,
2393 5046 2516 5098 quae
2550 5046 2581 5085 a
2624 5043 2677 5087 te
2713 5046 2779 5086 ex
2813 5034 2894 5088 eis
2921 5052 2935 5100 ;
2964 5039 3092 5105 quia
3125 5042 3190 5093 ad
3229 5054 3280 5097 te
3318 5047 3551 5102 revelavi
3580 5052 3658 5121 (a)

686 5174 697 5200 ,
730 5149 926 5188 urnam
971 5142 1310 5193 intorsionis.
1388 5142 1463 5207 (pl
1493 5142 1582 5205 Α.,
1612 5142 1695 5206 8.,
1741 5142 1806 5195 ad
1847 5143 1958 5196 valli

686 5203 755 5273 (ε)
799 5203 940 5278 Dicit
973 5205 1255 5278 Dominus.
1334 5208 1399 5278 (ι)
1429 5208 1521 5274 IL,
1552 5220 1606 5263 et
1645 5211 1958 5266 labefaciunt

2057 5145 2182 5231 ¹11111
2221 5147 2474 5229 liinnpm.
2553 5152 2628 5223 (q)
2664 5152 2747 5219 8.,
2787 5156 3001 5211 altaria.
3079 5158 3148 5229 (r)
3179 5161 3270 5227 Α..
3327 5164 3410 5229 8.,
3467 5183 3662 5227 ascen-

2057 5238 2109 5278 ›.,
2141 5230 2195 5271 et
2235 5218 2558 5275 discmdam.
2639 5224 2717 5278 (nl
2753 5225 2808 5278 In
2850 5229 3052 5278 sterile.
3128 5235 3208 5278 (mi
3248 5234 3327 5278 ς--
3367 5239 3631 5278 Ιιεῑιεῖίειιιῖο

391 5283 469 5345 (g)
510 5283 602 5334 A.,
652 5283 935 5355 comedere
986 5283 1179 5329 faciam
1232 5293 1344 5332 eos.
1377 5348 1389 5360 .
1441 5283 1516 5349 (κ)
1564 5283 1656 5343 Α.,
1705 5283 1759 5334 in
1809 5283 2125 5341 aﬂlictione.
2221 5287 2298 5356 (a)
2350 5289 2443 5347 Α..
2487 5307 2586 5346 vas
2634 5283 2804 5364 figuli.

497 5343 882 5434 RDILDEODEDI;
924 5343 1441 5434 Δςιξξ[ξιιῇιηιριξριη
1491 5349 1562 5432 (e)_
1592 5348 1952 5434 Jerusalem._
1995 5355 2063 5423 (Γ)
2222 5357 2373 5434 dedit
2414 5374 2562 5434 eum.
2641 5363 2715 5434 (g)
2762 5364 2845 5430 8.,

392 5412 470 5504 (li)
502 5412 1378 5504 [Pompei-quae:conjuncta.ﬁgi).
1403 5412 1588 5504 surgat,
1621 5437 1743 5504 qum
1770 5412 2083 5504 superius.'_
2113 5426 2217 5504 με).
2238 5431 2326 5487 Α,
2370 5412 2779 5504 pelleiiistifine,

2235 5224 2558 5275 discindam.
2634 5224 2717 5346 SI)
2753 5225 2808 5308 In
2850 5229 3052 5281 sterile.
3086 5224 3094 5229 ’
3128 5224 3208 5313 ζέε.)
3247 5224 3329 5299 S.,
3367 5224 3657 5297 ...εδειέωι

2221 5287 2298 5356 (α)
2350 5289 2443 5347 Au
2487 5307 2586 5346 V38
2671 5298 2804 5356 sub.
2898 5297 2973 5356 (ὁ)
3015 5296 3098 5356 8..
3152 5314 3297 5356 sicut
3347 5301 3655 5356 Thaulmlh-

2281 5288 2586 5379 )Jgfl.,__vas
2634 5288 2804 5379 figuli;
2879 5296 3098 5379 _(b)_S..
3134 5288 3656 5377 Isicut'Tlia'pbnewtli:

2878 5369 2931 5420 in
2970 5369 3202 5439 domum
3236 5369 3657 5439 tormentorum.

2826 5434 3074 5508 Domine,
3120 5449 3174 5494 et
3205 5446 3466 5508 pellectus
3506 5434 3653 5505 sum.

395 5484 456 5554 (li
498 5485 607 5566 Α,
637 5485 970 5566 quicumque
1012 5485 1201 5566 irridet
1247 5484 1403 5542 mihi.
1455 5487 1539 5553 8.,
1585 5484 1921 5563 quicumque
1950 5484 2246 5567 confringit
2300 5484 2402 5551 mé.
2484 5484 3653 5574 (m)"}tf,"21u‘i§°.'f""

397 5571 450 5589 nl
491 5552 833 5589 unnifurqhnr
863 5562 1206 5589 Inlnlnlolnnl
1260 5568 1311 5589 nl
1352 5560 1590 5589 nnc-mlum
1621 5565 1804 5589 ..........:
1912 5564 1986 5589 ΑΛ
2029 5564 2162 5589 n_-:-
2197 5567 2300 5589 2----
2338 5568 2540 5589 __:_n__-,
2590 5588 2593 5589 ,
2773 5575 2783 5589 .
2987 5587 2996 5589 μ
3037 5579 3048 5589 .
3096 5580 3108 5589 .
3193 5583 3204 5589 -
3492 5537 3522 5589 (1
3569 5536 3654 5581 ar.

397 5552 455 5617 έι
491 5552 833 5607 vociferabnr
863 5554 1230 5622 iniquitatem,
1260 5568 1315 5611 et

1352 5560 1591 5627 praedam
1608 5560 1829 5617 vocavi.

397 5624 598 5679 seriam
627 5624 827 5677 clamo.

904 5564 1230 5622 tiquitatem,
1260 5568 1315 5611 et
1352 5564 1591 5627 praedam
1621 5565 1829 5617 vocavi.
1910 5564 1958 5633 (η

904 5622 1759 5725 ςέξὶηΑ·νιέγκῑξείῑξξςειειῑοτοηέρὶ
1788 5632 1958 5725 ΝΡΡῬΕ

2057 5564 2301 5648 ξιιίθςὶιιιιι
2338 5568 2545 5635 pridem
2560 5564 2877 5645 'promul'go,
2908 5587 3003 5632 aut
3036 5564 3399 5650 iniquitatem:

2057 5638 2420 5725 )D-lllll-l-l.h(q)
2574 5642 2673 5723 _S.,
2709 5656 2978 5725 armatus.
3048 5651 3118 5718 (r)
3149 5651 3215 5725 Et
3242 5653 3500 5725 fatigatus
3536 5675 3658 5714 sum

401 5691 1089 5797 tal‘qrarﬁzﬁgic
1330 5697 1555 5797 ιιέειιηι..
1594 5699 1682 5797 A(_t)
1703 5691 1807 5797 Ἀρ
1831 5706 2173 5797 a'nnuntiate,
2192 5716 2246 5760 et
2265 5691 3656 5797 aiiiiii'iitiabini

403 5761 543 5823 mei,
567 5763 919 5843 observantes
949 5764 1092 5819 latus
1119 5761 1327 5820 meum.
1465 5770 1558 5843 qui
1591 5761 1825 5843 dicunt}
1853 5772 1962 5843 Loq

396 5843 508 5906 ine,
537 5831 891 5906 observantes
921 5843 1102 5906 costas
1131 5850 1296 5889 meas.
1375 5838 1451 5906 (ιι)
1482 5831 1575 5902 Ἀ..
1607 5842 1754 5895 sicut
1795 5834 1952 5898 fortis

1971 5777 2186 5869 uimini,
2208 5787 2262 5832 et
2285 5779 2686 5869 divulgahinnfis
2707 5785 2859 5849 illud,
2884 5786 3009 5850 viri,
3043 5795 3263 5857 paeilice
3284 5777 3658 5869 agentescrga

1982 5845 2203 5936 ῐίξὲξξιξιε
2234 5845 2464 5936 “sane?
2503 5854 2583 5936 εει)
2626 5852 2708 5918 8-.
2740 5845 3132 5925 pen-sequam...
3168 5845 3259 5921 in};
3290 5845 3660 5936 refixum“.

396 5897 836 5955 inlirmabuntur.
917 5903 992 5973 (y)
1026 5901 1109 5967 S.,
1142 5897 1415 5960 scrutator
1434 5897 1643 5977 justus.
1722 5912 1794 5983 (ιι)
1838 5897 2199 5983 (injustam.~
2237 5897 2449 5989 "(a)-XI,

719 5996 991 6058 ΡΔτιιοι..
1023 5996 1141 6058 Gn.
1169 5999 1336 6060 XVI.

3347 6029 3417 6090 74
