4134 6520
525 477 665 534 9535

1696 481 1924 536 (IODEX
1969 480 2644 541 SYRO-IIFIXAPLARIS.

3661 501 3804 559 9336

522 593 896 649 defensionem
953 609 1149 647 meam.
1208 595 1291 648 15.
1359 595 1535 652 Dicite
1595 597 1846 664 Domino,
1895 603 2110 657 laudate
2139 613 2183 667 Α
2211 602 2385 665 Judze,
2418 607 2602 660 audite
2633 608 2861 663 verbum
2907 610 3141 676 Domini.
3190 616 3276 670 l2.
3308 617 3508 674 domus
3537 620 3804 682 Davidis:

522 701 646 739 rum
679 689 740 750 Es"
774 685 848 754 (b)
879 684 1166 748 Domi-num
1197 688 1243 757 1,
1276 690 1400 756 quia
1435 689 1685 744 liberavit
1711 693 1947 746 animam
1974 710 2101 762 pau-

523 779 668 847 peris
697 794 760 833 ex
788 794 951 833 manu
997 780 1382 833 maleficorum.
1426 781 1509 835 14.
1534 781 1853 838 Maledictus
1879 784 2017 847 dies,
2051 786 2102 839 in

522 887 633 939 quo
666 881 827 925 natus
854 888 996 937 sum;
1031 873 1170 939 dies,
1202 873 1253 925 in
1281 889 1390 941 quo
1416 879 1619 943 peperit
1647 891 1733 930 me
1762 888 2102 946 matermea,

524 981 630 1015 non
663 964 731 1017 sit
757 964 825 1033 (ε)
849 965 927 1032 (d)
955 963 1294 1018 benedictus.
1335 966 1420 1018 l5.
1452 965 1766 1021 Malcdictns
1800 969 1986 1033 homo,
2011 971 2104 1038 qui

523 1058 790 1108 nuntiavit
814 1056 948 1124 patri
983 1071 1127 1120 meo,
1153 1055 1342 1110 dicens
1373 1073 1386 1109 :
1420 1056 1589 1113 Natus
1610 1070 1693 1114 est
1718 1061 1810 1114 tibi
1834 1064 1900 1129 Α(
1927 1062 2100 1128 lilius1

520 1148 823 1211 masculus,
860 1147 928 1217 (c)
962 1147 1289 1204 lzetilicando
1310 1153 1376 1221 Χ
1399 1152 1683 1206 laetificaus
1703 1168 1849 1206 eum.
1881 1152 1966 1206 l6.
1992 1152 2099 1222 Et1

520 1242 592 1295 sit
621 1242 788 1296 homo
818 1243 930 1308 ille,
958 1257 1014 1298 ut
1041 1245 1224 1310 urbes,
1260 1263 1398 1315 quas
1427 1246 1725 1300 eradicavit
1752 1247 2013 1302 Dominus
2039 1261 2100 1302 -ξ-

520 1334 574 1386 in
612 1334 797 1388 furore
840 1336 888 1404 1,
929 1345 983 1390 et
1027 1351 1134 1389 non
1167 1336 1233 1406 (Γ)
1261 1353 1383 1390 eum
1418 1337 1718 1405 paenituit:
1767 1337 1952 1390 audiat
1993 1336 2105 1389 ela-

519 1441 725 1480 morem
757 1426 810 1479 ln
845 1427 1139 1492 matutino,
1163 1435 1216 1480 et
1245 1428 1510 1481 ululatum
1639 1427 1693 1479 in
1718 1434 1961 1494 tempore
1992 1440 2104 1479 mc-

481 1519 676 1572 -l'ldlt'i
708 1520 765 1586 1;
801 1519 886 1573 l7.
933 1518 1005 1591 (ῃ)
1050 1522 1176 1588 quia
1223 1535 1330 1574 nou
1374 1519 1578 1574 occidit
1617 1535 1705 1574 me
1741 1519 1796 1572 in
1839 1529 2014 1581 utero,
2049 1525 2104 1571 et

517 1611 656 1667 facta
679 1621 762 1667 est
785 1612 915 1665 mihi
943 1623 1114 1665 mater
1137 1628 1256 1666 mea
1280 1613 1590 1680 sepulcrum
1616 1625 1818 1676 meum,
1841 1619 1895 1662 et
1913 1621 2101 1666 uterus

514 1705 892 1773 conceptionis
913 1713 1148 1759 arternaa.
1184 1704 1267 1758 l8.
1302 1705 1486 1770 Quare
1515 1703 1616 1758 hoc
1648 1720 1715 1758 ex
1745 1715 1900 1758 utero
1926 1721 2101 1777 egres-

514 1813 611 1852 sus
641 1815 787 1862 smn,
828 1799 894 1853 ad
928 1798 1219 1852 videndum
1256 1798 1493 1861 labores,
1525 1807 1578 1852 et
1611 1797 1849 1860 dolores,
1877 1809 1931 1852 et
1973 1797 2099 1852 lacti

512 1901 642 1946 sunt
675 1893 730 1945 in
758 1891 969 1961 pudore
999 1890 1119 1946 dies
1153 1891 1294 1945 mei?

2210 696 2323 750 hate
2349 697 2481 752 dicit
2516 699 2781 756 Dominus
2809 721 2820 756 :
2847 701 3098 760 Judicate
3128 708 3180 761 in
3221 712 3805 786 malutinojudicium,

2213 801 2267 841 -ε-
2300 799 2352 842 ct
2375 791 2591 860 dirigite
2620 794 2667 861 1,
2692 803 2746 847 et
2769 796 3276 869 liberatedireptum
3307 818 3338 857 e
3372 821 3535 860 manu
3559 809 3702 878 ejus,
3729 813 3800 880 (ε)

2207 884 2300 952 qui
2338 884 2536 953 injuria
2568 886 2731 941 allicit
2771 905 2917 955 eum,
2956 900 3016 946 ut
3045 908 3114 947 ne
3144 896 3500 963 accendatur,
3545 909 3603 954 ut
3634 903 3798 972 ignis,

2209 976 2290 1029 ira
2318 991 2460 1041 mea,
2494 987 2549 1031 et
2591 980 2822 1043 ardebit,
2862 993 2915 1036 et
2959 999 3066 1037 non
3111 987 3236 1050 erit,
3289 990 3384 1058 qui
3426 993 3739 1062 exstinguat
3768 1011 3801 1051 a

2207 1067 2647 1140 facieinjustitize
2677 1074 2982 1130 studiorum
3015 1081 3082 1146 }e(
3113 1089 3417 1136 vestrorum
3456 1083 3502 1152 1.
3541 1087 3622 1140 l3.
3658 1087 3801 1144 Ecce

2205 1173 2308 1230 ego
2341 1162 2407 1215 ad
2440 1171 2491 1216 te
2528 1164 2861 1220 habitantem
2909 1169 2963 1222 in
3004 1169 3277 1237 profundo
3305 1175 3380 1245 (ιι)
3433 1177 3557 1242 Sor,
3596 1179 3648 1230 in
3679 1180 3798 1248 pla-

2207 1252 2362 1316 nitie,
2393 1254 2524 1309 dicit
2555 1255 2841 1324 Dominus,
2867 1261 2961 1330 qui
2987 1262 3203 1317 dicitis:
3238 1265 3375 1332 Quis
3411 1270 3636 1322 terrebit
3672 1288 3796 1336 nos,

2207 1353 2302 1398 aut
2351 1348 2476 1415 quis
2531 1348 2867 1419 ingredietur
2940 1355 2993 1408 in
3063 1355 3436 1414 habitaculum
3511 1365 3800 1418 nostrum?

2207 1437 2297 1491 M.
2332 1439 2399 1506 )a(
2421 1438 2485 1493 Et
2525 1442 2760 1497 visitabo
2797 1459 2961 1512 super
2988 1462 3086 1502 vos
3114 1451 3413 1505 secundum
3445 1453 3622 1507 studia
3652 1460 3798 1510 maia

2204 1541 2404 1598 vestra,
2439 1533 2572 1587 dicit
2601 1533 2864 1592 Dominus
2893 1538 2938 1606 1.
2964 1537 3028 1592 Et
3048 1543 3342 1596 accendam
3380 1544 3556 1612 ignem
3581 1547 3633 1601 in
3659 1551 3796 1604 silva

2203 1625 2342 1695 ejus,
2380 1635 2433 1681 et
2454 1627 2740 1682 devorabit
2762 1631 2946 1683 omnia
2983 1631 3037 1683 in
3067 1631 3297 1686 circuitu
3330 1635 3471 1704 ejus.

2273 1718 2404 1789 Cap.
2441 1719 2611 1773 XXII.
2651 1721 2705 1780 1,
2730 1719 2856 1777 llam
2879 1723 3010 1778 dicit
3046 1724 3339 1782 Dominus:
3381 1744 3442 1784 -ε-
3475 1729 3642 1796 Vade,
3671 1745 3724 1788 et
3765 1737 3788 1806 1

2201 1811 2470 1866 descende
2497 1815 2550 1867 in
2582 1815 2802 1868 domum
2834 1819 2977 1882 regis
3009 1815 3182 1880 Judte,
3213 1825 3266 1872 et
3298 1818 3537 1888 loqueris
3562 1821 3634 1876 ibi
3673 1840 3793 1878 vcr-

2205 1903 2332 1957 hum
2367 1904 2492 1971 hoc,
2531 1906 2584 1960 2.
2635 1915 2690 1961 et
2724 1907 2913 1962 dices:
2963 1909 3105 1964 Audi
3136 1909 3362 1964 verbum
3410 1908 3652 1980 Domini,
3691 1931 3788 1970 rex

582 1981 740 2038 CAP.
783 1981 1090 2036 XXl.-—l.
1146 1979 1407 2045 Verbum,
1461 1981 1605 2050 quod
1656 1979 1858 2036 factum
1900 1991 1985 2038 est
2037 1984 2093 2038 ad

2206 1995 2379 2062 Judre,
2423 2000 2514 2067 qui
2569 1999 2726 2054 sedes
2762 2013 2927 2069 super
2969 2001 3110 2055 solio
3144 2000 3386 2064 Davidis,
3434 2011 3513 2069 tu,
3547 2015 3601 2057 et
3643 2007 3788 2060 servi

511 2072 806 2128 Jercntiam
839 2089 868 2126 a
905 2073 1160 2139 Domino,
1182 2089 1306 2128 cum
1341 2074 1491 2129 misit
1513 2074 1578 2127 ad
1604 2089 1729 2128 eum
1753 2091 1845 2129 rex
1880 2074 2102 2131 Sedecia

513 2164 726 2220 Pashor
777 2166 1116 2221 sacerdotem
1155 2165 1324 2219 lilium
1365 2165 1636 2229 Melehiw,
1672 2177 1724 2221 et
1763 2165 2102 2238 Sophoniam

511 2261 685 2314 ﬁlium
747 2258 986 2324 Maasiaa,
1044 2260 1233 2314 dicens
1295 2277 1309 2313 :
1367 2259 1420 2314 2.
1463 2259 1735 2331 Interroga
1791 2275 1889 2328 pro
1945 2262 2102 2316 nobis

466 2376 472 2383 ι
517 2349 843 2416 Dominum;
879 2349 1008 2418 quia
1057 2351 1124 2417 >κ
1173 2347 1677 2406 Nabuchodonosor
1721 2365 1814 2405 rex
1867 2349 2100 2421 Babylo-

517 2442 604 2496 nis
629 2441 708 2511 (It)
745 2441 985 2495 surrexit
1011 2456 1177 2511 super
1205 2457 1334 2506 nos;
1372 2442 1416 2496 si
1450 2441 1587 2496 forte
1627 2441 1792 2497 faciat
1837 2441 2100 2497 Dominus

514 2533 802 2588 nobiscum
835 2533 856 2602 1
891 2532 1192 2588 secundum
1223 2533 1408 2587 omnia
1433 2533 1701 2587 mirabilia
1723 2548 1844 2595 sua,
1867 2543 1918 2587 et
1941 2534 2099 2587 abeat

507 2640 540 2681 ιι
582 2625 778 2681 nobis?
811 2627 866 2681 5.
901 2626 968 2680 Et
1001 2624 1138 2678 dixit
1159 2623 1394 2680 Jeremia
1423 2625 1490 2680 ad
1520 2639 1615 2680 eos
1649 2642 1662 2679 :
1702 2624 1777 2678 Ita
1806 2625 1998 2679 dicetis
2028 2623 2098 2678 ad

511 2719 793 2775 Sedeciam
822 2736 836 2772 :
869 2719 923 2774 4.
954 2717 1079 2773 Haec
1104 2717 1238 2773 dicit
1265 2716 1531 2772 Dominus
1554 2718 1622 2786 3K
1650 2716 1797 2772 Deus
1823 2717 2093 2787 lsraelis1:

509 2809 649 2865 Ecce
679 2826 780 2880 ego
814 2817 999 2864 averto
1039 2824 1190 2864 arma
1225 2809 1440 2874 bellica,
1481 2809 1547 2875 >θ<
1591 2823 1714 2878 quae
1755 2809 1809 2862 in
1843 2809 2094 2863 manibus

509 2908 706 2962 vestris
745 2906 794 2974 1,
826 2905 1028 2975 quibus
1064 2921 1159 2961 vos
1192 2906 1271 2960 eis
1302 2905 1556 2974 pugnatis
1603 2908 1670 2972 Ἀ(
1718 2919 1883 2974 super
1914 2920 2094 2975 regem

508 2999 802 3071 Babylonis
845 2998 892 3066 1,
919 3008 1122 3052 etcum
1157 2998 1449 3060 Chaldaeis,
1487 2997 1550 3066 (ί)
1579 2997 1670 3066 qui
1705 2997 2095 3052 concluserunt

507 3105 606 3145 vos
642 3098 797 3144 extra
828 3105 1088 3156 murum;
1131 3092 1197 3158 Ξ(
1243 3088 1314 3159 (Ic)
1355 3097 1408 3143 et
1443 3088 1786 3158 congregabo
1819 3103 1916 3143 eos
1964 3088 1986 3156 1
2040 3089 2091 3140 in

506 3183 688 3236 medio
723 3182 875 3236 urbis
914 3181 1096 3250 hujus,
1134 3183 1187 3236 5.
1229 3193 1284 3236 et
1329 3182 1584 3251 pugnabo
1629 3196 1732 3252 ego
1771 3189 1963 3236 contra
1997 3195 2092 3236 vos

507 3276 563 3330 in
607 3291 771 3330 manu
816 3283 1060 3341 extensa,
1119 3283 1173 3328 et
1227 3273 1281 3328 in
1323 3274 1548 3328 brachio
1594 3273 1658 3344 (ι)
1705 3274 1922 3328 excelso
1963 3288 2088 3328 cum
2117 3311 2160 3370 ϐ

507 3371 714 3434 furore,
740 3377 796 3421 et
829 3368 930 3432 ira,
954 3376 1008 3422 ct
1036 3367 1338 3422 irritatione
1367 3379 1582 3438 magna.
1611 3365 1664 3420 6.
1692 3365 1759 3420 Et
1787 3366 2088 3432 percutiam

505 3475 698 3515 omnes
730 3459 1042 3513 habitantes
1076 3458 1130 3512 in
1168 3459 1302 3512 urbe
1331 3459 1454 3524 hac,
1485 3459 1735 3514 homines
1758 3467 1813 3513 et
1839 3459 2088 3529 jumenta

505 3551 602 3624 (ιη)
635 3552 688 3606 in
724 3561 900 3607 morte
931 3566 1146 3622 magna,
1175 3559 1229 3604 et
1262 3551 1580 3605 morientur.
1616 3550 1666 3603 7.
1704 3548 1768 3605 Et
1806 3558 1928 3619 post
1951 3550 2085 3618 hare,

504 3643 576 3698 ita
606 3643 738 3698 dicit
782 3643 1068 3709 Dominus,
1134 3643 1345 3698 tradam
1394 3642 1674 3698 Sedeciam
1705 3659 1882 3713 regem
1911 3643 2087 3709 .ludze,

501 3745 555 3790 et
580 3751 771 3792 servos
802 3736 942 3805 ejus,
980 3745 1034 3792 et
1060 3737 1343 3807 populum,
1372 3737 1450 3808 (η)
1475 3738 1568 3807 qui
1597 3737 1819 3792 relictus
1842 3736 2006 3792 fuerit
2032 3739 2087 3792 in

502 3833 638 3887 urbe
674 3832 776 3886 hac
801 3847 831 3885 a
860 3841 1056 3897 morte,
1087 3841 1142 3886 et
1171 3847 1200 3886 a
1231 3831 1431 3901 gladio,
1465 3841 1518 3885 et
1549 3847 1580 3884 a
1608 3830 1755 3884 fame
1789 3833 1856 3899 >ε<
1886 3831 1939 3885 in
1968 3848 2087 3886 ma-

503 3937 636 3976 num
689 3919 1249 3976 Nabuchodonosoris
1291 3922 1437 3991 regis
1483 3921 1811 3992 Babylonis,
1871 3931 1924 3977 et
1966 3923 1988 3990 1
2031 3923 2087 3978 in

501 4028 700 4068 manus
743 4010 1088 4066 inimicorum
1131 4027 1346 4077 eorum,
1383 4014 1538 4080 )(‘et
1591 4013 1642 4068 iu
1692 4028 1888 4071 manus
1925 4016 1946 4084 1
1988 4029 2086 4070 eo-

501 4121 648 4172 rum,
679 4105 771 4175 qui
805 4116 1059 4175 quaerunt
1083 4107 1298 4162 animas
1344 4122 1559 4170 eorum,
1601 4107 1677 4178 (ο)
1705 4117 1761 4162 et
1799 4110 2087 4166 concident

499 4214 595 4255 cos
631 4199 684 4254 in
723 4212 820 4253 ore
850 4197 1036 4269 gladii.
1071 4195 1190 4253 Non
1220 4213 1439 4268 parcam
1476 4213 1642 4267 super
1669 4199 1770 4261 eis,
1805 4201 1874 4267 Ἃ(
1908 4214 2085 4270 neque

498 4293 803 4348 miserebor
857 4307 1048 4346 eorum
1115 4291 1163 4359 1,
1225 4306 1327 4346 nec
1371 4291 1660 4346 clementia
1712 4302 1836 4346 utar
1878 4291 1932 4345 in
1963 4305 2081 4347 eos.

499 4386 554 4440 8.
591 4384 657 4439 Et
685 4385 752 4439 ad
783 4384 1042 4454 populum
1069 4383 1216 4438 hunc
1241 4383 1392 4438 dices
1425 4401 1438 4437 :
1471 4383 1594 4438 llaec
1628 4383 1762 4438 dicit
1788 4381 2078 4437 Dominus:

501 4478 638 4533 Ecce
653 4492 754 4547 ego
784 4477 903 4532 dedi
933 4485 1058 4530 ante
1074 4475 1271 4530 faciem
1288 4485 1520 4530 vestram
1541 4475 1684 4530 viam
1702 4475 1844 4539 vitae,
1862 4483 1917 4528 et
1938 4473 2080 4527 viam

497 4572 712 4626 mortis.
769 4570 822 4625 9.
875 4567 978 4633 Qui
1033 4568 1236 4622 sederit
1280 4568 1334 4621 in
1380 4568 1513 4622 urbe
1555 4568 1676 4630 hac,
1718 4566 1986 4620 morietur
2026 4564 2078 4618 in

496 4660 697 4731 gladio,
733 4669 785 4713 et
815 4659 890 4730 (p)
925 4659 976 4711 in
1013 4657 1261 4728 fame,)t(
1289 4668 1343 4712 et
1375 4669 1548 4713 morte
1587 4658 1608 4725 1

497 4768 592 4808 sus
623 4752 805 4814 fuerit,
851 4760 910 4804 ut
950 4766 1008 4805 se
1041 4751 1219 4805 tradat
1259 4750 1548 4811 Chaldaeis,
1591 4749 1686 4817 qui
1736 4749 1810 4816 (q)
1851 4747 2082 4801 circum-

495 4845 762 4898 dedcrunt
792 4857 908 4904 vos,
941 4843 1104 4909 viret,
1147 4850 1199 4897 et
1236 4842 1341 4897 erit
1366 4845 1432 4909 3K
1468 4841 1516 4895 ei
1563 4840 1584 4908 1
1638 4839 1819 4893 anima
1849 4838 1968 4907 ejus
2009 4839 2077 4909 (r)

496 4937 550 4989 in
587 4935 845 5004 spolium,
868 4949 930 4990 οξ-
969 4943 1022 4989 et
1045 4934 1188 4989 vivet
1211 4935 1258 5002 1.
1292 4934 1379 4987 l0.
1399 4932 1540 4999 Quia
1574 4931 1859 4986 obfirmavi
1883 4931 2073 4985 faciem

495 5044 674 5084 meam
697 5044 862 5098 super.
891 5029 1081 5082 urbem
1116 5027 1256 5080 hanc
1291 5025 1344 5078 in
1391 5025 1553 5087 mala,
1591 5032 1644 5076 et
1679 5037 1786 5076 non
1820 5023 1874 5076 in
1910 5022 2074 5088 bona,

496 5118 716 5186 Mdicit
755 5118 1019 5172 Dominus
1062 5119 1109 5185 1.
1147 5117 1201 5168 lu
1243 5129 1438 5168 manus
1473 5112 1615 5182 regis
1649 5111 1942 5182 Babylonis
1969 5120 2076 5165 tra-

493 5213 668 5274 detur,
698 5222 750 5267 et
785 5214 1070 5267 comburet
1100 5225 1219 5264 eam
1249 5208 1301 5261 in
1322 5210 1460 5278 igne.
1491 5209 1576 5263 ll.
1609 5207 1677 5278 (δ)
1702 5206 1906 5262 Domus
1933 5206 2076 5276 regis

577 5438 651 5507 (b)
693 5437 852 5491 Eum.
931 5437 1001 5505 (ε)
1047 5437 1133 5499 Α.,
1177 5437 1260 5497 S.,
1300 5437 1602 5489 benedicta.
1665 5437 1676 5485 Ι

493 5509 564 5581 (e)
596 5509 686 5570 A.,
714 5507 1032 5581 lattilicanrto
1055 5505 1355 5581 ’lmtilicavit
1385 5518 1529 5581 cum.
1609 5505 1676 5572 (Ῑ)

493 5573 578 5641 SI,
625 5587 844 5648 pugnat.
945 5577 1006 5646 (ὅ)
1047 5575 1162 5648 Qui
1197 5576 1536 5648 circumdant
1577 5591 1674 5648 vos
1721 5573 1881 5648 bello.

493 5639 573 5714 (τι)
608 5639 774 5712 Ᾰ..”ρι
808 5663 923 5703 cos.
949 5639 1038 5715 qui
1072 5639 1242 5702 relicti
1276 5645 1476 5700 fuerint
1502 5647 1556 5699 in
1583 5647 1716 5699 urbe
1752 5643 1853 5697 hac
1884 5657 1912 5695 a
1943 5639 2269 5709 pestilentia.

497 5720 570 5781 (ᾳ)
607 5721 692 5780 Α.,
725 5719 1062 5771 continentes
1101 5733 1264 5781 super
1300 5732 1416 5770 vos.
1494 5719 1564 5781 (r)
1607 5716 1661 5767 In
1698 5716 1932 5767 lucrum.
2015 5708 2204 5781 (s)__._4.,

497 5720 570 5784 (ᾳ)
607 5721 692 5795 (1.,
725 5719 1264 5798 continentes‘supcr
1300 5732 1416 5798 vos.
1477 5719 1564 5798 [(r)
1607 5716 1661 5798 In
1698 5716 1932 5798 lucrum.

497 5797 868 5851 opprnnentis.

950 5787 1026 5853 (τι)
1062 5788 1151 5847 Α.,
1174 5778 1238 5838 in
1287 5787 1436 5838 arida
1473 5778 1680 5854 (terra).
1733 5784 1815 5846 S.,
1847 5778 2032 5854 petrae.
2068 5778 2189 5840 Th.,
2219 5780 2478 5854 obsessae.

2207 2087 2309 2150 tui,
2341 2095 2394 2141 et
2422 2088 2658 2157 populus
2699 2097 2848 2149 tuus,
2877 2099 2930 2143 et
2957 2088 3322 2158 ingredientes
3352 2090 3405 2144 in
3437 2094 3614 2160 portis
3660 2094 3746 2149 bis
3773 2135 3786 2149 .

2205 2180 2259 2233 ’5.
2281 2177 2408 2235 Haec
2429 2180 2562 2235 dicit
2581 2180 2844 2236 Dominus
2871 2199 2882 2233 :
2908 2180 3094 2236 Facite
3113 2181 3403 2251 judicium,
3427 2186 3783 2254 etjustitiam:

2203 2280 2258 2326 et
2307 2273 2532 2328 liberate
2584 2273 2853 2343 direptum
2907 2289 2972 2328 ex
3035 2289 3197 2328 manu
3249 2275 3537 2332 aﬂicicntis
3585 2278 3787 2346 injuria

2201 2375 2366 2416 eum:
2421 2371 2474 2416 ct
2514 2362 2882 2432 peregrinum,
2917 2371 2971 2417 et
3020 2363 3310 2432 pupillum,
3359 2373 3415 2421 et
3448 2365 3666 2420 viduam
3719 2384 3789 2423 ne

2203 2452 2560 2521 opprimatis:
2596 2469 2774 2522 neque
2813 2453 2978 2523 impie
3007 2453 3215 2524 agatis:
3266 2463 3322 2509 et
3343 2456 3664 2525 sanguinem
3704 2459 3789 2512 in-

2202 2553 2485 2598 nocentem
2517 2559 2585 2598 ne
2611 2543 2899 2600 eﬂ‘undatis
2931 2545 2982 2597 in
3014 2544 3135 2599 loco
3165 2543 3288 2600 hoc.
3329 2548 3386 2601 4.
3424 2547 3694 2613 Quoniam
3736 2552 3783 2605 si

2201 2633 2452 2689 faciendo
2485 2634 2720 2690 feceritis
2751 2637 2974 2689 verbum
3019 2635 3162 2702 hoc;
3194 2637 3360 2691 etiam
3412 2640 3785 2709 ingredientut'

2199 2725 2255 2779 in
2289 2727 2461 2795 portis
2487 2725 2686 2782 domus
2717 2727 2882 2796 hujus
2906 2742 3061 2798 reges
3082 2727 3335 2784 sedentes
3382 2731 3570 2786 Davidi
3617 2748 3786 2803 super

2199 2816 2337 2870 solio
2363 2816 2503 2884 ejus,
2527 2826 2584 2871 et
2614 2818 2752 2871 vecti
2773 2833 2940 2886 super
2969 2818 3249 2884 curribus,
3273 2829 3328 2874 et
3357 2823 3535 2892 equis,
3558 2825 3671 2893 ipse
3699 2826 3782 2896 (π)

2196 2915 2250 2961 et
2281 2908 2421 2961 servi
2444 2908 2584 2977 ejus,
2617 2916 2671 2963 et
2705 2910 2939 2978 populus
2971 2911 3110 2980 ejus.
3163 2913 3218 2967 5.
3249 2913 3308 2968 Si
3332 2924 3512 2969 autem
3545 2931 3654 2970 non
3695 2916 3784 2973 fe-

2197 2998 2383 3052 ceritis
2412 3000 2576 3052 verba
2632 2999 2766 3066 lucc,
2799 3016 2894 3069 per
2937 3016 3023 3057 me
3075 3003 3276 3071 juravi,
3313 3005 3448 3061 dicit
3489 3007 3781 3070 Dominus,

2195 3089 2340 3156 quod
2373 3089 2425 3142 in
2478 3091 2832 3146 solitudinem
2867 3093 2969 3146 erit
3001 3093 3198 3149 domus
3233 3095 3370 3151 haec.
3402 3097 3458 3155 6.
3493 3099 3629 3164 Quia
3663 3099 3782 3154 haec

2194 3181 2328 3236 dicit
2368 3181 2628 3238 Dominus
2655 3199 2820 3253 super
2856 3185 3020 3239 domo
3055 3185 3200 3255 regis
3236 3184 3426 3240 Judae:
3458 3187 3684 3252 Galaad,
3720 3197 3779 3242 tu

2196 3273 2326 3326 mihi
2376 3273 2704 3343 principium
2739 3272 2954 3337 Libani,
3001 3273 3104 3328 nisi
3143 3290 3376 3343 posuero
3412 3285 3464 3330 te
3508 3277 3782 3332 solitudi-

2195 3380 2338 3430 nem,
2386 3367 2573 3429 urbes,
2605 3380 2726 3434 qua;
2752 3379 2859 3419 nou
2900 3364 3255 3420 habitantur:
3291 3366 3340 3420 7.
3385 3366 3462 3436 (ῃ)
3489 3375 3543 3420 et
3572 3369 3782 3422 sancti-

2192 3459 2365 3514 licabo
2412 3473 2578 3528 super
2621 3466 2672 3512 te
2703 3457 2944 3512 delentes
2982 3457 3180 3523 virum,
3243 3469 3296 3512 et
3343 3460 3578 3513 securim
3609 3459 3773 3527 ejus:

2191 3560 2245 3606 et
2265 3549 2558 3619 praeciderit
2583 3548 2814 3603 selectae
2837 3546 3129 3602 cedrorum
3155 3557 3393 3614 tuarum,
3411 3558 3463 3602 et
3489 3549 3778 3618 projicient

2191 3641 2246 3694 in
2272 3641 2472 3710 ignem.
2507 3638 2561 3694 8.
2597 3637 2666 3692 Et
2688 3637 3000 3692 transibunt
3026 3646 3212 3706 gentes
3260 3637 3446 3692 multae
3494 3653 3656 3706 super
3687 3655 3777 3692 ur-

2191 3732 2312 3786 bem
2361 3732 2525 3797 hanc,
2573 3739 2630 3786 et
2677 3729 2863 3784 dicent
2919 3729 3303 3798 unusquisque
3338 3730 3408 3783 ad
3462 3730 3773 3798 proximum

2189 3838 2387 3878 suum:
2414 3821 2597 3888 Quare
2625 3820 2752 3876 fecit
2780 3820 3044 3876 Dominus
3079 3820 3160 3875 sic
3189 3819 3311 3874 urbi
3348 3835 3556 3890 magna:
3605 3820 3775 3876 huic?

2190 3914 2243 3970 9.
2279 3914 2343 3968 Et
2379 3915 2603 3970 dicent:
2657 3912 2765 3968 Pro
2815 3928 2882 3968 eo
2923 3913 3071 3982 quod
3123 3912 3539 3983 dereliquerunt
3589 3912 3773 3968 fmdus

2194 4006 2406 4062 Domini
2439 4006 2530 4061 Dei
2562 4007 2670 4074 sui,
2707 4017 2761 4060 et
2809 4007 3112 4062 adorarunt
3149 4004 3283 4058 deos
3330 4002 3404 4073 (2.)
3449 4003 3684 4067 alienos,
3716 4013 3774 4059 et

2187 4100 2476 4155 coluerunt
2503 4101 2786 4155 servitium
2810 4099 2913 4154 eis.
2952 4097 3040 4152 16.
3073 4095 3149 4150 Ne
3177 4095 3422 4151 delicatis
3455 4104 3760 4158 mortuum,

2187 4207 2366 4261 neque
2409 4190 2781 4246 lamentemiui
2817 4204 2943 4245 eum
2975 4203 2988 4240 :
3025 4186 3220 4243 deﬂete
3248 4189 3302 4242 in
3329 4185 3456 4241 fletu
3490 4201 3640 4250 eum,
3671 4187 3770 4256 qui

2188 4283 2492 4353 egreditur,
2523 4281 2653 4351 quia
2699 4295 2803 4334 non
2857 4286 3165 4333 revertetur
3198 4276 3455 4345 amplius,
3493 4290 3593 4329 nec
3619 4274 3774 4328 vide-

2185 4375 2264 4429 bit
2297 4382 2494 4428 terram
2532 4373 2718 4442 patriae
2750 4387 2885 4427 sum.
2919 4370 3007 4424 ll.
3049 4369 3190 4435 Quia
3236 4368 3353 4423 haec
3400 4366 3532 4422 dicit
3583 4364 3774 4420 Domi-

2184 4481 2287 4522 nus
2317 4482 2482 4535 super
2512 4463 2696 4518 Salum
2723 4463 2832 4516 filio
2862 4460 3051 4522 Iasiae,
3084 4469 3346 4527 regnante
3375 4473 3472 4526 pro
3499 4455 3649 4511 .losia
3672 4471 3772 4525 pa-

2185 4569 2267 4614 tre
2299 4559 2444 4629 ejus,
2477 4558 2570 4625 qui
2605 4569 2857 4625 egressus
2887 4563 2971 4607 est
3007 4567 3073 4605 ex
3108 4550 3228 4603 loco
3263 4551 3393 4604 hoc:
3441 4563 3549 4602 non
3585 4563 3772 4601 rev.-r-

1587 4658 1608 4725 1
1646 4676 1660 4710 :
1687 4667 1741 4711 et
1769 4658 1860 4726 qui
1895 4671 2080 4725 egres»
2115 4665 2158 4719 ι)
2189 4659 2331 4706 tctur
2357 4650 2486 4703 illuc
2520 4648 2788 4716 amplius;
2824 4645 2908 4698 12.
2941 4643 3069 4712 quia
3098 4643 3152 4695 in
3184 4641 3324 4705 loco,
3348 4655 3460 4709 quo
3482 4637 3772 4692 transtule-

2189 4752 2490 4803 runteum,
2524 4739 2597 4792 ibi
2633 4739 2914 4798 morietur,
2937 4743 2991 4789 et
3017 4744 3214 4787 terram
3247 4734 3388 4786 hanc
3425 4746 3530 4785 non
3565 4728 3773 4783 videbit

2184 4834 2443 4903 amplius.
2490 4832 2572 4885 l5.
2609 4829 2654 4882 l)
2680 4830 2772 4899 qui
2798 4827 3033 4881 aedificat
3058 4827 3280 4880 domum
3311 4838 3463 4876 suam
3495 4837 3604 4875 nou
3638 4835 3771 4875 cum

2179 4927 2415 4997 justitia,
2445 4933 2499 4979 et
2531 4923 2812 4978 cmuaeula
2843 4934 2942 4974 sua
2982 4933 3092 4971 non
3142 4917 3195 4968 in
3238 4913 3478 4982 judicio:
3515 4912 3590 4981 (α)
3621 4909 3767 4978 apud
3836 4973 3845 4988 '

2183 5021 2492 5091 proximum
2541 5031 2698 5070 suum
2765 5019 3024 5082 operat-ur
3081 5008 3292 5077 gratis.
3345 5016 3398 5058 et
3457 5003 3765 5058 mercedem

2181 5112 2302 5180 ejus
2330 5124 2435 5162 non
2493 5105 2680 5160 reddet
2721 5103 2790 5157 ei.
2829 5102 2914 5154 lli.
2949 5102 3016 5165 >ε<
3068 5097 3170 5162 Qui
3201 5097 3332 5149 dicit
3363 5096 3424 5162 1:
3459 5092 3768 5147 {Ediﬁcasti

2184 5204 2397 5256 tibimet
2429 5201 2532 5269 ipsi
2565 5199 2787 5254 domum
2823 5195 2898 5261 (b)
2927 5198 3449 5254 commensuratam,
3479 5195 3532 5241 et
3578 5200 3769 5240 uena-

931 5435 1001 5505 (ε)
1047 5435 1133 5499 Α.,
1177 5433 1260 5497 8.,
1300 5434 1602 5489 benedicta.
1665 5431 1797 5505 l‘leb.
1841 5427 2090 5505 benedict

2259 5425 2338 5494 td)
2384 5423 2586 5503 Dignus
2628 5408 3759 5505 prmcilitts.mEll-E1‘KTlll,.desiderulriljs.

1702 5503 1792 5565 Α.,
1822 5498 2114 5568 acquievit2

1969 5567 2041 5640 (k)
2088 5565 2159 5640 Et
2202 5565 2566 5640 introducam.

2215 5481 2276 5566 g)‘
2298 5481 2390 5556 Α.,
2417 5481 2509 5560 qui
2540 5481 2644 5545 non
2674 5497 2852 5566 morte
2875 5483 3054 5566 affecit
3094 5499 3177 5566 me
3197 5483 3275 5566 ‘ab
3303 5491 3473 5562 utero.
3524 5481 3630 5566 -.(111)
3660 5486 3760 5566 ξιξ..

2664 5559 2726 5628 (ι)
2779 5556 2945 5610 Forti.
3038 5554 3143 5628 (in).
3179 5552 3269 5628 Α.,
3320 5552 3372 5628 in
3424 5550 3760 5628 pestilentia.

2350 5636 2422 5702 (ο)
2451 5635 2537 5697 Α.,
2565 5641 2619 5686 et
2643 5621 2911 5698 percutiet
2933 5640 3048 5678 eos.
3116 5621 3204 5692 (ρ)
3231 5623 3321 5683 Α.,
3342 5623 3393 5673 in
3424 5621 3760 5688 pestilentia.

2362 5717 2415 5759 et
2447 5701 2632 5757 domui
2681 5700 2825 5760 regis
2863 5696 3016 5750 Judre
3053 5710 3115 5747 ὴ
3143 5695 3290 5745 dices
3330 5692 3350 5759 1
3431 5691 3494 5760 (t)
3537 5691 3630 5760 A.,
3674 5688 3762 5760 δη

3543 5759 3618 5827 ιτ.)
3672 5758 3763 5824 8.,

2362 5692 2416 5759 et
2447 5692 2656 5757 domui'
2681 5700 2825 5769 regis
2863 5696 3026 5769 Judre
3053 5695 3290 5769 +__diees
3330 5692 3350 5759 1

2556 5773 2634 5842 (ας)
2667 5761 2931 5842 S.,chm.
3009 5766 3085 5842 ty)
3119 5763 3181 5842 bit
3215 5761 3464 5842 educam.

499 5830 2092 5922 iiiiéi.§l”'i};)"'s.,"jii-iiiiiﬁiini'giiiiii\"§iiiijic15{’g'i-ziiigj‘et
2117 5830 2339 5916 operam
2367 5846 2487 5914 ejus
2519 5830 2627 5897 non
2654 5830 2801 5898 dahit
2852 5839 2923 5892 ei.
3004 5830 3078 5904 (b)
3121 5834 3213 5900 A.,
3249 5830 3332 5895 S.,
3360 5838 3760 5891 mensuratam,

499 5929 552 5972 et
587 5925 865 5976 cmnacula
897 5925 1153 5990 spatiosa.
