4134 6422
487 411 632 468 2559

1659 409 1887 467 CODEX
1929 405 2602 464 SYRO-IIEX.\PL\RIS.

3617 412 3766 466 23.10

489 519 690 590 ribilia,
725 520 1112 586 adulterantes,
1164 532 1218 577 et
1263 524 1605 579 ambulantes
1637 527 1691 579 in
1743 525 2065 588 mendaciis,
2099 526 2140 580 A
2194 523 2475 591 proferunt
2520 521 2830 591 prophetias
2862 522 3083 592 lingnm,
3133 533 3185 576 ct
3215 523 3512 576 dortnitant
3552 521 3765 576 dormi-

491 616 566 674 (ιι)
595 621 648 665 et
677 612 1000 681 adjuvantes
1031 630 1226 670 manus
1259 616 1450 681 malas,
1498 628 1558 671 ut
1616 634 1682 672 ne
1716 625 2082 672 reverteretur

492 703 870 772 unusquisque
893 720 922 758 a
947 705 1031 758 via
1064 720 1160 759 sua
1188 706 1348 759 mala.
1379 706 1524 762 Facti
1549 719 1679 762 sunt
1705 710 1836 762 mihi
1867 724 2080 771 omnes,

492 802 549 844 nt
591 793 816 860 Sodom,
875 804 930 850 et
965 797 1272 851 habitantes
1328 799 1380 850 in
1419 814 1505 862 ea,
1555 807 1616 854 ut
1650 800 1940 855 Gomorra.
1991 801 2079 854 15.

495 885 719 955 Propter
746 889 850 943 hoc
896 889 1008 942 lucc
1039 889 1170 942 dicit
1220 889 1484 944 Dominus
1513 893 1580 959 >ε<
1628 893 1885 946 virtutum
1921 908 2084 960 super

495 979 785 1046 prophetas
818 980 862 1048 1:
903 979 1040 1034 Ecce
1073 995 1174 1049 ego
1222 981 1489 1035 edendum
1523 983 1668 1038 dabo
1709 985 1790 1038 eis
1824 985 1893 1054 (r)
1924 985 2082 1038 dolo-

495 1086 632 1133 rem,
668 1079 723 1125 et
772 1072 976 1139 putabo
1020 1087 1116 1126 eos
1147 1085 1288 1142 aqua
1322 1076 1390 1142 (δ)
1427 1089 1611 1128 amara
1639 1093 1651 1128 :
1685 1075 1814 1144 quia
1845 1090 1909 1128 ex
1943 1089 2084 1143 pro-

495 1161 675 1228 phetis
712 1159 1015 1215 Jerusalem
1063 1178 1283 1233 egressa
1338 1175 1423 1219 est
1465 1167 1529 1235 (ι)
1573 1165 1800 1234 pollutio
1843 1166 1897 1218 in
1931 1165 2082 1220 omni

496 1261 661 1306 terra.
692 1251 778 1305 16.
808 1252 899 1306 Sic
929 1252 1060 1308 dicit
1083 1253 1346 1310 Dominus
1373 1255 1450 1324 (ιι)
1481 1257 1741 1310 virtutum
1766 1274 1778 1309 :
1806 1255 1882 1308 Ne
1905 1257 2088 1311 audia-

497 1344 568 1396 tis
592 1345 752 1398 verba
793 1345 1205 1414 prophetarum,
1243 1348 1334 1416 qui
1373 1348 1701 1417 prophetant
1732 1348 1918 1412 vobis,
1957 1349 2084 1418 quia

499 1437 625 1488 vani
659 1439 724 1502 >ς<
749 1437 903 1491 vobis
940 1438 960 1505 1
989 1437 1088 1502 illi,
1126 1438 1392 1496 visionem
1427 1439 1608 1493 cordis
1649 1439 1733 1493 sui
1759 1438 2084 1508 loquuntur,

496 1540 678 1582 etnon
711 1544 776 1582 ex
806 1544 900 1584 ore
932 1529 1147 1584 Domini
1176 1549 1188 1584 :
1215 1531 1300 1585 17.
1335 1530 1567 1585 dicendo
1590 1533 1658 1598 )t(
1696 1531 1888 1585 dicunt
1925 1531 1947 1599 1
1994 1532 2082 1596 iis,

495 1622 589 1689 qni
643 1621 912 1690 repellunt
963 1622 1186 1676 verbum
1242 1621 1490 1678 Domini:
1525 1621 1633 1676 Pax
1678 1623 1783 1678 erit
1811 1624 1999 1678 vobis:
2033 1635 2087 1679 et

496 1711 755 1767 omnibus
788 1712 1203 1769 ambulantibus
1247 1715 1300 1768 in
1343 1714 1718 1769 voluntatibus
1760 1716 1896 1781 suis,
1936 1715 2083 1770 omni

495 1802 796 1857 ambulanti
831 1804 886 1858 in
917 1819 1104 1860 errore
1134 1819 1196 1859 -ε-
1226 1806 1404 1859 cordis
1429 1806 1450 1874 1
1481 1805 1561 1875 (x)
1585 1820 1774 1858 eorum
1798 1807 2079 1860 dixerunt:

495 1893 614 1948 Non
649 1896 865 1950 venient
892 1912 1056 1966 super
1094 1907 1148 1950 te
1186 1899 1346 1950 mala.
1381 1897 1466 1950 i8.
1500 1897 1770 1963 Quoniam
1808 1900 1932 1968 quis
1961 1909 2075 1954 ste-

496 1987 560 2040 tit
591 1985 666 2055 (ῃ)
698 1986 754 2039 in
784 1986 1138 2040 subsistentia
1178 1987 1413 2049 Domini,
1446 1990 1511 2055 )K
1547 1998 1601 2041 et
1629 1989 1762 2041 vidit
1797 1988 1844 2055 1,
1888 1999 1936 2042 et
1981 2005 2078 2043 au-

495 2076 634 2129 divit
673 2091 983 2131 sermonem
1044 2076 1200 2145 ejus?
1236 2079 1360 2146 quis
1411 2080 1744 2134 auscultavit
1797 2083 1864 2148 >ξ<
1915 2082 2078 2134 verba

497 2170 571 2236 (ι)
607 2184 724 2222 mea
756 2171 803 2238 1,
829 2178 884 2223 et
909 2169 1148 2223 audivit?
1185 2171 1270 2224 l9.
1307 2170 1443 2226 Ecce
1473 2170 1549 2240 (a)
1578 2173 1873 2227 commotio
1903 2188 1930 2226 a
1979 2172 2082 2226 Do-

496 2261 669 2324 mino,
703 2269 757 2315 et
789 2261 861 2330 (ὁ)
894 2261 973 2316 ira
1001 2261 1330 2332 egredietur,
1365 2279 1486 2332 qua:
1512 2263 1564 2317 in
1607 2264 1822 2318 turbine
1851 2267 2084 2320 circum-

496 2353 616 2406 iens
647 2366 809 2422 super
846 2352 1044 2422 impios
1075 2355 1276 2419 veniet,
1324 2354 1414 2408 9.0.
1450 2372 1555 2408 non
1597 2366 1897 2410 revertetur
1935 2357 2084 2410 furor

497 2443 738 2509 Domini,
775 2443 949 2500 donec
973 2445 1162 2500 fecerit
1186 2445 1339 2509 illud,
1380 2455 1431 2498 ιι
1461 2446 1635 2502 donec
1661 2449 1912 2502 statuerit
1943 2449 2076 2502 illud

498 2537 570 2603 (c)
593 2536 661 2588 ab
677 2536 1112 2606 apprehensione
1136 2538 1320 2592 cordis
1344 2538 1452 2592 sui.
1484 2541 1540 2591 ln
1566 2539 1671 2594 line
1696 2538 1907 2594 dierum
1929 2541 2087 2594 intel-

498 2627 665 2696 ligent
691 2643 756 2682 ea
791 2628 844 2682 in
880 2629 960 2683 eis
990 2632 1056 2696 3K
1091 2629 1144 2682 in
1175 2629 1528 2697 intelligentia
1565 2630 1587 2697 1
1618 2630 1709 2684 2|.
1745 2629 1862 2685 Non
1902 2632 2085 2685 mitte-

499 2719 964 2789 bam'propbetas,
997 2729 1052 2775 et
1082 2721 1160 2774 illi
1197 2721 1532 2775 currebant:
1581 2737 1686 2776 non
1729 2723 1942 2778 locutus
1966 2740 2085 2778 sunt

498 2811 566 2863 ad
600 2825 715 2875 eos,
749 2819 805 2865 et
834 2811 911 2865 illi
949 2811 1366 2880 pmphetabant.
1405 2812 1495 2866 Ὦ.
1524 2812 1586 2866 Ει
1617 2814 1662 2867 si
1705 2814 1982 2868 stetissent
2009 2815 2087 2884 ((1)

500 2897 556 2950 in
599 2897 950 2954 subsistentia
987 2914 1126 2964 mea,
1157 2911 1213 2953 et
1245 2899 1436 2954 audire
1467 2899 1726 2955 fecissent
1769 2901 1931 2955 verba
1969 2918 2089 2956 mea

500 2987 762 3058 populum
792 3004 999 3056 meum,
1029 2997 1083 3045 et
1129 2991 1464 3045 avertissent
1493 3006 1586 3046 eos
1616 2993 1684 3058 Χ
1707 3006 1738 3046 a
1782 2992 1867 3047 via
1896 3007 2086 3048 eorum

501 3080 666 3145 mala,
711 3081 876 3136 etiam
910 3082 934 3150 1
965 3097 994 3136 a
1031 3082 1227 3137 studiis
1273 3083 1433 3138 malis
1466 3098 1677 3138 eorum.
1712 3085 1802 3139 23.
1835 3083 1906 3155 (ε)
1943 3084 2089 3141 Deus

2185 625 2390 670 tionem
2425 634 2602 671 suam.
2633 615 2722 669 52.
2775 614 2909 666 Ecce
2948 631 3047 683 ego
3093 615 3159 667 ad
3211 615 3524 685 prophetas,
3571 628 3632 670 σι-
3667 615 3762 682 qui

2187 709 2512 774 prophetant
2549 707 2570 774 1
2606 707 2819 762 somnia
2867 705 3026 768 falsa,
3059 709 3126 772 Χ
3152 705 3286 758 dicit
3341 705 3605 759 Dominus
3637 707 3686 774 1,
3709 717 3764 758 et

2188 810 2413 854 narrant
2437 817 2521 863 ea,
2547 808 2601 854 et
2628 800 2964 854 seduxerunt
2997 799 3256 867 populum
3296 813 3475 852 meum
3524 799 3578 852 in
3609 813 3768 852 men-

2184 890 2358 946 daciis
2405 891 2540 952 suis,
2595 899 2648 946 et
2709 890 2780 960 (k)
2810 891 2861 943 in
2889 889 3169 944 erroribus
3209 889 3344 953 suis,
3399 899 3454 944 et
3505 905 3608 956 ego
3653 906 3762 943 non

2186 985 2310 1039 misi
2345 999 2460 1044 eos,
2503 999 2601 1038 nec
2632 983 2861 1053 praecepi
2910 983 3010 1039 eis.
3045 990 3100 1036 et
3128 983 3417 1036 utilitatem
3469 981 3767 1035 adferendo

2186 1091 2294 1129 non
2326 1075 2614 1128 utilitatem
2645 1074 2896 1128 adferent
2929 1074 3129 1143 popqu
3172 1074 3392 1142 huic,x
3420 1073 3554 1128 dicit
3583 1073 3770 1127 Domi-

2185 1167 2358 1234 nus1.
2392 1167 2482 1219 55.
2528 1164 2593 1220 Ει
2636 1165 2680 1220 si
2707 1165 3122 1234 interrogaverit
3167 1175 3219 1220 te
3267 1167 3502 1236 populus
3545 1167 3652 1226 hic,
3684 1167 3768 1218 vel

2185 1257 2474 1326 propheta,
2507 1255 2589 1308 vel
2639 1255 2918 1320 sacerdos,
2954 1255 3182 1310 dicens:
3216 1253 3357 1321 Quid
3387 1256 3451 1324 (Ι)
3479 1271 3622 1310 onus
3665 1256 3770 1307 Do-

2187 1346 2363 1400 mini?
2387 1356 2442 1400 et
2467 1346 2615 1400 dices
2636 1347 2714 1401 eis
2737 1364 2750 1400 :
2775 1344 2886 1399 Vos
2913 1347 3047 1401 estis
3068 1361 3230 1410 onus,
3255 1345 3350 1418 (in)
3381 1355 3435 1400 et
3456 1346 3770 1400 dilaceraho

2187 1454 2307 1500 vos,
2333 1438 2465 1492 dicit
2490 1437 2777 1492 Dominus.
2804 1438 2892 1492 54.
2924 1439 2990 1492 Ει
3018 1439 3302 1508 prephcta,
3329 1447 3384 1492 ct
3411 1437 3694 1499 sacerdos,
3717 1445 3772 1489 et

2188 1530 2448 1600 populus,
2495 1529 2831 1599 quicumque
2881 1529 3153 1584 dixerint:
3210 1531 3361 1584 Onus
3409 1528 3662 1582 Domini:
3715 1535 3772 1581 et

2187 1622 2427 1676 ulciscar
2459 1624 2523 1689 >κ
2558 1636 2721 1690 super
2757 1623 2779 1690 1
2828 1621 3100 1673 hominem
3147 1619 3319 1684 illum,
3357 1621 3424 1686 >θ<
3457 1628 3512 1672 et
3538 1633 3705 1686 super
3740 1617 3764 1684 1

2189 1708 2418 1763 domum
2449 1709 2592 1779 ejus.
2637 1710 2727 1766 55.
2759 1707 2898 1774 Quia
2940 1708 3020 1763 sic
3068 1709 3262 1763 dicetis
3291 1709 3670 1778 unusquisque
3701 1708 3766 1761 ad

2186 1803 2499 1871 proximum
2531 1817 2713 1865 suum,
2747 1811 2799 1856 et
2823 1799 3198 1869 unusquisque
3225 1799 3290 1852 ad
3321 1797 3540 1852 fratrem
3569 1814 3764 1853 suum:

2191 1893 2321 1962 quid
2345 1893 2627 1962 respondit
2645 1891 2988 1948 Dominus.et
3005 1890 3132 1959 quid
3154 1889 3368 1944 locutus
3383 1887 3770 1946 estDominus?

2181 1986 2271 2040 '56.
2295 1984 2358 2039 Et
2380 1999 2518 2038 onus
2534 1984 2743 2037 Domini
2768 1998 2836 2037 ne
2856 1981 3151 2036 nominetis
3174 1981 3439 2051 amplius;
3467 1981 3597 2050 quia
3625 1996 3768 2035 onus

2183 2077 2398 2131 Domini
2425 2076 2529 2131 erit
2554 2075 2758 2130 homini
2785 2090 2968 2129 sermo
2993 2076 3056 2142 χ(
3083 2073 3202 2140 eius
3233 2075 3282 2142 1.
3310 2071 3376 2126 Et
3405 2072 3767 2141 perturbastts

2188 2170 2253 2233 >ε<
2283 2168 2445 2221 verba
2475 2165 2566 2220 Dei
2593 2166 2848 2230 viventis,
2887 2165 3100 2218 Domini
3131 2165 3413 2226 virtutum,
3442 2162 3535 2218 Dei
3565 2161 3764 2219 nostri.

2183 2261 2273 2313 57.
2303 2258 2395 2313 Sic
2424 2259 2616 2313 dicetis
2660 2259 2726 2312 ad
2777 2258 3094 2327 prephetam
3120 2276 3132 2312 :
3162 2256 3302 2322 Quid
3358 2256 3641 2324 respondit
3669 2255 3765 2307 tibi

2185 2349 2473 2414 Dominus,
2517 2359 2572 2404 et
2601 2349 2730 2419 quid
2767 2349 2984 2404 locutus
3015 2359 3100 2402 est
3140 2347 3442 2401 Dominus?
3467 2346 3555 2402 58.
3592 2345 3670 2414 (ιι)
3703 2344 3771 2399 Ει

2183 2445 2229 2498 si
2264 2460 2404 2498 onus
2435 2445 2647 2498 Domini
2678 2443 2929 2497 dixeritis
2972 2443 3032 2511 1;
3066 2450 3286 2510 propter
3340 2441 3447 2494 hoc
3484 2439 3600 2493 lucc
3637 2440 3770 2492 dicit

2191 2536 2489 2590 Dominus:
2526 2535 2633 2588 Pro
2674 2549 2740 2589 eo
2787 2533 2932 2604 quod
2982 2533 3201 2587 dixistis
3245 2546 3552 2586 sermonem
3600 2530 3771 2591 hunc,

2187 2644 2328 2684 onus
2361 2627 2598 2691 Domini,
2630 2638 2685 2680 ct
2712 2626 2834 2680 misi
2864 2626 2928 2679 ad
2971 2640 3088 2686 vos,
3122 2625 3337 2678 dicens:
3391 2620 3510 2676 Non
3553 2620 3770 2682 dicetis,

2187 2736 2330 2776 onus
2360 2719 2596 2773 Domini.
2653 2718 2741 2772 '59.
2790 2717 3016 2786 Propter
3061 2716 3164 2770 hoc
3199 2730 3328 2770 ecce
3363 2728 3464 2784 ego
3501 2727 3662 2767 sumo
3703 2713 3772 2781 Χ

2189 2827 2290 2866 vos
2317 2825 2486 2865 onere
2517 2809 2568 2876 1,
2614 2819 2669 2862 et
2721 2807 3034 2862 dilacerabo
3080 2821 3193 2870 vos,
3243 2815 3299 2859 et
3348 2804 3564 2871 urbem,
3605 2817 3771 2872 quam

2189 2903 2312 2957 dedi
2351 2904 2525 2965 vobis,
2566 2911 2619 2956 et
2662 2901 2906 2971 patribus
2955 2898 3172 2962 vestris,
3217 2900 3284 2966 Χ
3313 2912 3344 2950 a
3393 2896 3528 2950 facie
3573 2908 3694 2948 mea
3723 2894 3772 2962 1.

2193 2994 2281 3048 40.
2319 2993 2384 3048 Ει
2422 2994 2565 3048 dabo
2599 3007 2763 3061 super
2803 3005 2902 3044 vos
2945 2989 3299 3057 opprobrium
3350 2986 3773 3054 sempiternum,

2191 3096 2247 3141 et
2299 3085 2652 3155 ignominiam
2703 3083 3130 3153 sempiternam,
3181 3095 3303 3151 quae
3345 3095 3454 3135 non
3505 3077 3772 3134 oblivioni

501 3172 843 3242 propinquus
899 3189 1021 3244 ego,
1071 3173 1205 3229 dicit
1255 3173 1542 3239 Dominus,
1576 3183 1630 3230 et
1673 3191 1781 3230 non
1832 3176 1976 3232 Deus
2019 3178 2086 3231 de
2118 3199 2161 3255 ο
2197 3178 2466 3232 tradetur.

501 3267 685 3334 longe.
709 3266 801 3322 '24.
838 3264 896 3321 Si
940 3282 998 3322 se
1040 3268 1202 3322 abdat
1235 3268 1360 3337 quis
1391 3269 1443 3322 in
1476 3269 1698 3333 abditis,
1738 3281 1792 3325 et
1835 3286 1937 3341 ego
1983 3287 2090 3326 non

502 3356 698 3411 videbo
718 3371 842 3410 eum
867 3357 978 3422 ιχ(
1007 3355 1136 3410 dicit
1166 3355 1430 3411 Dominus
1463 3358 1512 3425 1:
1550 3359 1812 3428 numquid
1843 3375 1948 3414 non
1980 3376 2090 3414 cte-

502 3445 618 3499 lum
641 3453 696 3499 et
716 3453 918 3500 terram
957 3461 1057 3515 ego
1089 3446 1313 3514 impleo.
1346 3445 1479 3500 dicit
1519 3447 1832 3504 Dominus?
1864 3450 1955 3503 25.
1983 3451 2094 3504 Au-

505 3537 639 3602 divi,
662 3551 784 3606 qua‘.
814 3537 1116 3607 loquuntur
1145 3537 1441 3608 prophetae,
1473 3553 1596 3608 qua:
1646 3541 1969 3609 prephetaut
1995 3557 2092 3595 su-

504 3644 601 3696 per
627 3630 849 3685 nomine
885 3645 1027 3696 meo,
1061 3630 1344 3686 mendacia
1387 3632 1668 3687 dicentes:
1698 3631 1768 3702 (i)
1820 3633 2090 3687 somniavi

504 3723 802 3778 somnium.
819 3722 910 3778 ‘26.
935 3721 1229 3793 Usquequo
1253 3731 1416 3778 erunt
1439 3724 1492 3777 in
1517 3722 1683 3778 corde
1703 3725 2092 3792 prophetarum

505 3813 948 3882 prophetantium
971 3812 1130 3877 falsa,
1159 3824 1216 3868 et
1255 3814 1382 3868 dum
1427 3814 1756 3882 prephetant
1786 3814 2093 3870 voluntates

508 3904 692 3959 cordis
734 3905 842 3965 sui,
867 3904 958 3958 27.
985 3905 1366 3973 cogitantium,
1404 3913 1466 3958 ut
1510 3905 1865 3959 obliviscatur
1890 3907 1955 3974 )a{
1997 3921 2092 3973 po-

509 3999 672 4068 putus
701 4011 856 4051 meus
889 3996 911 4064 1
950 3995 1026 4065 (g)
1057 3995 1193 4065 legis
1226 4011 1358 4050 mea:
1393 3996 1447 4050 in
1475 3996 1703 4052 somniis
1730 4011 1944 4060 eorum,
1973 4012 2094 4066 quae

510 4098 802 4144 narrarunt
831 4088 1214 4158 unusquisque
1251 4089 1506 4153 proximo
1545 4103 1666 4155 suo,
1701 4097 1761 4143 ut
1786 4089 1940 4144 obliti
1965 4099 2094 4144 sunt

509 4191 695 4253 patres
718 4196 908 4237 eorum
963 4181 1201 4236 nominis
1229 4183 1334 4236 mei
1371 4181 1425 4235 in
1474 4181 1638 4235 Baal?
1678 4181 1770 4236 28.
1799 4181 2088 4252 Propheta,

508 4273 564 4326 in
597 4287 708 4343 quo
738 4281 823 4328 est
854 4272 1154 4336 somnium,
1179 4282 1364 4327 narret
1395 4271 1672 4326 somnium
1701 4287 1887 4337 suum,
1919 4282 1972 4327 et
1997 4276 2090 4342 qui

507 4379 692 4419 sermo
743 4380 898 4420 meus
951 4365 1018 4418 ad
1050 4379 1201 4428 eum,
1238 4371 1424 4418 narret
1452 4379 1760 4419 sermonem
1797 4380 1977 4419 meum
2035 4367 2090 4421 in

507 4457 757 4512 veritate.
795 4456 932 4523 Quid
962 4457 1115 4528 palea
1155 4457 1221 4512 ad
1259 4457 1619 4525 triticum?)t(
1657 4457 1792 4512 dicit
1824 4458 2091 4515 Dominus

2264 3269 2396 3338 Cap.
2427 3266 2697 3322 XXIV.—
2716 3267 2764 3320 l.
2794 3265 3041 3321 Ostendit
3070 3264 3201 3319 mihi
3233 3263 3499 3318 Dominus
3527 3262 3666 3317 duos
3697 3261 3773 3331 (ο)

2194 3361 2441 3416 calathos
2491 3359 2712 3423 ficuum,
2750 3359 2960 3426 positos
2983 3367 3107 3411 ante
3140 3356 3332 3411 faciem
3362 3356 3546 3424 templi
3590 3355 3776 3408 Domi-

2196 3456 2275 3518 ni,
2306 3463 2596 3524 postquam
2621 3451 2898 3505 transtulit
2935 3448 3438 3505 Nabuchodonosor
3471 3463 3563 3502 rex
3599 3447 3777 3516 Baby-

2195 3548 2340 3601 lonis
2381 3544 2701 3600 Jrchoniam
2765 3543 2934 3596 tilium
2981 3541 3189 3596 Joacitn
3255 3557 3435 3610 regem
3496 3537 3669 3604 Judae,
3719 3549 3779 3594 et

2195 3639 2476 3708 principes
2530 3638 2596 3705 Χ
2655 3635 2811 3689 Juda:
2847 3635 2895 3704 1,
2940 3635 3014 3705 (p)
3067 3644 3121 3687 et
3162 3634 3420 3699 artifices,
3463 3643 3516 3686 et
3564 3632 3778 3685 vinctos

2193 3743 2248 3783 et
2271 3730 2464 3782 divites
2483 3744 2548 3782 ex
2593 3727 2919 3789 Jerusalem,
2947 3735 3001 3780 et
3029 3725 3255 3779 adduxit
3297 3741 3393 3780 eos
3443 3726 3497 3780 in
3549 3724 3778 3794 Babylo-

2196 3835 2340 3871 nem.
2368 3819 2423 3872 2.
2446 3819 2714 3872 Calathus
2744 3833 2887 3872 unus
2912 3818 3114 3871 lieuum
3144 3816 3474 3886 elegantium
3503 3817 3679 3877 valde,
3716 3825 3778 3870 ut

2195 3913 2333 3965 licus
2374 3925 2676 3980 pr:ecoces:
2711 3918 2764 3963 et
2796 3909 3044 3964 calathus
3077 3909 3210 3962 alter
3258 3910 3458 3962 ticuum
3505 3909 3774 3962 malarum

2193 4003 2368 4066 valde,
2397 4017 2518 4071 quze
2549 4019 2654 4055 non
2687 4006 3041 4056 comedentur
3069 4015 3177 4068 pra:
3212 3999 3418 4053 malitia
3449 4015 3566 4053 sua.
3610 4000 3661 4052 5.
3709 3997 3780 4051 Et

2195 4095 2332 4149 dixit
2363 4095 2624 4149 Dominus
2649 4094 2713 4146 ad
2748 4108 2867 4146 me:
2897 4090 3039 4157 Quid
3079 4101 3136 4146 tu
3185 4091 3358 4152 vides,
3405 4089 3677 4144 Ieremia?
3710 4089 3778 4143 Et

2193 4186 2331 4238 dixi.
2361 4183 2542 4248 Ficus,
2574 4185 2640 4250 )t(
2663 4182 2796 4237 ficus
2832 4181 2853 4248 1
2889 4182 3163 4249 elegantes
3183 4181 3358 4244 valde,
3401 4181 3469 4247 )t(
3499 4187 3553 4232 et
3580 4180 3715 4231 licus
3748 4180 3771 4247 1

2193 4276 2392 4340 malas,
2423 4289 2546 4344 qua:
2589 4275 2744 4327 malae
2772 4281 2902 4328 sunt
2929 4271 3107 4337 valde,
3133 4287 3255 4341 qum
3281 4287 3388 4325 non
3421 4269 3778 4324 comedentur

2194 4351 2304 4438 pra:
2339 4367 2541 4420 malitia
2576 4380 2694 4419 sua.
2721 4364 2773 4417 4.
2825 4361 2890 4417 Ει
2920 4361 3130 4416 factum
3162 4373 3248 4417 est
3295 4361 3519 4416 verbum
3557 4359 3775 4414 Domini

2164 4483 2166 4485 ’
2195 4461 2262 4514 ad
2295 4475 2406 4521 me,
2432 4459 2658 4513 dicens:
2696 4456 2748 4511 5.
2786 4454 2909 4510 Ilaec
2938 4455 3073 4509 dicit
3107 4455 3372 4508 Dominus
3412 4452 3551 4505 Dens
3597 4450 3780 4504 Israe-

516 4547 564 4615 1.
586 4549 676 4604 29.
695 4547 885 4604 Nonne
917 4563 1046 4604 ecce
1075 4548 1240 4604 verba
1271 4563 1412 4614 mea,
1443 4557 1503 4602 ut
1528 4549 1691 4618 ignis,
1731 4549 1867 4604 dicit
1901 4551 2090 4605 Domi-
2125 4538 2170 4593 Ῑ)
2199 4555 2292 4608 lis:
2326 4549 2396 4606 Ut
2417 4552 2554 4605 licus
2581 4550 2664 4604 hae
2685 4549 2980 4618 elegantes,
3010 4548 3082 4601 ita
3116 4560 3503 4616 recognoscam
3537 4558 3655 4606 eos,
3679 4542 3778 4610 qui

511 4655 636 4704 nus,
663 4647 716 4694 et
743 4648 803 4694 ut
827 4640 904 4710 (It)
931 4639 1143 4696 securis
1174 4639 1388 4694 caedens
1436 4640 1691 4708 petram?
1733 4641 1824 4694 30.
1858 4639 2090 4710 Propter

513 4731 617 4785 hoc
641 4747 768 4786 ecce
797 4746 896 4801 ego
928 4731 997 4785 ad
1026 4730 1341 4801 prophetas,
1370 4729 1505 4784 dicit
1556 4730 1841 4796 Dominus,
1871 4732 1964 4801 qui
2004 4733 2091 4786 fu-

512 4833 704 4879 rantur
731 4824 895 4878 verba
949 4839 1068 4878 mea
1106 4823 1401 4893 unicuique
1450 4837 1517 4878 ex
1567 4823 1816 4892 proximo
1847 4838 1966 4878 suo.
1997 4825 2088 4879 5i.

511 4918 650 4973 Ecce
675 4932 780 4986 ego
806 4916 874 4971 ad
915 4915 1229 4987 prophetas,
1272 4917 1340 4984 χ
1365 4914 1499 4970 dicit
1529 4913 1795 4970 Dominus
1831 4915 1880 4984 1,
1908 4916 1969 4987 (i)
1995 4919 2090 4989 qui

2199 4645 2656 4714 transmigrarunt
2698 4639 2873 4706 ludas,
2928 4654 3066 4708 quos
3098 4637 3220 4691 misi
3273 4652 3338 4690 ex
3398 4637 3516 4689 loco
3564 4635 3667 4687 hoc
3720 4633 3778 4686 itt

2199 4750 2398 4792 terram
2421 4733 2804 4789 Chaldteorum
2843 4732 2896 4786 in
2928 4732 3094 4784 bona.
3120 4727 3174 4782 6.
3221 4727 3285 4782 Et
3329 4726 3557 4780 lirntabo
3587 4723 3779 4778 oculos

2198 4845 2351 4885 meos
2380 4843 2544 4896 super
2571 4840 2666 4881 eos
2690 4825 2742 4879 in
2773 4825 2944 4879 bona:
2971 4832 3025 4877 ct
3054 4821 3330 4879 restituam
3359 4835 3454 4873 eos
3489 4818 3542 4871 iu
3573 4826 3777 4870 terram
3832 4864 3841 4877 ,

2199 4921 2362 4987 hanc,
2385 4928 2441 4974 et
2473 4916 2812 4972 reaedificabo
2845 4929 2963 4982 eos,
3010 4924 3064 4969 et
3111 4926 3218 4966 non
3259 4911 3536 4965 destruant
3584 4907 3690 4978 (q):
3722 4915 3780 4961 et

583 5033 657 5101 (q)
682 5030 764 5094 8.,
795 5041 848 5086 et
870 5032 1229 5102 extenderunt
1248 5047 1446 5086 manus
1470 5031 1645 5085 malis.
1716 5030 1788 5102 (r)
1805 5032 1894 5095 Α.,
1919 5034 2278 5093 absinthium.
2298 5032 2379 5098 S.,
2406 5029 2846 5102 amaritudinem.
2892 5025 2958 5102 (β)
2984 5021 3455 5102 gl.._(:a_pi_t_is.nllcb.
3476 5019 3775 5102 (δίψης-(λ

513 5102 578 5169 (ι)
608 5105 697 5159 Α..
743 5118 984 5157 crassus.
1018 5101 1104 5166 8.,
1144 5102 1383 5172 pollutus
1421 5102 1712 5170 lapidibus.

513 5173 746 5252 latione._
829 5173 1075 5252 (allquus
1157 5174 1253 5252 “((1)
1292 5173 1383 5252 ΑΖ,
1424 5181 1737 5252 tempestas.

1813 5103 1865 5176 ιι)
1893 5103 2271 5175 Omnipotens.
2338 5104 2414 5174 (as)
2445 5100 2593 5176 Ejus.
2675 5100 2868 5176 (y)_.{l_.,
2905 5100 3074 5176 iu_iue

1824 5164 2086 5242 gjmntachi
2133 5164 2456 5238 untz'o‘vox
2479 5164 2836 5240 ignotwwnzihi
2873 5166 3121 5219 nationis.
3177 5164 3329 5242 [Non
3337 5176 3640 5242 possumus
3667 5175 3775 5213 non

2675 5100 2750 5168 (ῃ)
2781 5099 2868 5158 Α..
2902 5089 2955 5149 in
2986 5089 3263 5168 ineffabili.
3303 5092 3384 5155 S.,
3421 5093 3472 5144 in
3506 5089 3776 5144 confabu-

515 5243 702 5296 mirari
733 5233 1196 5314 Itan‘cNo'rbergii‘
1229 5233 1654 5314 confessionem.
1686 5233 2000 5314 Notissima
2032 5233 2188 5302 enim
2208 5233 2610 5314 tritissimairue
2661 5249 2761 5314 est_
2775 5253 2881 5314 vos
2916 5245 3106 5314 sum:
3143 5233 3283 5300 apud
3322 5233 3488 5314 Syros
3520 5239 3778 5314 auctores

514 5327 614 5366 nec
643 5328 748 5387 non
779 5299 1210 5387 a_pud_ra_bbiuos
1233 5313 1372 5387 Syro
1409 5320 1621 5366 utentes
1644 5313 1921 5387 idiomate.
1955 5299 2254 5387 Signiﬁcat,
2287 5313 2470 5387 turbol
2486 5299 2703 5387 Boreas.
2729 5306 2940 5387 Pluiies
2972 5299 3198 5387 insuper
3220 5299 3498 5387 cent-paret
3525 5299 3778 5387 iri._S_yro

515 5380 755 5455 textu
788 5372 850 5435 Τ.
879 5381 963 5437 Cf.
996 5380 1098 5436 Job
1131 5397 1243 5455 χει,
1275 5372 1387 5455 ’18;
1434 5384 1740 5455 χχνιηῖος
1781 5399 1987 5448 xxxvii,
2016 5372 2082 5442 ἶ).
2117 5372 2325 5442 Νίιιιιίιιι
2369 5401 2406 5447 ι,
2443 5383 2493 5455 5.
2530 5382 2711 5455 ltaliv
2735 5390 2818 5455 es}
2846 5385 2950 5432 ’33-
2985 5372 3201 5455 Ψίιοιις]
3226 5374 3296 5455 (θ)
3333 5372 3419 5455 "‘1
3442 5372 3773 5455 θὲτθάίθιυῖε

513 5463 567 5526 et
598 5453 753 5526 turbo
785 5468 948 5526 super
976 5460 1138 5526 caput
1173 5439 1486 5526 impiorum.
1546 5439 1617 5520 (ci
1651 5439 1741 5526 Λ.,
1769 5439 2082 5526 cogitationi

2200 5439 2277 5526 (Α)
2451 5449 2897 5526 initteﬂ‘a‘bilibus
2927 5446 3104 5526 meis-
3155 5439 3351 5526 (έιριτ,
3382 5440 3462 5502 8.,
3506 5439 3777 5526 numq-uid

516 5522 659 5595 Deus
685 5522 752 5576 de
785 5515 1123 5595 propinquo?
1311 5526 1399 5582 Λ..
1430 5523 1512 5585 8.,
1539 5515 2085 5595 somniavi,‘solnuiat

2206 5515 2279 5595 lg.)
2312 5523 2579 5576 Nominis.
2659 5520 2734 5585 (Ιι)
2774 5517 2862 5579 Α.,
2898 5515 3127 5595 ιιιειιιιλιιιδ
3158 5515 3507 5595 confringeth
3535 5516 3771 5595 prlr‘atll}.

520 5592 701 5664 (i)rA.,
733 5593 824 5662 qui
853 5601 1140 5647 assumunt
1170 5593 1406 5660 linguam
1439 5608 1616 5651 suam,
1669 5603 1722 5646 et
1755 5593 1962 5649 dicunt.
2026 5595 2108 5662 8.,
2137 5608 2188 5652 et
2225 5592 2585 5664 praep-mauros
2627 5601 2953 5664 sermonem:
3034 5592 3103 5664 ll")
3142 5592 3235 5664 Αοι
3276 5592 3333 5664 ἧι
3394 5598 3424 5664 L'

2149 5647 2239 5733 tu;
2261 5668 2317 5719 l-Lt
2339 5647 2490 5716 Iouu:
2520 5659 2732 5714 Domini
2763 5674 2866 5710 non
2889 5647 3102 5709 dicetis.
3168 5658 3241 5722 (ο)
3274 5654 3361 5716 Λ.,
3395 5651 3476 5714 S.,
3519 5647 3775 5703 fiscellas.

517 5663 652 5732 suis.
731 5665 791 5731 (Ι)
821 5665 906 5725 A.,
934 5679 1148 5719 currus.
1234 5664 1327 5732 (nt)
1362 5666 1450 5722 Α..
1477 5675 1528 5716 et
1558 5664 1927 5731 derelinquam
1955 5682 2067 5722 vos.

521 5731 593 5795 (ρ)
628 5734 714 5786 Α..
748 5732 830 5792 8.,
859 5743 912 5785 et
939 5733 1236 5801 principem
1283 5733 1580 5789 fabrorum.
1667 5733 1738 5802 (q)
1775 5734 1899 5788 Eos.

588 5825 650 5882 ι’)
675 5827 780 5874 Vox
807 5828 957 5875 Hebr.
983 5832 1114 5878 ρκ’-ι
1139 5828 1216 5876 hic
1241 5829 1405 5891 potius
1424 5828 1553 5890 fellis
1583 5833 1840 5879 vertenda.
1871 5832 2046 5880 Drarb.

3034 5584 3103 5651 (ἐς)
3142 5583 3228 5639 Α..
3276 5581 3333 5637 .S.

3394 5578 3446 5633 in
3496 5578 3779 5631 miraculis
