4134 6454
378 427 511 489 εδιι

1601 430 1922 487 ιΕΙιΕΜΙΑί
1968 432 2198 489 CAPl'T
2238 434 2432 491 XXIV.

3492 445 3633 500 $2342

374 543 632 616 plautabo
650 558 764 609 eos,
808 550 867 598 ct'
891 558 996 596 non
1023 541 1356 613 exstirpabo.
1390 543 1441 598 7.
1473 543 1536 597 Et
1568 545 1709 600 dabo
1739 547 1819 601 eis
1841 562 1959 606 cor,
1992 562 2032 616 Α
2065 547 2192 615 picti
2242 547 2442 603 fuerint
2490 547 2545 602 hi
2594 548 2934 619 septuaginta
2983 550 3132 614 anui,
3177 553 3240 621 )3(
3286 560 3360 625 (g)
3403 558 3636 613 ulciscar

373 635 439 688 ad
471 634 907 703 cognoscendum
943 648 1048 696 me,
1101 635 1244 702 quod
1268 649 1368 696 ego
1406 649 1526 689 sum
1561 635 1858 691 Dotniaus:
1900 645 1954 690 ιι

372 735 534 782 erunt
585 726 716 779 mihi
752 726 804 779 iu
841 726 1120 795 populum,
1167 736 1221 781 et
1254 743 1362 793 ego
1400 741 1495 781 cro
1540 727 1621 780 eis
1652 728 1704 781 in
1744 727 1948 794 Deum;

372 819 501 889 quia
530 833 588 873 se
610 829 1016 872 convertentex
1036 826 1147 871 toto
1173 819 1337 874 corde
1363 834 1484 875 suo.
1522 818 1575 874 8.
1611 819 1675 874 Et
1724 827 1783 873 ut
1816 821 1847 873 ii
1887 836 1951 875 us

373 910 551 965 malm.
590 923 712 977 qua)
762 924 868 962 non
922 913 1279 964 comedeutur
1304 927 1413 980 prae
1448 913 1651 966 malitia
1687 929 1805 967 sua.
1840 914 1953 968 lucc

371 1001 503 1055 dicit
537 1000 823 1065 Dominus,
872 1000 954 1055 sic
989 1001 1196 1056 tradant
1244 1001 1522 1057 Sedeciam
1570 1020 1747 1073 regem
1774 1004 1948 1070 .lndze,

370 1101 426 1147 et
453 1091 524 1162 (r)
557 1102 837 1162 magnates
878 1092 1020 1161 ejus,
1073 1101 1127 1147 et
1180 1094 1457 1149 residuum
1494 1094 1821 1160 Jerusalem,
1857 1098 1951 1167 qui

372 1182 578 1237 residui
623 1192 753 1238 sunt
806 1184 859 1236 in
917 1195 1059 1239 terra
1115 1186 1238 1251 hac,
1285 1200 1404 1249 eos,
1463 1188 1557 1256 qui
1604 1189 1851 1243 habitant
1896 1191 1948 1243 in

374 1272 629 1344 1Egypto.
696 1275 747 1329 9.
804 1274 870 1328 Et
915 1276 1054 1330 dabo
1108 1291 1204 1331 eos
1234 1278 1302 1345 (ε)
1344 1277 1397 1331 in
1444 1278 1841 1347 dispersionem
1896 1282 1950 1335 in

373 1365 556 1418 omnia
585 1378 747 1434 regna
788 1372 965 1428 teme,
999 1373 1053 1418 et
1086 1364 1138 1417 in
1173 1365 1548 1434 opprobrium,
1590 1377 1644 1421 et
1692 1367 1745 1420 in
1796 1366 1952 1421 fabu-

371 1456 503 1518 lam,
551 1463 605 1511 et
634 1455 697 1525 (t)
728 1457 784 1510 in
813 1472 847 1511 o
869 1458 1021 1521 tium,
1065 1466 1120 1512 et
1147 1457 1201 1511 in
1237 1458 1669 1513 maledictionem
1720 1458 1951 1514 inomni

372 1546 516 1611 loco,
565 1562 676 1616 quo
726 1548 988 1616 capellam
1042 1563 1140 1605 eos
1183 1549 1333 1604 illuc.
1398 1549 1484 1603 10.
1528 1548 1596 1605 Et
1643 1551 1850 1604 mittam
1895 1551 1949 1605 in

370 1652 466 1690 eos
494 1638 754 1707 gladium,
785 1647 840 1693 et
874 1638 1094 1702 famem,
1130 1649 1185 1694 et
1206 1641 1285 1709 (ιι)
1315 1650 1564 1699 mortem.
1605 1641 1780 1696 donec
1820 1658 1950 1697 eon-

373 1738 665 1782 sumautur
695 1729 765 1784 de
796 1738 961 1795 terra,
1017 1745 1182 1801 quam
1221 1731 1344 1786 dedi
1377 1731 1479 1798 eis,
1510 1734 1578 1799 Ἃ(
1607 1740 1661 1787 et
1705 1735 1951 1801 patribus

371 1831 563 1871 eorum
594 1818 640 1886 1.

2054 653 2220 707 super
2249 656 2425 707 regem
2462 639 2791 711 Babylonis,
2838 650 2892 696 et
2935 641 2957 710 1
2998 659 3162 712 super
3208 655 3419 714 gentem
3463 648 3633 715 illam,

2054 727 2187 781 dicit
2218 727 2501 793 Dominus,
2536 728 2853 797 iniquitates
2884 744 3071 783 eorum
3098 771 3112 789 .
3144 740 3199 784 et
3229 748 3395 800 super
3433 741 3634 789 terram

2052 817 2470 882 Chaldaeorum,
2514 829 2575 873 ρι’
2605 835 2801 889 ponam
2842 836 2936 874 eos
2985 823 3037 874 in
3083 823 3308 876 exitium
3353 836 3637 893 εθιιιριῑιξτ-

2054 923 2184 963 num
2221 909 2284 975 1,
2323 910 2408 963 i5.
2438 920 2492 965 et
2529 910 2782 965 inducam
2813 927 2979 980 super
3003 922 3202 967 terram
3231 914 3416 968 omnia
3449 915 3636 979 verba,

2053 1014 2175 1069 quae
2203 1000 2419 1056 locutus
2443 1017 2565 1056 sum
2594 1016 2758 1070 super
2778 1017 2840 1055 ea
2866 1019 2881 1066 ;
2907 1004 3113 1064 omnia,
3139 1020 3260 1073 qua:
3282 1005 3482 1072 scripta
3509 1013 3638 1058 sunt

2054 1088 2107 1142 iu
2135 1088 2276 1142 libro
2308 1090 2431 1153 hoc,
2464 1106 2587 1160 qua:
2625 1091 2968 1160 prophetarit
3004 1090 3239 1147 Jerrmia
3267 1102 3431 1164 super
3459 1094 3639 1147 muni-

2054 1179 2156 1234 bus
2189 1180 2461 1250 gentibus.
2514 1181 2596 1235 14.
2642 1184 2710 1250 )t(
2743 1182 2819 1252 (h)
2859 1184 2998 1249 Quia
3037 1184 3319 1239 coluerunt
3352 1185 3636 1240 servitium

2054 1268 2108 1322 in
2136 1269 2217 1324 eis
2266 1269 2391 1323 item
2427 1269 2561 1340 ipsis
2589 1280 2778 1340 gentes
2823 1273 3041 1338 multas,
3078 1282 3131 1327 et
3166 1288 3318 1342 reges
3350 1274 3551 1341 magni,
3584 1281 3639 1327 et

2054 1358 2355 1413 retribuam
2380 1359 2461 1415 eis
2494 1359 2794 1415 secundum
2828 1376 2965 1429 opus
2997 1377 3208 1425 eorum,
3242 1369 3296 1416 et
3333 1364 3636 1416 secundum

2054 1447 2196 1503 facta
2221 1465 2482 1505 manuum
2513 1465 2701 1506 eorum
2726 1451 2775 1519 1.
2808 1451 2893 1504 15.
2929 1450 3069 1517 Quia
3096 1452 3175 1506 sic
3197 1453 3332 1506 dixit
3375 1452 3638 1507 Dominus

2052 1540 2198 1596 Deus
2239 1542 2454 1597 lsraeiis
2484 1543 2552 1597 ad
2596 1558 2683 1597 me
2722 1561 2736 1598 :
2783 1542 2951 1598 Sume
2984 1544 3211 1598 calicem
3254 1542 3365 1596 viui
3414 1543 3478 1614 (ὅ)
3527 1559 3636 1597 non

2054 1632 2399 1705 mixtihujus
2422 1651 2489 1689 ex
2526 1651 2691 1690 manu
2729 1651 2868 1699 mea,
2902 1646 2953 1690 et
2991 1636 3149 1690 dabis
3182 1636 3473 1690 bibendum
3509 1651 3647 1690 (ιιιιιιν

2052 1727 2308 1782 omnibus
2345 1728 2621 1797 gentibus,
2662 1730 2729 1783 ad
2767 1743 2906 1799 quas
2943 1744 3044 1799 ego
3086 1728 3243 1782 ιιιίιεο
3288 1735 3339 1782 te
3378 1747 3391 1783 :
3464 1727 3550 1782 i6.
3582 1736 3647 1783 et

2052 1818 2254 1881 bibent,
2289 1818 2363 1890 (k)
2395 1829 2451 1874 et
2486 1831 2756 1882 evomcnt,
2790 1830 2846 1875 et
2882 1819 3154 1875 insanient
3183 1819 3253 1873 ab
3282 1829 3409 1873 ante
3440 1818 3635 1873 faciem

447 1905 584 1978 Cap.
619 1906 943 1965 XXV.—l.
979 1909 1043 1981 (’)
1079 1908 1339 1977 Verbum,
1372 1912 1515 1979 quod
1550 1912 1749 1968 factum
1773 1919 1857 1966 est
1880 1910 1947 1965 ad
1982 1918 2022 1974 Β
2051 1909 2237 1978 gladii,
2268 1926 2433 1981 quem
2471 1926 2573 1981 ego
2613 1913 2770 1966 mitto
2814 1911 2867 1964 in
2914 1910 3156 1965 medium
3195 1925 3410 1965 eorum.
3446 1909 3535 1963 Π.
3569 1912 3636 1975 χ(

368 1995 661 2052 Jeremiam
703 2014 869 2070 super
912 2015 1134 2055 omnem
1182 2003 1441 2073 populum
1486 2001 1660 2072 Juda’,
1708 2005 1760 2057 in
1807 2019 1953 2059 anno

369 2100 566 2157 quarto
589 2087 800 2145 loacim
831 2090 921 2144 ﬁlii
950 2090 1116 2148 Josia:
1149 2093 1293 2164 regis
1326 2092 1480 2149 Iudae
1510 2111 1524 2147 :
1558 2094 1604 2148 is
1637 2096 1704 2162 )t(
1737 2103 1817 2149 est
1856 2109 1953 2147 an-

371 2194 475 2233 nus
535 2180 747 2249 primus
806 2181 1364 2240 Nabuchodonosoris
1429 2188 1574 2255 regis
1636 2184 1949 2256 Babylonis,

368 2270 597 2324 verbum
626 2270 676 2339 1.
701 2271 755 2323 2.
780 2273 923 2339 quod
947 2273 1164 2329 locutus
1185 2283 1269 2330 est
1288 2276 1356 2344 >κ
1378 2273 1612 2331 Ieremia
1632 2276 1896 2345 propheta
1921 2277 1944 2346 1

369 2360 439 2414 ad
467 2376 685 2416 onmem
709 2363 968 2432 populum
992 2362 1167 2431 Judae,
1183 2374 1234 2420 et
1260 2366 1327 2421 ad
1357 2367 1675 2423 habitantes
1705 2367 1758 2421 in
1787 2365 1950 2421 Jeru-

369 2452 562 2516 salem,
601 2454 789 2510 dicens
821 2474 835 2510 :
871 2457 925 2511 3.
970 2458 1049 2530 (as)
1080 2456 1136 2512 In
1170 2473 1317 2513 anno
1348 2462 1511 2514 tertio
1539 2460 1753 2514 decimo
1788 2457 1954 2515 Josias

369 2544 464 2599 lilii
485 2545 658 2602 Amen
684 2547 824 2618 regis
849 2548 1023 2614 ludat,
1040 2562 1092 2604 et
1113 2566 1287 2620 usque
1306 2551 1371 2605 ad
1399 2552 1541 2606 diem
1567 2552 1710 2606 hunc
1726 2554 1792 2619 >κ
1808 2553 1898 2607 isti
1923 2551 1947 2619 1

375 2647 486 2694 tres
524 2646 581 2693 et
608 2639 798 2710 viginti
832 2642 982 2707 anni,
1017 2644 1085 2711 )t(
1115 2641 1316 2698 factum
1357 2653 1443 2698 est
1477 2644 1702 2698 verbum
1737 2643 1950 2698 Domini

368 2726 436 2781 ad
461 2742 547 2781 me
581 2728 603 2794 1
640 2743 656 2780 :
696 2738 751 2783 et
771 2730 986 2784 locutus
1016 2746 1137 2785 sum
1164 2732 1230 2785 ad
1260 2747 1377 2797 vos,
1406 2741 1752 2788 antevertens
1780 2745 1834 2787 et
1863 2732 1950 2788 di-

368 2832 520 2884 cens,
543 2819 665 2888 Xet
689 2836 796 2874 non
819 2821 1104 2877 audivistis
1127 2840 1139 2876 :
1162 2822 1213 2875 4.
1236 2823 1311 2892 (y)
1340 2831 1394 2876 et
1416 2823 1539 2877 misi
1557 2823 1623 2877 ad
1646 2838 1743 2878 vos
1761 2838 1950 2881 manes

370 2925 560 2966 servos
590 2926 743 2966 meos
775 2912 1089 2982 prophetas,
1141 2914 1196 2967 in
1239 2914 1506 2967 matutino
1554 2915 1858 2981 mittebam,
1896 2923 1951 2970 et

370 3015 479 3054 non
526 3002 833 3065 audivistis,
869 3013 925 3058 et
969 3003 1042 3075 Gz)
1080 3020 1190 3059 non
1233 3004 1543 3060 attendistis
1580 3006 1810 3060 auribus
1859 3022 1952 3061 ve-

368 3092 501 3146 stris
531 3095 600 3162 x
640 3093 704 3147 ad
739 3094 1066 3149 audiendum
1099 3095 1165 3163 1,
1205 3095 1259 3150 5.
1310 3095 1500 3151 dicens
1534 3115 1548 3150 :
1595 3096 1948 3154 Bevcrtimini

2052 1998 2121 2053 Et
2157 2001 2330 2055 sumsi
2373 2000 2397 2068 1
2438 2001 2661 2056 calicem
2698 2015 2766 2055 ex
2805 2016 2970 2054 manu
3014 2000 3252 2066 Domini,
3295 2009 3353 2055 et
3391 2001 3515 2056 dedi
3549 2003 3637 2056 bi-

2053 2089 2288 2146 bendum
2320 2091 2576 2147 omnibus
2609 2093 2865 2163 gentibus
2887 2131 2902 2155 ,
2939 2092 3008 2147 ad
3040 2107 3181 2162 quas
3213 2092 3361 2148 misit
3399 2108 3485 2147 me
3525 2092 3637 2148 Do-

2053 2183 2236 2238 minus
2270 2186 2337 2253 >κ
2371 2183 2436 2254 (ι)
2467 2185 2536 2239 ad
2565 2200 2659 2240 eas
2695 2184 2718 2252 1
2761 2201 2773 2236 :
2821 2184 2909 2241 18.
2948 2183 3250 2241 Jerusalem
3271 2225 3287 2250 ,
3320 2192 3376 2240 et
3407 2184 3637 2240 urbibus

2051 2272 2227 2340 Iudae,
2253 2282 2308 2330 et
2328 2277 2547 2347 regibus
2570 2276 2712 2344 ejus,
2738 2286 2792 2331 et
2814 2276 3152 2347 principibus
3171 2278 3312 2349 ejus,
3339 2277 3405 2332 ad
3431 2291 3637 2346 ponen-

2051 2366 2181 2421 dum
2211 2382 2307 2422 eos
2338 2367 2394 2422 in
2435 2368 2855 2430 desolationem,
2900 2376 2955 2422 et
2986 2369 3084 2439 (ιιι)
3124 2369 3180 2422 in
3215 2384 3323 2424 non
3361 2367 3646 2438 pervium,

2050 2467 2106 2512 et
2132 2458 2186 2513 in
2218 2458 2461 2524 sibilum,
2490 2462 2557 2527 >ε<
2590 2467 2645 2514 et
2672 2459 2725 2512 in
2754 2458 3186 2513 maledictionem
3218 2458 3273 2512 in
3298 2457 3389 2513 die
3420 2458 3528 2513 hoc
3554 2458 3576 2524 1
3618 2475 3633 2510 :

2055 2549 2139 2603 i9.
2181 2558 2236 2604 et
2264 2548 2538 2606 Pharaoni
2570 2550 2682 2619 regi
2723 2548 2964 2619 Egypti,
3005 2558 3060 2604 et
3096 2551 3271 2605 servis
3302 2549 3444 2619 ejus,
3473 2558 3529 2603 et
3556 2549 3639 2618 (ιι)

2050 2641 2394 2711 magnatibus
2414 2641 2556 2711 ejus,
2583 2641 2676 2696 ‘10.
2708 2652 2762 2696 et
2790 2642 2941 2695 omni
2971 2642 3170 2711 populo
3199 2641 3340 2709 ejus,
3372 2647 3428 2694 et
3451 2642 3636 2695 omni-

2050 2732 2154 2786 bus
2184 2733 2368 2787 mixtis
2395 2731 2540 2802 ejus,
2574 2742 2631 2787 et
2664 2733 2919 2787 omnibus
2951 2733 3168 2804 regibus
3201 2732 3525 2793 insularum,
3567 2733 3637 2799 Χ

2049 2831 2106 2877 et
2124 2823 2381 2879 omnibus
2405 2824 2625 2894 regibus
2652 2832 2809 2879 terra:
2831 2823 2907 2895 (ο)
2937 2824 3363 2894 alienigenarum
3393 2822 3442 2891 1,
3467 2822 3641 2876 etiam

2050 2913 2331 2979 Ascaloni,
2377 2926 2433 2970 et
2463 2914 2643 2982 Gazae,
2688 2924 2745 2971 et
2784 2920 3050 2978 Accaron,
3095 2922 3153 2969 et
3188 2912 3409 2969 residuo
3453 2911 3637 2973 Azoti.

2051 3005 2140 3062 2|.
2173 3016 2229 3061 et
2262 3009 2531 3071 Idumaeas,
2571 3018 2627 3064 et
2661 3006 2967 3074 Moabitidi,
2999 3015 3056 3062 et
3086 3006 3221 3061 iiliis
3242 3005 3501 3071 Ammon,
3539 3004 3630 3057 22.

2052 3108 2105 3154 et
2133 3098 2389 3154 omnibus
2421 3100 2642 3170 regibus
2674 3098 2824 3171 Tyri,
2855 3107 2910 3153 et
2934 3098 3195 3153 omnibus
3224 3095 3446 3168 regibus
3472 3093 3638 3149 δίἀυς

372 3199 517 3239 nunc
547 3186 624 3255 (ιι)
667 3187 1044 3256 unusquisque
1089 3203 1121 3242 a
1162 3189 1247 3242 via
1277 3205 1376 3243 sua
1412 3190 1576 3253 mala,
1604 3201 1659 3245 et
1685 3206 1716 3245 a
1752 3193 1949 3247 studiis
2054 3190 2163 3254 nis,
2197 3195 2264 3259 ῖς(
2288 3200 2343 3246 et
2372 3192 2590 3262 regibus
2622 3192 2925 3247 insularum
2957 3191 3007 3259 1,
3036 3190 3128 3260 qui
3157 3200 3307 3245 trans
3339 3203 3510 3251 mare,
3538 3187 3635 3242 25.

371 3276 541 3331 malis"
581 3277 799 3343 vestris,
843 3286 899 3332 et
938 3278 1248 3334 habitabitis
1297 3279 1350 3333 in
1403 3290 1568 3347 terra,
1617 3298 1782 3352 quam
1826 3284 1946 3337 dedi
1976 3307 2019 3363 ρ
2052 3292 2106 3337 et
2135 3281 2347 3349 Dadan,
2372 3293 2428 3338 et
2455 3282 2725 3351 Theman,
2755 3293 2809 3339 et
2836 3282 2968 3346 Bos,
2991 3291 3048 3338 et
3077 3283 3226 3338 omni
3255 3290 3416 3336 tonso
3442 3294 3642 3335 versus

374 3366 547 3427 vobis.
577 3376 633 3423 ct
666 3369 912 3437 patribus
943 3372 1136 3426 vestris
1169 3388 1200 3426 a
1230 3373 1452 3435 sreculo,
1481 3388 1535 3428 et
1569 3390 1742 3444 usque
1764 3376 1818 3429 in
1847 3391 1950 3431 sse-

2053 3368 2247 3424 i'aciem
2279 3385 2459 3436 suam,
2487 3370 2578 3425 24.
2609 3379 2665 3426 et
2695 3370 3208 3442 omnibusregibus
3232 3372 3301 3437 x
3329 3366 3546 3422 Arabiae
3582 3365 3634 3433 1,

371 3459 576 3513 culum.
604 3459 658 3514 6.
691 3458 769 3514 Ne
792 3462 1082 3519 ambuletis
1105 3474 1229 3533 post
1255 3465 1388 3519 deos
1420 3467 1650 3528 alienos,
1678 3468 1744 3521 ad
1771 3468 1953 3521 colen-

372 3553 500 3606 dum
555 3551 836 3608 servitium
884 3555 989 3619 eis,
1046 3564 1101 3610 et
1147 3556 1216 3611 ad
1260 3556 1599 3612 adorandum
1642 3574 1756 3623 eos,
1791 3570 1953 3615 utne

366 3643 595 3700 irritetis
641 3660 728 3701 nte
772 3646 827 3700 in
875 3647 1135 3716 Operibus
1185 3664 1446 3704 manuum
1502 3661 1827 3717 vestrarum,
1877 3653 1944 3706 ad

373 3735 824 3792 malefaciendum
855 3738 1032 3804 vobis,
1069 3739 1120 3794 7.
1149 3749 1203 3795 et
1231 3756 1339 3795 non
1366 3742 1598 3797 audistis
1632 3760 1737 3810 tne,
1771 3746 1839 3811 χ(
1872 3744 1955 3797 di-

372 3828 444 3882 cit
474 3827 760 3896 Dominus,
804 3838 860 3884 ut
906 3831 1128 3887 irritetis
1167 3848 1255 3887 me
1292 3834 1347 3887 in
1382 3835 1647 3903 operibus
1691 3851 1952 3890 manuum

373 3929 678 3975 vestrarum
701 3961 717 3988 ,
744 3920 812 3976 ad
844 3922 982 3975 male
1013 3922 1323 3977 faciendum
1350 3926 1508 3980 vobis
1547 3925 1595 3994 1.
1640 3928 1692 3981 8.
1726 3925 1955 3997 Propter

373 4011 477 4066 hoc
516 4013 632 4067 haec
677 4012 810 4068 dicit
853 4011 1115 4068 Dominus
1147 4018 1217 4083 κ(
1262 4015 1526 4071 virtutum
1572 4017 1641 4086 1,
1688 4018 1825 4084 Quia
1877 4018 1953 4089 (Ir)

373 4119 481 4157 non
509 4103 819 4160 credidistis
847 4106 1029 4161 verbis
1055 4107 1212 4169 meis,
1243 4106 1297 4161 9.
1330 4122 1459 4162 ecce
1482 4109 1550 4176 >κ
1580 4109 1735 4178 ego.1
1770 4111 1951 4177 mitto,

371 4203 427 4249 et
454 4210 668 4276 sumam
690 4196 762 4266 (ο)
789 4198 1007 4252 omnem
1039 4197 1236 4252 tribum
1269 4197 1564 4267 aquilonis,
1593 4200 1659 4266 >κ
1687 4199 1817 4252 dicit
1849 4198 1954 4253 Do-

374 4285 580 4349 minus,
614 4295 671 4341 et
707 4286 775 4341 ad
806 4287 1403 4343 Nabuchodonosorem
1444 4303 1626 4358 regem
1659 4289 1952 4360 Babylonis

372 4394 591 4433 servum
645 4394 825 4434 meum
865 4383 912 4449 1,
970 4388 1025 4435 et
1074 4380 1341 4435 adducam
1389 4395 1485 4436 eos
1534 4396 1699 4451 super
1750 4391 1949 4438 terram

374 4472 537 4533 hanc,
571 4480 627 4524 et
662 4485 826 4540 super
878 4471 1187 4527 habitantes
1236 4472 1289 4526 in
1320 4487 1406 4537 ea,
1451 4482 1507 4527 et
1551 4487 1715 4542 super
1759 4489 1953 4529 omnes

2050 3469 2106 3516 et
2141 3462 2399 3518 erunibus
2432 3464 2503 3531 Χ
2540 3462 2762 3534 regibus
2811 3462 3170 3530 1commixtis
3192 3503 3207 3528 ,
3229 3459 3637 3518 diversantibus

2053 3554 2113 3630 in}
2137 3553 2376 3618 deserto,
2406 3555 2498 3609 25.
2533 3557 2603 3624 31(
2634 3562 2690 3610 et
2723 3556 2982 3611 omnibus
3021 3555 3240 3626 regibus
3270 3552 3454 3607 Zamri
3490 3550 3542 3619 1,
3580 3557 3638 3605 et

2052 3645 2309 3702 omnibus
2338 3646 2556 3715 regibus
2594 3645 2798 3711 AEIam,
2828 3656 2883 3703 et
2913 3647 3173 3702 omnibus
3201 3645 3420 3714 regibus
3447 3639 3636 3699 Persa.

2055 3753 2198 3803 rum,
2229 3737 2320 3793 26.
2363 3746 2420 3793 et
2447 3738 2707 3794 omnibus
2734 3739 2970 3807 regibus.
2988 3739 3284 3809 aquilonis,
3315 3736 3410 3809 qui
3444 3750 3634 3807 prope,

2054 3837 2110 3883 ct
2140 3830 2235 3899 qui
2264 3828 2443 3900 longe,
2479 3829 2778 3900 unicuique
2813 3832 2887 3885 ad.
2909 3829 3143 3886 fratrem.
3158 3844 3344 3894 suum,
3375 3839 3430 3884 et
3456 3829 3636 3882 omniv

2056 3920 2161 3977 bus
2186 3922 2370 3992 regnis
2403 3930 2583 3987 terra,
2614 3937 2738 3991 quae.
2768 3936 2934 3992 super
2956 3920 3313 3981 facieltcrrte.
3349 3921 3415 3989 >ε<
3445 3930 3499 3974 et
3523 3920 3635 3989 regi

2056 4010 2213 4066 Sisac
2246 4014 2295 4081 1,
2337 4012 2489 4067 iubet-
2522 4012 2600 4083 (ρ)
2633 4013 3015 4082 unusquisque
3035 4011 3233 4066 escis.
3263 4009 3356 4063 27.
3398 4007 3463 4063 Et
3486 4009 3638 4063 dices

2054 4104 2141 4157 ad
2169 4117 2315 4158 eos:
2359 4102 2451 4157 Sic
2495 4102 2633 4158 dixit
2682 4103 2945 4158 Dominus
2980 4102 3059 4171 (ιι)
3098 4101 3447 4169 omnipotens
3494 4099 3638 4154 Deus

2056 4193 2271 4248 lsraelis
2308 4212 2321 4247 :
2372 4193 2567 4261 Bibite,
2605 4202 2662 4247 et
2696 4193 3064 4259 inebriamini,
3093 4202 3152 4246 et
3189 4192 3412 4255 vomite,
3452 4200 3508 4245 et
3547 4206 3636 4245 car

2052 4285 2213 4350 detis,
2261 4293 2447 4340 et'non
2472 4285 2767 4356 resurgetis
2791 4286 2861 4341 ab
2885 4296 3010 4340 ante
3036 4284 3226 4342 [aciem
3256 4286 3442 4355 gladii,
3472 4302 3635 4355 quem

2055 4381 2267 4435 mittam
2305 4381 2449 4435 inter
2481 4395 2603 4437 vos.
2633 4380 2724 4434 2&
2754 4378 2821 4433 Et
2844 4378 2950 4433 erit
2983 4378 3203 4449 quando
3230 4392 3339 4431 non
3369 4376 3641 4433 voluerint

2054 4474 2302 4544 accipere
2332 4472 2559 4529 calicem
2590 4487 2635 4526 a-
2662 4487 2828 4526 manu
2859 4480 2975 4534 tua,
3012 4479 3072 4524 ut
3107 4470 3317 4536 bibant,
3355 4469 3520 4524 etiam
3547 4471 3635 4525 di-

373 4572 583 4632 gentes,
617 4578 741 4632 qua:
771 4562 826 4618 in
863 4562 1095 4620 circuitu
1122 4564 1264 4635 ejus,
1301 4566 1379 4636 (ιι)
1405 4575 1460 4620 et
1495 4567 1719 4621 vastaho
1742 4582 1857 4631 eos,
1897 4578 1950 4621 et
2055 4582 2146 4622 ces
2173 4567 2254 4621 eis
2289 4583 2302 4619 :
2337 4565 2430 4620 Sic
2457 4564 2596 4620 dixit
2620 4563 2881 4618 Dominus
2915 4562 3177 4616 virtutum
3209 4579 3225 4615 :
3260 4560 3503 4617 Bibendo
3550 4561 3635 4616 bi-

373 4654 518 4708 dabo
545 4669 641 4708 eos
673 4653 726 4708 in
756 4654 1005 4719 exitium,
1038 4665 1093 4710 et
1123 4656 1176 4708 in
1201 4657 1447 4721 sibilum,
1477 4655 1547 4727 (ε)
1576 4666 1630 4712 et
1668 4658 1721 4711 in
1751 4673 1952 4727 oppro-
1985 4649 2029 4702 ι)
2058 4659 2230 4726 betis;
2268 4658 2361 4713 29.
2396 4657 2527 4728 quia
2548 4658 2614 4725 >86
2645 4671 2772 4711 ecce
2804 4656 2829 4726 1
2867 4656 2921 4709 in
2947 4654 3102 4721 urbe,
3145 4669 3269 4724 quae
3290 4654 3634 4710 nominatum

374 4746 553 4799 brium
587 4745 977 4816 sempiternum
1016 4765 1029 4800 :
1082 4747 1169 4803 10.
1204 4757 1260 4802 et
1294 4749 1513 4818 perdam
1547 4765 1611 4804 ex
1647 4749 1727 4802 eis
1763 4765 1949 4805 vocem
2058 4737 2143 4808 est
2186 4766 2387 4805 nomen
2433 4763 2615 4803 meum
2662 4763 2829 4817 super
2863 4764 3004 4813 eam,
3045 4762 3146 4817 ego
3185 4745 3633 4817 incipioemalei'a-

373 4836 580 4907 gaudii,
611 4844 666 4891 et
698 4850 884 4891 vocem
919 4835 1119 4891 lzetitize
1145 4877 1159 4899 ,
1189 4852 1378 4893 vocem
1416 4839 1603 4908 sponsi
1628 4877 1643 4900 ,
1680 4850 1735 4893 et
1762 4854 1952 4893 vocent
2060 4857 2187 4897 cere
2233 4859 2248 4896 :
2290 4851 2346 4895 et
2387 4856 2487 4896 vos
2533 4839 2849 4895 mundando
2891 4842 2960 4907 με
3000 4838 3400 4894 mundabimini
3434 4838 3484 4905 1,
3528 4855 3635 4894 nou

375 4942 615 4997 sponsae,
668 4941 853 4983 vocem
907 4929 1086 4991 mola},
1128 4936 1182 4982 et
1226 4928 1408 4983 lumen
1461 4929 1714 4983 lucernae.
1756 4931 1844 4984 il.
1886 4928 1954 4983 Et
2062 4930 2491 4997 mundabimiui;
2520 4932 2649 5000 quia
2687 4930 2927 4999 gladium
2971 4944 3072 5000 ego
3104 4931 3294 4986 invoco
3334 4946 3497 5000 super
3526 4946 3647 4983 om-

375 5019 482 5074 erit
508 5019 689 5074 omnis
716 5027 857 5074 terra
888 5021 956 5087 Χ
989 5020 1104 5075 haec
1132 5019 1189 5074 in
1216 5019 1631 5086 desolationem,
1660 5018 1726 5090 (f)
1751 5029 1806 5075 et
1841 5021 1865 5089 1
1898 5021 1950 5075 in
2060 5042 2159 5082 nes
2184 5025 2492 5081 habitantes
2519 5039 2682 5094 super
2710 5034 2872 5089 terra,
2898 5023 3030 5079 dicit
3057 5022 3321 5079 Dominus
3348 5023 3635 5078 virtutum.

376 5111 606 5166 exitium
643 5129 657 5165 :
694 5120 751 5167 et
779 5112 959 5166 colent
990 5112 1270 5168 servitium
1311 5113 1365 5166 in
1398 5113 1652 5183 gentibus
1700 5115 1775 5180 Ἀ(
1806 5113 1892 5168 his
1926 5114 1955 5183 ζ
2062 5118 2152 5172 ἱθ.
2190 5115 2254 5171 Et
2290 5126 2345 5170 tu
2383 5115 2733 5186 prophetabis
2763 5127 2927 5183 supcr
2964 5128 3061 5168 eos
3087 5114 3270 5168 Olltttia
3305 5113 3465 5168 verba
3501 5113 3635 5180 haec,

377 5203 492 5273 regi
524 5202 816 5275 Babylonis
862 5205 1206 5276 septuaginta
1238 5207 1418 5260 annis.
1454 5203 1541 5259 12.
1578 5204 1643 5259 Et
1681 5220 1807 5260 cum
1850 5205 1957 5260 im-
2064 5215 2121 5262 et
2147 5207 2298 5262 dices
2329 5206 2396 5261 ad
2434 5220 2529 5262 eos
2562 5224 2577 5263 :
2613 5203 2882 5260 Dominus
2918 5216 2987 5256 ex
3026 5205 3242 5261 excelso
3272 5204 3344 5276 (r)
3375 5204 3668 5260 vaticina;

454 5358 523 5431 (r)
559 5361 646 5426 Α.,
676 5357 761 5424 8.,
800 5359 971 5430 prinei
1013 5358 1185 5431 es.(s)
1209 5360 1301 5425 A.,
1335 5359 1423 5424 8.,
1452 5361 1871 5417 commotionem
1904 5361 1964 5415 in
1995 5361 2136 5416 mala
2183 5359 2437 5416 omnibus
2467 5359 2670 5429 regnis.
2790 5358 2830 5427 ι)
2859 5358 2947 5420 Α.,
2970 5356 3040 5412 in.
3056 5356 3425 5427 praterbium.
3464 5358 3549 5424 8.,
3583 5361 3638 5414 in

459 5431 642 5484 iniam.
721 5428 798 5484 (ui
841 5430 931 5484 A..
1093 5439 1322 5484 uestem.
1376 5430 1440 5484 (Ἴ
1491 5431 1679 5484 Cauita
1710 5441 2015 5484 senuuntur
2053 5441 2115 5484 ut
2159 5431 2213 5484 in
2248 5439 2395 5484 textu
2427 5428 2714 5483 Hebraico.
2766 5356 2963 5482 iirach.
3050 5426 3130 5484 ix)
3158 5427 3250 5484 A..
3285 5425 3369 5484 8..
3398 5432 3467 5482 ab
3492 5436 3638 5484 anno

380 5425 642 5503 fabulam.
672 5498 685 5503 _
721 5425 819 5500 (u)'
841 5430 947 5503 Α.,⁵
974 5425 1054 5503 Si,
1090 5425 1322 5503 pestem.
1376 5430 1440 5503 ('_)
1474 5431 1679 5503 Capita
1710 5441 1950 5503 scquunt

2053 5441 2115 5487 ut
2135 5431 2213 5503 _in
2248 5439 2395 5503 textu
2427 5425 2714 5503 Hebraico.
2766 5425 2963 5503 Drach.
3046 5425 3130 5503 (κ)
3158 5427 3255 5503 Α...
3285 5425 3369 5503 8.,
3398 5432 3467 5503 ab
3492 5436 3640 5486 anno

382 5502 544 5555 tertio
572 5497 804 5555 decimo.
883 5500 956 5568 (ῃ)
1007 5497 1234 5570 Reliqui,
1273 5508 1328 5553 et
1364 5497 1511 5554 misit
1536 5497 1819 5557 Dominus.
1897 5503 1950 5565 (ι

2055 5542 2094 5563 .,
2123 5499 2207 5566 8.,
2236 5517 2344 5570 non
2373 5499 2694 5570 inclinastis.
2732 5567 2742 5570 _
2774 5497 2851 5570 (α)
2884 5498 2985 5570 A.,_
3012 5498 3112 5550 vir.
3190 5497 3389 5570 (b)_.-_i.,_
3413 5497 3637 5570 S.,_non

380 5570 669 5644 audivistis
703 5584 808 5622 me.
885 5565 1075 5644 (alii,
1115 5568 1950 5644 S.,_omnesconsanguinitates

2052 5572 2123 5644 [ιη
2150 5565 2434 5644 Αί.,,-8..-ιιι
2457 5567 2744 5644 perditioni
2768 5565 3043 5644 de'vovelio
3068 5565 3205 5624 eos.‘
3237 5565 3328 5644 χ.)
3356 5567 3447 5644 A.,
3476 5565 3559 5632 8.,
3584 5578 3635 5623 ιιι

384 5640 440 5694 in
468 5635 987 5711 vastationema'm
1016 5641 1106 5711 4.,
1135 5647 1197 5711 et
1208 5638 1260 5691 in
1274 5647 1389 5711 _stet
1405 5640 1492 5711 ile.
1571 5635 1757 5711 (9)34”
1795 5641 1878 5706 S.,
1911 5635 2163 5697 \isitabo.
2230 5640 2304 5709 (Ιι)
2338 5638 2420 5703 8.,
2456 5635 2521 5711 ἰιιΔ
2548 5638 2861 5711 servitutem
2900 5635 3142 5706 redigent
3164 5636 3308 5711 e_nim
3344 5638 3647 5711 etiametia-

383 5719 570 5782 gentes
593 5712 798 5763 multae.
840 5708 900 5782 (ὅ)
919 5706 1007 5782 A.,
1027 5709 1136 5763 iraa.
1161 5709 1246 5772 S..,
1272 5707 1392 5782 Tia,
1410 5706 1634 5765 furoris.
1684 5710 1864 5782 (Ιε)ΑΑ.,
1881 5721 1933 5765 et
1953 5706 2448 5782 commovebuntur
2479 5708 2663 5782 simul,
2688 5707 2940 5782 etinique
2967 5716 3145 5782 agent.
3170 5706 3253 5782 S_.,
3281 5707 3409 5782 etin
3428 5708 3638 5782 deliciis

381 5775 579 5855 vivent,
606 5787 669 5855 et
694 5775 1216 5855 Igilluitilabllnllir;_
1243 5779 1326 5855 “(_l)
1356 5781 1530 5855 Buper
1561 5775 1702 5855 cas):
1738 5775 1857 5849 '(m)'
1878 5783 1945 5835 Α.

2075 5782 2278 5855 sterile.
2302 5777 2384 5844 8.,
2405 5780 2458 5832 in
2482 5779 2743 5855 exitium;
2796 5777 2873 5855 (It)
2906 5775 3098 5841 Α.,8.,
3130 5776 3467 5855 principibus
3497 5778 3635 5855 ejus.

383 5847 568 5917 ta)A.,
597 5847 686 5915 8.,
709 5845 969 5907 Felcstin.
1004 5848 1132 5915 [ιω.
1159 5845 1475 5909 Ριιίιίδιὶιιιζῖ
1507 5847 1583 5914 tr)
1602 5845 1837 5907 Ultimus
1862 5845 2073 5907 eorum.
2116 5849 2190 5916 (ιι)
2215 5849 2679 5913 A.,exeruituum.
2702 5846 2786 5912 S.,
2806 5845 3088 5905 virtutum.
3131 5845 3201 5920 (ri
3226 5845 3319 5904 Α..
3340 5845 3422 5904 8..
3443 5845 3636 5918 rugiet.
