4134 6520
445 414 517 469 23
532 415 588 469 55

1630 415 1858 473 CODEX
1900 414 2576 473 SYRO-HEXAPLANS.

3569 425 3717 485 9.5-“

445 526 593 580 bitur
626 541 640 580 :
674 523 740 578 de
777 530 967 579 sancto
1001 537 1103 577 suo
1138 523 1289 580 dabit
1320 541 1525 593 vocem,
1564 539 1618 583 et
1643 546 1706 584 ex
1743 530 2028 584 habitaeu-
2064 534 2105 591 Α
2137 526 2211 601 (q)
2258 530 2765 601 pseudoprophetae,
2808 539 2864 591 et
2905 532 3088 589 omnis
3121 534 3377 605 populus,
3421 535 3653 596 dicendo
3697 581 3713 597 .

444 618 499 671 lo
549 625 740 672 sancto
783 617 935 671 dabit
977 632 1161 671 vocem
1201 634 1381 682 suam,
1428 622 1692 691 rugicndo
1744 624 1919 694 rugict
1962 624 2039 694 (si.

446 725 612 780 super
660 711 857 765 decore
912 724 1036 773 suo,
1082 710 1165 765 vel
1214 713 1543 768 cantilenam
1600 716 1746 770 sicut
1805 716 2032 771 verbum

447 818 608 861 suum
644 801 1032 856 vaticinabitur
1061 817 1227 871 super
1259 803 1382 858 loco
1409 818 1533 860 suo.
1565 803 1633 860 Et
1661 806 1762 870 illi,
1796 807 1940 862 sicut
1965 806 2031 877 (ι)

446 894 865 964 vindemiantes,
910 894 1321 963 respondebunt
1367 915 1380 950 :
1426 895 1603 965 Super
1643 911 1835 952 omnes
1872 897 2032 954 habiv

450 992 628 1039 tantes
659 1000 823 1053 super
856 994 1001 1040 terra
1037 986 1113 1055 (ul
1147 986 1297 1040 venit
1320 986 1542 1053 deletio,
1592 989 1680 1044 5i.
1716 1005 1881 1059 super
1904 1005 2033 1060 par-

446 1086 555 1129 tem
592 1087 750 1130 terra:
775 1092 790 1140 ;
819 1076 948 1146 quia
973 1075 1240 1147 judicium
1271 1076 1502 1133 Domino
1534 1079 1590 1134 in
1621 1083 1875 1151 gentibus
1905 1084 2030 1153 :ju-

446 1169 646 1223 «licium
675 1177 891 1223 exercet
915 1166 1030 1237 ipse
1064 1168 1328 1226 adversus
1366 1186 1583 1226 omnem
1617 1189 1835 1229 carnem
1872 1193 1887 1230 :
1931 1176 2032 1230 im-

446 1261 519 1331 pii
550 1272 730 1317 autem
763 1261 872 1317 dati
904 1270 1033 1316 sunt
1061 1262 1113 1317 in
1143 1262 1407 1332 gladium,
1449 1265 1582 1320 dicit
1619 1264 1906 1323 Dominus.
1938 1268 2028 1323 δὲ.

446 1356 526 1426 (ε)
562 1353 653 1408 Sic
699 1353 837 1408 dixit
870 1352 1136 1409 Dominus
1166 1358 1232 1423 )t(
1277 1353 1540 1410 virtutum
1585 1358 1608 1428 1
1650 1375 1664 1411 :
1708 1355 1848 1413 Ecce
1887 1360 2030 1415 mala

444 1446 676 1501 veniunt
699 1460 766 1500 ex
808 1453 967 1514 gente
1005 1459 1170 1516 super
1195 1454 1410 1516 gentem
1446 1465 1463 1502 :
1512 1455 1568 1502 et
1603 1447 1765 1502 turbo
1799 1464 2030 1520 magnus

447 1537 524 1606 (υ)
559 1537 833 1607 egreditur
856 1536 927 1592 ab
947 1545 1192 1592 extremo
1229 1545 1389 1593 terra:
1414 1555 1429 1594 :
1459 1539 1547 1593 55.
1574 1547 1632 1594 et
1662 1549 1824 1595 erunt
1857 1539 2028 1596 occisi

446 1645 477 1684 τι
508 1629 739 1683 Domino
763 1630 816 1683 in
845 1629 930 1683 die
957 1627 1031 1699 (ι)
1060 1627 1298 1689 Domini,
1330 1629 1407 1699 (a)
1432 1644 1464 1684 a
1495 1638 1648 1698 parte
1670 1638 1827 1686 terrae
1856 1648 2031 1702 usque

445 1720 512 1777 ad
550 1728 755 1788 partem
791 1728 949 1775 terrae
985 1735 998 1772 :
1043 1721 1110 1789 χ(
1143 1735 1250 1775 non
1280 1719 1628 1791 plangentur,
1670 1736 1848 1791 neque
1875 1723 2029 1778 colli-

446 1821 643 1880 gentur
685 1812 706 1880 1
754 1830 766 1866 :
811 1813 888 1882 (ὸ)
932 1828 1040 1868 non
1080 1813 1415 1882 sepelientur
1456 1831 1471 1868 :
1520 1812 1574 1867 in
1626 1813 1814 1868 fimum
1862 1829 2030 1885 super

2139 620 2310 676 Morte
2339 622 2593 677 morieris
2619 639 2634 689 ;
2662 623 2715 679 9.
2753 624 2880 693 quia
2910 625 3248 694 prophetasti
3289 629 3509 683 nomine
3534 628 3717 685 Domi-

2136 712 2214 777 ni,
2237 713 2426 769 dicens
2459 728 2473 765 :
2503 711 2660 768 Sicut
2687 713 2824 778 Silo,
2849 715 2955 769 erit
2978 715 3174 772 «tomus
3201 716 3336 780 haec,
3362 727 3416 773 et
3441 719 3577 775 urbs
3597 720 3715 776 haec

2137 802 2437 858 vastabitur
2473 803 2543 874 (r)
2577 804 2647 860 ab
2679 804 3096 863 habitatoribus.
3127 806 3195 861 Et
3220 820 3619 880 congregarunt
3651 827 3714 867 se

2135 893 2314 947 omnis
2352 894 2587 963 populus
2623 908 2787 963 super
2826 892 3120 950 Ieremiam
3158 897 3212 951 in
3253 898 3419 953 domo
3470 897 3709 955 Domini.

2136 983 2222 1037 10.
2255 982 2321 1037 Ει
2375 985 2668 1040 audierunt
2705 987 2978 1056 principes
3031 985 3186 1043 Iudae
3240 989 3403 1044 verba
3454 990 3591 1056 hac,
3651 998 3711 1047 et

2133 1076 2496 1131 ascenderunt
2518 1092 2584 1132 ex
2611 1078 2775 1133 domo
2793 1078 2936 1150 regis
2968 1079 3023 1133 in
3051 1080 3273 1134 domum
3304 1079 3714 1144 Domini,etse-

2132 1166 2331 1221 derunt
2361 1167 2414 1222 in
2444 1169 2714 1224 vestibulo
2756 1180 2924 1240 portae
2950 1185 3107 1226 novae
3140 1170 3377 1228 Domini.
3414 1172 3500 1226 Η.
3538 1173 3600 1227 Et
3629 1174 3713 1228 di-

2134 1268 2337 1314 xerunt
2377 1261 2710 1328 sacerdotes,
2749 1272 2801 1317 et
2833 1262 2901 1333 (ε)
2934 1263 3420 1333 pseudoprophetis
3462 1266 3528 1319 ad
3557 1266 3712 1335 prin-

2131 1353 2305 1423 cipes,
2343 1360 2398 1408 et
2442 1354 2591 1409 omni
2640 1353 2861 1424 populo,
2916 1358 2985 1425 »ζ
3017 1355 3260 1411 dicentes
3309 1358 3330 1424 1
3378 1374 3394 1422 ;
3441 1356 3710 1425 judicium

2132 1443 2325 1496 mortis
2353 1443 2558 1498 homini
2601 1442 2751 1510 huic,
2779 1444 2910 1514 quia
2952 1445 3293 1516 prepbetavit
3325 1446 3591 1502 adversus
3618 1464 3714 1502 ur-

2130 1531 2253 1587 bem
2282 1534 2443 1600 hanc,
2473 1536 2615 1591 sicut
2639 1535 2887 1593 audiistis
2927 1538 2980 1591 in
3019 1538 3243 1593 auribus
3272 1540 3488 1594 vestris.
3532 1539 3614 1592 12.
3647 1538 3715 1593 Et.

2130 1621 2269 1678 dixit
2308 1621 2543 1678 Ieremia
2585 1625 2650 1680 ad
2702 1628 2771 1693 Χ
2814 1640 3006 1683 omnes
3054 1628 3078 1697 1
3131 1628 3424 1697 principes.
3468 1638 3523 1683 et
3557 1628 3710 1683 omni

2130 1714 2354 1784 populo,
2386 1716 2574 1772 dicens
2606 1731 2619 1767 :
2660 1714 2923 1777 Dominus
2965 1717 3114 1773 misit
3152 1733 3240 1773 me
3279 1719 3346 1774 ad
3379 1720 3712 1789 prophetau-

2132 1806 2261 1860 dum
2312 1820 2479 1876 super
2518 1806 2743 1862 domum
2788 1807 2948 1873 hanc,
3007 1821 3062 1864 et
3109 1824 3275 1878 super
3319 1811 3508 1865 urbem
3564 1810 3711 1866 hanc

446 1867 587 1957 facie
613 1867 963 1958 tet-raserunt.
989 1903 1081 1959 ‘54.
1118 1867 1358 1967 lilulate,
1391 1911 1660 1973 pastores,
1689 1913 1744 1959 et
1767 1867 2022 1971 clamatte,
2063 1867 2109 1930 Β
2134 1897 2295 1953 verba
2323 1899 2509 1954 omnia
2532 1937 2549 1962 ν
2599 1914 2721 1969 quae
2745 1899 3017 1956 audiislis-
3062 1901 3151 1956 15.
3179 1899 3246 1955 Et
3279 1917 3426 1957 nunc
3455 1902 3710 1957 meliores

445 2003 501 2047 ct
539 1995 609 2063 (ε)
645 1994 905 2064 plangite,
943 1995 1144 2050 arietes
1176 1994 1397 2060 ovium;
1438 1994 1568 2063 quia
1602 1996 1852 2064 completi
1903 2004 2031 2051 sunt

447 2086 565 2141 dies
606 2086 773 2140 vestri
807 2086 873 2141 ad
904 2085 1317 2148 mactationem,
1353 2094 1408 2139 et
1438 2089 1506 2153 Χ
1537 2086 1908 2155 dispersiones
1932 2103 2025 2142 ve-

446 2191 588 2237 stras
617 2179 666 2248 1.
700 2189 753 2233 et
782 2178 1009 2243 cadetis,
1038 2177 1117 2249 (ά)
1154 2187 1212 2231 ιιι
1236 2178 1436 2233 arietes
1469 2178 1625 2232 eiecti
1658 2195 1671 2231 :
1707 2178 1796 2233 55.
1827 2187 1879 2233 et
1907 2195 2029 2247 per-

447 2272 549 2326 ibit
608 2270 732 2339 fuga
786 2286 815 2325 a
867 2270 1203 2343 pastoribus,
1254 2280 1310 2325 et
1351 2270 1503 2325 salus
1550 2269 1618 2341 (ε)
1667 2269 1738 2325 ab
1769 2270 2031 2325 arietibus

446 2358 646 2428 gregis.
678 2358 769 2413 56.
802 2356 916 2415 Vox
962 2358 1220 2412 clamoris
1258 2368 1569 2427 pastorum,
1602 2369 1655 2413 et
1685 2359 1926 2415 ululatus
1968 2375 2032 2411 a-

449 2451 640 2504 rietum
674 2450 874 2520 gregis,
907 2450 1037 2521 quia
1064 2450 1262 2507 delevit
1291 2450 1555 2507 Dominus
1591 2451 1657 2522 (f)
1689 2465 1892 2522 pascua
1938 2467 2033 2507 eo-

450 2554 570 2594 rum
608 2540 669 2608 1,
699 2538 788 2596 57.
821 2546 877 2594 et
913 2540 1206 2595 cessabunt
1243 2539 1318 2610 (g)
1355 2540 1579 2609 pulchra
1615 2540 1766 2610 pacis
1798 2541 1868 2596 ab
1903 2549 2031 2598 ante

446 2630 640 2687 faciem
682 2630 776 2689 ira:
803 2630 1009 2687 furoris
1037 2630 1275 2687 Domini.
1304 2632 1391 2687 58.
1439 2630 1679 2701 Reliquit
1702 2632 1804 2705 (Ιι),
1841 2641 1899 2686 ιιι
1922 2632 2028 2699 leo,

445 2724 810 2779 diversorium
839 2739 1034 2791 suum;
1082 2724 1211 2795 quia
1255 2723 1396 2778 facta
1427 2733 1513 2780 est
1551 2731 1694 2778 terra
1739 2739 1927 2780 eorunt
1969 2724 2030 2796 (ὅ)

448 2818 503 2870 in
531 2832 638 2870 non
679 2818 946 2885 pervium,
983 2817 1052 2872 ab
1098 2826 1224 2873 ante
1261 2814 1454 2873 faciem
1487 2819 1555 2884 Ἀ(
1597 2815 1669 2887 (k)
1708 2816 1875 2889 gladii
1916 2831 2029 2871 ma-

446 2908 537 2978 gni
578 2910 627 2977 1,
663 2916 719 2962 et
747 2909 817 2963 ab
845 2919 969 2963 ante
1001 2908 1193 2965 faciem
1224 2909 1319 2963 irae
1349 2906 1552 2963 furoris
1578 2907 1721 2977 ejus.

517 3001 653 3071 Cap.
684 3000 874 3056 XXVI.
908 3032 979 3047 --
1000 3001 1051 3056 l.
1105 3002 1160 3056 In
1210 2999 1478 3071 principio
1530 3000 1673 3069 regis
1699 2999 1909 3057 Ioacim
1937 2999 2031 3055 lilii

446 3092 613 3149 Iasiae
642 3098 785 3165 regis
811 3093 966 3149 Iudae
990 3093 1194 3149 factum
1225 3102 1311 3148 est
1342 3092 1565 3151 verbum
1594 3092 1698 3146 hoc
1722 3108 1753 3147 a
1777 3091 2031 3156 Domino,

2132 1990 2294 2047 facite
2326 1990 2444 2045 vias
2468 1999 2701 2056 vestras,
2727 2002 2781 2047 et
2809 2005 2976 2061 opera
3002 2001 3205 2058 vestra,
3232 2002 3286 2047 et
3310 1993 3495 2048 audite
3518 2009 3709 2049 vocem

2131 2082 2346 2138 Domini
2382 2082 2476 2137 Dei
2511 2085 2700 2150 vestri,
2735 2083 2804 2154 (ι)
2839 2092 2894 2138 et
2924 2085 3165 2140 cessabit
3198 2085 3461 2140 Dominus
3485 2100 3517 2139 a
3553 2086 3713 2142 malis

2130 2189 2251 2244 quae
2275 2173 2493 2231 locutus
2514 2182 2601 2230 est
2638 2188 2804 2243 super
2837 2188 2955 2229 vos.
3003 2173 3088 2231 H.
3135 2172 3202 2227 Et
3227 2188 3328 2243 ego
3352 2188 3482 2228 ecce
3510 2173 3566 2227 in
3596 2188 3715 2227 ma-

2131 2265 2293 2320 nibus
2320 2264 2518 2321 vestris
2552 2281 2566 2318 :
2597 2263 2762 2321 facite
2795 2264 3047 2332 mihi,(u)
3079 2264 3221 2319 sicut
3247 2265 3490 2335 expedit,
3522 2273 3579 2319 et
3606 2264 3715 2320 sic-

2132 2370 2193 2414 ut
2221 2359 2418 2414 melius
2475 2357 2657 2415 vobis.
2689 2357 2776 2411 15.
2807 2356 2912 2412 Sed
2934 2358 3317 2427 cognoscendo
3345 2358 3715 2429 cognoscetis,

2132 2450 2276 2521 quod
2305 2451 2349 2505 si
2389 2448 2700 2506 occideritis
2743 2464 2849 2512 me,
2885 2449 3207 2520 sanguinem
3242 2449 3323 2520 (ω)
3366 2449 3712 2505 innocentem

2133 2556 2231 2597 vos
2258 2542 2401 2597 datis
2432 2556 2599 2611 super
2624 2557 2742 2606 vos,
2781 2551 2836 2596 et
2868 2555 3034 2611 super
3061 2541 3247 2595 urbem
3277 2541 3440 2604 banc,
3469 2550 3524 2597 et
3547 2555 3713 2610 super

2133 2633 2440 2689 habitantes
2481 2633 2536 2688 in
2579 2648 2644 2687 ea
2688 2650 2702 2687 :
2747 2632 2875 2702 quia
2914 2633 2970 2687 in
3020 2632 3250 2687 veritate
3292 2632 3440 2686 misit
3473 2647 3560 2687 me
3604 2631 3717 2686 Do-

2133 2724 2318 2781 minus
2346 2724 2413 2780 ad
2440 2741 2556 2789 vos,
2596 2726 2663 2781 ad
2695 2724 3029 2795 loquendum
3060 2725 3114 2778 in
3158 2738 3321 2779 aures
3346 2733 3553 2779 vestras
3593 2739 3715 2776 om-

2132 2816 2221 2873 nia
2259 2816 2423 2871 verba
2451 2817 2588 2873 haec.
2624 2818 2710 2872 16.
2748 2818 2812 2872 Et
2840 2816 3098 2872 dixerunt
3129 2815 3424 2886 principes,
3450 2822 3506 2869 et
3530 2816 3719 2871 omnis

2133 2908 2369 2980 populus
2423 2909 2492 2965 ad
2545 2907 2878 2972 sacerdotes,
2933 2915 2989 2962 et
3042 2907 3109 2962 ad
3169 2907 3666 2977 pscudoprophclas
3696 2923 3715 2961 :

2132 2998 2251 3059 Non
2284 3009 2372 3056 est
2401 2999 2611 3055 homini
2645 2998 2776 3055 huic
2804 2998 3070 3069 judicium
3115 2997 3310 3054 mortis
3331 3040 3347 3064 ,
3390 3000 3518 3067 quia
3550 3013 3719 3068 super

2134 3093 2356 3149 nomine
2402 3091 2617 3147 Domini
2665 3090 2760 3147 Dei
2794 3093 2965 3149 nostri
2999 3091 3214 3146 loeutus
3243 3100 3328 3146 est
3359 3091 3426 3145 ad
3458 3106 3560 3146 nos
3624 3090 3714 3144 l7.

449 3186 517 3250 χ(
549 3183 739 3241 «licens
770 3187 791 3252 1
837 3199 854 3238 :
886 3184 941 3238 2.
980 3183 1071 3240 Sic
1112 3184 1252 3255 dixit
1299 3182 1568 3241 Dominus
1595 3201 1609 3239 :
1648 3182 1738 3238 Sta
1789 3183 1842 3237 in
1891 3183 2032 3239 atrio
2061 3198 2107 3258 ο
2136 3184 2203 3239 Et
2227 3193 2583 3240 surrexerunt
2606 3183 2706 3238 viri
2732 3184 2810 3254 (υ)
2830 3196 2897 3239 ex
2929 3181 3259 3253 presbyteris
3288 3190 3466 3245 terrae,
3495 3192 3547 3237 et
3569 3183 3720 3237 dixe.-

450 3277 647 3330 domus
688 3275 925 3339 Domini,
961 3275 1022 3349 (ι)
1048 3282 1104 3330 et
1132 3275 1399 3335 revelabis
1431 3276 1578 3333 omni
1608 3274 1783 3336 Iudae,
1814 3275 2033 3329 venien-

452 3366 598 3421 tibus
627 3369 692 3421 ait
725 3368 1065 3423 adorandum
1100 3369 1153 3422 in
1179 3367 1344 3423 domo
1376 3366 1613 3424 Domini.
1640 3366 1822 3420 omnia
1846 3365 2031 3427 verba.

453 3471 578 3524 quae
624 3459 854 3529 praecepi
891 3459 985 3514 tibi
1027 3459 1122 3531 (ut)
1171 3459 1415 3514 revelare
1455 3459 1536 3514 eis
1575 3475 1589 3512 :
1642 3472 1713 3513 ne
1755 3457 2034 3513 diminuas

452 3549 704 3604 verbum.
740 3550 792 3605 5.
831 3549 1087 3606 Fortasse
1114 3551 1359 3618 audient,
1399 3558 1453 3606 et
1485 3556 1829 3606 revertentur
1864 3562 2036 3605 unus—

453 3642 690 3712 quisque
721 3660 750 3698 a
784 3644 872 3698 via
906 3643 1047 3697 mala
1082 3662 1096 3699 :
1149 3642 1227 3712 (η)
1268 3649 1323 3698 et
1363 3642 1591 3699 cessabo
1622 3656 1654 3696 a
1697 3640 1874 3705 malis,
1913 3653 2038 3709 quae

454 3749 557 3804 rgo
578 3736 760 3804 cogito
784 3734 963 3793 facere
995 3734 1077 3791 eis
1104 3744 1325 3805 propter
1358 3733 1540 3791 studia
1571 3733 1711 3789 mala
1738 3746 1951 3791 eorum.
1978 3731 2034 3787 4.

456 3825 523 3878 Et
551 3828 700 3882 dices
728 3829 795 3895 ῖς(
840 3828 907 3883 ad
937 3842 1034 3884 eos
1066 3828 1088 3896 1
1124 3843 1137 3880 :
1182 3825 1276 3883 Sic
1311 3826 1452 3880 dixit
1481 3824 1746 3883 Dominus
1782 3820 1883 3878 :Si
1926 3837 2035 3877 non

455 3919 747 3974 audieritis
798 3935 906 3984 me,
941 3919 1010 3973 ad
1050 3916 1444 3972 ambulandum
1504 3916 1559 3975 in
1613 3914 1825 3983 legibus
1876 3912 2039 3977 meis,

457 4026 598 4077 quas
638 4010 761 4065 dedi
798 4021 925 4064 ante
962 4008 1155 4064 faciem
1200 4017 1462 4073 vestram,
1507 4007 1562 4062 ὅ.
1597 4006 1665 4061 ad
1708 4004 2038 4060 audiendum

457 4102 625 4157 verba
674 4116 958 4158 servorum
1003 4116 1247 4156 meorum
1294 4100 1702 4170 prophetarum,
1749 4113 1889 4168 quos
1939 4112 2041 4166 ego

458 4194 617 4248 mitto
655 4193 724 4247 ad
757 4208 857 4247 vos
888 4191 964 4265 (0)
998 4194 1051 4247 in
1088 4190 1359 4247 matutino
1382 4227 1397 4252 ,
1432 4196 1488 4245 et
1524 4188 1668 4254 misi,
1707 4197 1763 4242 et
1800 4202 1906 4243 non
1943 4202 2041 4241 au-

455 4285 666 4351 diistis;
697 4283 750 4339 6.
785 4294 842 4341 et
884 4285 1025 4340 dabo
1057 4285 1280 4341 domum
1314 4282 1454 4339 hanc
1483 4289 1545 4338 ut
1573 4279 1717 4347 Silo;
1755 4288 1810 4334 et
1853 4283 2040 4339 urbem

457 4377 600 4433 bane
619 4377 761 4433 dabo
784 4376 836 4432 in
855 4377 1294 4432 maledictionem'
1316 4372 1573 4433 omnibus
1588 4371 1845 4443 gentibus
1861 4381 2038 4429 term.

459 4466 512 4523 7.
541 4466 606 4523 Et
643 4467 936 4525 audierunt
968 4466 1303 4530 sacerdotes,
1344 4473 1399 4519 et
1427 4464 1504 4534 (p)
1532 4462 2037 4531 pseudOpropbetze,

2134 3285 2264 3333 runt
2288 3277 2353 3331 ad
2385 3290 2606 3330 omnem
2647 3286 2876 3330 emtum.
2902 3274 3050 3328 omni
3073 3274 3361 3333 conventni
3391 3275 3598 3345 populi,
3633 3275 3717 3329 di-

2133 3381 2323 3426 centes
2357 3387 2373 3424 :
2406 3371 2497 3425 18.
2522 3368 2702 3425 Micba
2725 3368 2800 3442 (ι)
2824 3369 3080 3425 Harasthi
3101 3381 3213 3425 erat
3238 3371 3306 3439 χ(
3330 3369 3657 3439 prophetaus
3686 3367 3713 3436 1

2134 3462 2189 3516 in
2212 3462 2405 3517 diebus
2436 3461 2677 3517 llezecize
2703 3461 2847 3531 regis
2873 3459 3050 3527 Iudae,
3077 3468 3129 3515 et
3165 3460 3304 3515 dixit
3334 3460 3483 3516 omni
3515 3458 3719 3530 populo

2132 3553 2309 3612 Iudae.
2342 3553 2530 3608 dicens
2576 3553 2598 3620 1
2644 3551 2737 3607 Sic
2778 3553 2915 3607 dixit
2949 3552 3211 3607 Dominus
3241 3554 3308 3621 Χ
3335 3550 3592 3606 virtutum
3630 3549 3652 3616 1
3698 3567 3715 3604 :

2138 3645 2269 3701 Sion
2306 3657 2366 3701 ut
2394 3661 2524 3715 ager
2550 3646 2817 3708 arabitur,
2844 3652 2900 3699 et
2921 3644 3222 3699 Jerusalem
3250 3653 3309 3697 ut
3337 3643 3413 3712 (a)
3437 3642 3717 3711 tugurium

2139 3736 2248 3790 erit
2276 3774 2294 3799 ,
2333 3744 2387 3790 et
2418 3750 2579 3792 mons
2617 3736 2812 3792 domus
2852 3750 2911 3791 σε-
2956 3736 3059 3791 erit
3100 3737 3122 3804 1
3165 3735 3248 3806 (ιι)
3290 3744 3352 3790 ιιι
3388 3735 3718 3804 plantarium

2139 3828 2307 3883 silvae.
2343 3827 2430 3883 l9.
2463 3825 2603 3882 Num
2635 3826 2933 3883 occidendo
2958 3826 3159 3883 occidit
3194 3842 3318 3882 eum
3360 3825 3587 3882 llezecia
3624 3843 3719 3882 rex

2137 3917 2312 3980 Iudae,
2347 3929 2403 3972 et
2441 3919 2622 3974 omnis
2664 3918 2846 3974 Iuda?
2883 3917 3075 3974 Nonne
3116 3918 3243 3989 quia
3280 3920 3581 3974 timuerunt
3614 3918 3723 3974 Do-

2137 4010 2371 4075 minum,
2411 4020 2464 4067 et
2503 4014 2637 4079 quia
2680 4010 2953 4079 petierunt
2993 4026 3025 4065 a
3074 4009 3212 4066 facie
3255 4010 3504 4077 Domini,
3552 4012 3720 4065 etiam

2139 4101 2373 4157 cessavit
2413 4100 2679 4158 Dominus
2716 4117 2748 4156 a
2788 4102 2971 4168 malis,
3007 4117 3133 4172 quae
3172 4102 3389 4156 locutus
3435 4112 3522 4157 est
3557 4116 3725 4171 super

2137 4192 2277 4249 eos?
2309 4191 2373 4246 Et
2410 4207 2511 4248 nos
2543 4191 2613 4262 (ο)
2656 4191 2884 4248 fecimus
2912 4193 3054 4248 mala
3082 4207 3277 4264 magna
3308 4208 3475 4262 super
3507 4196 3725 4251 animas

2138 4292 2380 4341 nostras.
2419 4282 2510 4337 20.
2549 4284 2628 4353 (ἀ)
2679 4282 2745 4339 Et
2789 4284 2956 4339 homo
2997 4293 3118 4339 erat
3170 4287 3505 4355 prophetans
3536 4286 3592 4340 in
3624 4302 3727 4341 no-

2142 4376 2290 4430 mine
2322 4374 2563 4437 Domini,
2614 4373 2739 4429 Uria
2776 4376 2920 4431 filius
2952 4374 3178 4433 Sammac
3209 4391 3273 4432 ex
3306 4376 3723 4441 Curiathiarim,

2142 4478 2194 4524 et
2222 4467 2563 4538 prophetarit
2595 4468 2663 4537 διε(
2702 4483 2867 4537 super
2893 4469 3084 4525 urbem
3116 4471 3276 4529 hanc,
3308 4479 3362 4524 et
3393 4470 3414 4535 1
3450 4485 3549 4538 pro
3580 4479 3724 4526 terra

456 4569 512 4615 et
547 4559 728 4615 omnis
762 4558 995 4629 populus
1038 4555 1328 4613 Ieremiam
1374 4555 1686 4623 loquentem
1724 4553 1891 4606 verba
1927 4551 2033 4608 lucc

2146 4560 2249 4615 hac
2274 4558 2574 4614 secundum
2615 4559 2800 4614 omnia
2830 4559 2993 4614 verba
3028 4557 3278 4615 Icremiae
3311 4574 3326 4611 :
3358 4558 3448 4615 ΩΙ.
3479 4569 3533 4615 et
3563 4563 3726 4615 audi-

456 4651 516 4707 ίιι
553 4651 719 4706 domo
759 4649 994 4704 Domini.
1039 4647 1094 4702 8.
1128 4646 1195 4702 Ει
1222 4645 1424 4701 factum
1466 4653 1572 4707 est,
1606 4658 1730 4700 cum
1770 4651 2043 4697 cessasset
2147 4650 2223 4705 vit
2253 4665 2345 4705 rex
2371 4648 2607 4716 Jnacim,
2637 4651 2704 4718 χ
2732 4659 2788 4706 et,
2809 4665 3001 4705 omnes
3028 4658 3279 4718 potentes
3301 4650 3422 4720 ejus
3450 4651 3496 4717 ς,
3529 4661 3583 4706 ει
3603 4667 3728 4706 om-

456 4740 691 4799 Ieremia
717 4743 949 4812 loquens
976 4742 1181 4807 omnia,
1206 4754 1328 4810 quae
1345 4743 1678 4810 praeceperat
1698 4736 1746 4791 ei
1777 4733 2040 4789 Dominus

456 4833 608 4905 loqui
640 4834 792 4889 omni
825 4832 1047 4903 populo,
1080 4841 1136 4886 et
1175 4836 1437 4901 ceperunt
1461 4842 1587 4884 eum
1617 4825 1955 4890 sacerdotes,
1987 4834 2041 4880 et

2147 4755 2245 4795 nes
2275 4739 2550 4809 principes
2584 4753 2645 4794 -ι-
2677 4740 2861 4795 cumis
2896 4740 2918 4809 1
2953 4739 3118 4794 verba
3148 4738 3290 4808 ejus,
3331 4750 3385 4794 et
3410 4741 3730 4810 quaerebant

2145 4831 2396 4886 occidere
2419 4846 2567 4884 eum.
2603 4832 2666 4887 Et
2694 4831 2901 4889 audivit
2933 4828 3094 4897 Uria,
3137 4833 3203 4899 ῖς(
3232 4840 3288 4888 et
3319 4832 3521 4896 timuit,
3547 4842 3600 4887 et
3638 4832 3731 4888 fu-

565 5042 634 5111 (s)
668 5040 751 5107 8.,
777 5053 943 5111 super
978 5037 1284 5118 placatione
1310 5035 1453 5118 ejus.
1537 5035 1602 5118 (r)
1636 5038 1726 5099 Α.,
1756 5034 2113 5118 caleantium,
2143 5034 2491 5118 respondebit
2521 5036 2589 5091 ad
2619 5051 2811 5092 omnes
2842 5036 3175 5118 habitatores
3207 5043 3381 5118 terrae.
3429 5031 3512 5118 8.,
3534 5042 3733 5118 torcu-

455 5102 747 5176 lariorum,
768 5102 1137 5181 respondebit.
1212 5108 1289 5178 (ιι)
1440 5102 1592 5181 venit
1618 5121 1793 5181 usque
1820 5109 1886 5161 ad
1918 5107 2079 5162 linem
2102 5102 2277 5181 terrae;
2307 5106 2839 5181 S._,_tempus_usqu_e
2862 5107 2928 5160 ad
2948 5117 3189 5163 extrema
3217 5115 3395 5181 terrae.
3466 5102 3728 5181 _(a:)_ll:ec.

459 5188 535 5255 (y)
568 5183 660 5248 A.,
708 5174 751 5236 Τ
752 5174 1280 5255 Ιι..ηέυεείαιι)ξῑιιιίε’
1324 5175 1397 5248 (z)
1433 5175 1658 5255 Reliqui,
1699 5191 1820 5255 Ipso
1863 5184 2039 5255 terra}.
2117 5177 2194 5248 (a)
2236 5175 2318 5255 8.,
2354 5176 2477 5255 ᾜιη
2512 5174 2552 5229 μ’
2584 5174 2850 5255 principio
2882 5186 3037 5255 terra:
3089 5174 3365 5255 usquead
3397 5174 3728 5255 principium

458 5243 657 5325 iam;
715 5255 788 5323 (ὑ)
820 5249 904 5315 8.,
942 5243 1342 5325 non‘plaudcpt'
1361 5243 1524 5315 super
1556 5243 1656 5301 eis.
1835 5247 1929 5325 Α,
1969 5245 2027 5301 8.

2123 5243 2441 5325 nostringitta
2475 5243 2596 5325 vos:
2669 5243 2870 5325 (d)'A_.,
2912 5243 3442 5325 utvas'evpetitum.
3521 5243 3728 5325 (ej‘dq

456 5324 615 5377 valde
639 5317 973 5390 inagitatum.
1052 5317 1119 5390 (Ῑ)
1146 5320 1237 5383 Α.,
1256 5317 1339 5379 8.,
1365 5333 1649 5390 pascuum.

460 5392 545 5456 8.,
583 5393 636 5446 in
672 5388 922 5446 exiliunt.
998 5388 1189 5460 (Ir)’.l.,
1225 5390 1320 5460 ira;
1353 5388 1630 5460 solitariae.

460 5468 557 5531 (ml
598 5463 685 5525 A.,
715 5463 777 5517 ad
804 5457 1158 5531 loquendum.
1236 5457 1429 5531 (μή-Α.,
1458 5468 1511 5512 et
1560 5459 1929 5531 acquiescam.

461 5533 536 5606 (q)
586 5539 676 5595 Α.,
729 5533 810 5596 8.,
854 5534 1150 5602 prophetae.
1206 5533 1275 5598 (r)
1306 5533 1387 5593 8.,
1430 5543 1494 5581 eo
1522 5543 1640 5598 quo.

458 5605 758 5674 prophetm.
834 5603 896 5673 (ι)
930 5604 1018 5665 Α.,
1052 5598 1136 5663 8.,
1176 5609 1245 5674 et
1267 5598 1640 5674 conquiescet.

460 5669 654 5728 chrum
705 5683 758 5727 ct
794 5669 1103 5737 ut'videtur
1127 5670 1278 5724 vobis
1326 5669 1556 5737 justum.

1642 5666 1830 5749 (:17).S.,
1861 5668 2307 5749 non‘cu‘lpatum.
2387 5672 2463 5749 (ῃ)
2492 5675 2699 5749 Α.,ηεκ
2741 5666 3049 5749 senioribus
3081 5676 3268 5749 (terge.

1730 5312 1804 5387 (9)
1828 5315 1909 5380 8.,
1940 5333 2069 5370 arva
2100 5312 2358 5385 paciﬁca."
2378 5318 2469 5383 Α.,
2491 5312 2685 5372 decora
2712 5312 2883 5387 pacis.
2961 5315 3039 5385 (h)
3064 5312 3474 5387 Unusquisque.
3532 5312 3730 5387 (0.11.,

1730 5313 1751 5385 (⁷
1788 5313 1909 5384 )8.,
1940 5333 2069 5370 arva
2100 5313 2357 5385 pacilica.
2378 5318 2469 5383 Α.,
2491 5313 2685 5372 decora
2712 5313 2883 5387 pacis.
2961 5315 3039 5385 (h)
3064 5314 3474 5385 Unusquisque.
3573 5314 3614 5381 ἱ)
3635 5313 3729 5379 Α.,

1698 5334 1819 5452 TI?”
1852 5388 1945 5442 ira:
1975 5389 2155 5441 turba.
2234 5387 2296 5457 (I)
2329 5387 2419 5449 Α.,
2471 5400 2524 5441 et
2550 5388 2788 5456 loqueris
2813 5400 2978 5456 super
3014 5384 3269 5443 omnibus
3302 5384 3528 5439 urbibus
3551 5313 3729 5437 ﬁndat.

1704 5459 1929 5508 iescam.
2008 5458 2079 5508 (oi
2115 5456 2197 5508 S..
2229 5473 2352 5508 cum
2408 5467 2688 5508 anteverto
2724 5466 2779 5508 et
2811 5457 2985 5508 mitto.
3062 5455 3137 5508 (vl
3170 5457 3260 5508 Α..
3312 5451 3394 5508 8..
3431 5452 3729 5508 υτονιιιυιειξ.

729 5463 777 5517 Id
804 5455 1158 5531 loquendum.
1236 5459 1312 5528 (η)
1342 5457 1429 5522 Α.,
1458 5468 1511 5512 et
1560 5459 1929 5527 acquiescam.
2008 5458 2033 5524 (ι

729 5532 810 5596 8.,
854 5534 1150 5602 prophetae.
1206 5529 1275 5598 (r)
1306 5528 1387 5593 8.,
1430 5543 1494 5602 eo
1522 5530 1666 5598 quod
1716 5542 1822 5602 non
1846 5530 1973 5602 Asint
2020 5533 2031 5580 I

2123 5456 2197 5520 8.,
2229 5455 2352 5511 eum
2408 5455 2688 5512 antevcrto
2724 5466 2779 5511 et
2811 5457 2985 5511 mitto.
3062 5455 3137 5525 (p)
3170 5457 3260 5519 Α.,
3312 5455 3394 5519 8.,
3431 5455 3731 5522 ρνοηῇυιειξ.

2127 5530 2322 5581 itantcs
2357 5545 2371 5580 :
2426 5537 2477 5580 et
2521 5527 2757 5598 aggressi
2788 5535 2911 5602 sunt
2949 5526 3338 5602 congregatim.
3375 5526 3488 5602 "(a)
3520 5523 3610 5586 Α.,
3645 5520 3732 5602 S_.,

1725 5599 1802 5665 (ιι)
1829 5598 1918 5661 Α.,
1964 5607 2024 5651 ιιι
2068 5599 2290 5660 bonum,
2326 5608 2378 5651 et
2429 5609 2488 5650 ut
2529 5592 2732 5652 rectum
2788 5597 2840 5650 in
2884 5592 3307 5650 oculis'vestris.
3360 5592 3450 5665 8.,
3487 5602 3555 5665 Aut
3598 5592 3733 5665 pul-

3348 5663 3419 5731 (ι)
3462 5663 3551 5724 Α.,
3588 5662 3739 5731 illius

466 5740 716 5812 Morathi.
793 5732 871 5812 (a)
904 5743 994 5804 Α.,
1031 5755 1295 5796 acervus:
1326 5728 1393 5794 ἰιι
1438 5754 1543 5794 non
1582 5728 1849 5810 pervium.
1929 5738 2001 5809 (ὁ)

2123 5781 2127 5797 .
2177 5739 2232 5792 in
2289 5728 2525 5795 tumulos
2574 5728 2741 5794 Silvcc.
2820 5737 2888 5807 te)
2947 5737 3037 5799 Α.,
3075 5734 3157 5801 8.,
3188 5728 3437 5790 facimus.
3515 5732 3595 5802 (ά)
3628 5728 3736 5787 Sed

473 5818 523 5861 ct
556 5812 657 5877 vir,
692 5811 875 5866 homo.
