4134 6436
450 348 582 407 2351

1617 343 1847 399 CODEX
1886 340 2556 400 SYRO-llEXAPLARIS.

3560 338 3706 400 2352

452 468 591 534 Quia
622 465 888 520 adducam
923 461 998 532 (u)
1025 461 1367 517 sanationem
1400 467 1548 514 tuam
1588 477 1603 513 :
1635 475 1665 513 a
1695 459 1847 527 plaga
1877 459 2029 513 dolo-
2057 463 2103 518 Α
2130 458 2378 517 claudus,
2399 455 2644 526 gravida,
2675 462 2731 509 et
2753 452 2973 524 pariens
3004 451 3199 509 simul:
3227 461 3403 511 eteius
3420 459 3707 526 magnus1,

451 575 579 614 rosa
605 558 814 613 sauaho
852 566 925 618 te,
955 555 1089 609 dicit
1130 552 1427 615 Dominus;
1481 552 1553 621 (b)
1611 551 1739 620 quia
1782 551 2027 619 dispersa

448 660 642 704 vocata
667 663 749 703 es.
798 651 864 714 Ἀ(
908 646 1041 701 Sion
1077 646 1191 700 haec
1225 645 1247 713 1
1288 658 1347 698 οξ-
1384 643 1600 697 venatio
1633 652 1814 696 vestra
1851 652 1938 695 est
1966 641 2024 708 1;

448 742 579 811 quia
614 742 710 811 qui
744 750 955 810 quaerat
983 753 1125 804 eam,
1162 753 1271 790 non
1295 744 1400 792 cst.
1435 735 1521 790 18.
1555 735 1625 805 (c)
1650 734 1741 790 Sic
1761 733 1899 788 dixit
1922 734 2028 787 Do.

450 834 636 887 minus
672 849 690 887 :
722 831 861 886 Ecce
883 845 983 898 ego
1006 829 1259 884 reducam
1282 826 1734 897 demigrationem
1756 827 1823 893 χ(
1850 832 2028 879 tento-

450 925 659 977 riorum
687 922 710 990 1
747 921 958 986 Jacobi,
985 930 1040 974 et
1081 918 1158 989 id)
1187 918 1519 987 captivitatis
1550 917 1672 986 ejus
1700 915 2021 970 miserebor.

449 1014 518 1068 Et
557 1012 914 1067 :edilicabitur
965 1011 1096 1064 urbs
1146 1023 1312 1078 super
1359 1008 1703 1064 altitudinem
1747 1006 1868 1074 ejus
1912 1022 1925 1059 :
1972 1015 2027 1060 ct

447 1102 708 1170 templum
742 1102 898 1169 juxta
926 1099 1193 1169 judicium
1218 1114 1379 1153 suum
1407 1099 1635 1154 sedebit.
1669 1097 1757 1152 19.
1790 1096 1855 1151 Et
1871 1111 2026 1167 egre-

447 1194 666 1247 dicatur
703 1193 773 1261 (ε)
807 1207 874 1246 ex
914 1192 996 1246 eis
1036 1189 1399 1253 celebrantes,
1432 1199 1485 1245 ct
1530 1205 1634 1244 vox
1670 1189 1970 1243 ludentium
2005 1204 2021 1243 :

447 1295 502 1339 et
528 1284 907 1353 multiplicabo
930 1299 1045 1345 eos,
1073 1291 1129 1336 et
1149 1298 1257 1337 non
1288 1283 1626 1344 minuentur,
1662 1283 1731 1349 Χ
1760 1289 1815 1334 et
1850 1279 2025 1335 cﬂun-

446 1373 571 1425 dam
611 1386 728 1434 eos,
768 1382 823 1426 et
855 1386 964 1425 non
1017 1370 1174 1440 pauci
1214 1369 1508 1426 reddentur
1548 1369 1594 1438 1.
1622 1368 1713 1422 20.
1746 1367 1811 1423 Ει
1844 1367 2024 1437 ingre-

447 1464 667 1517 dientur
708 1462 798 1516 lilii
846 1476 1060 1525 eorum,
1112 1470 1170 1514 ut
1220 1469 1379 1516 antea
1427 1479 1440 1514 :
1489 1460 1560 1531 (Γ)
1604 1469 1659 1515 et
1709 1458 2025 1514 testimonia

446 1569 639 1606 eorum
669 1563 794 1608 ante
825 1553 1017 1607 faciem
1052 1568 1227 1606 meam
1274 1551 1579 1622 dirigentur
1625 1570 1637 1605 :
1682 1559 1738 1605 et
1789 1550 2026 1605 visitabo

448 1646 516 1712 Χ
547 1659 711 1712 super
749 1658 940 1698 omnes
989 1642 1046 1711 1,
1096 1642 1190 1711 qui
1241 1641 1486 1711 atlligunt
1525 1657 1621 1696 eos
1655 1659 1668 1694 :
1715 1639 1806 1694 21.
1860 1640 1935 1711 (g)
1971 1652 2026 1695 et

444 1744 607 1791 erunt
634 1734 967 1803 potentiores
997 1748 1062 1786 eo
1088 1747 1251 1803 super
1274 1747 1370 1788 eos
1400 1750 1414 1786 :
1441 1740 1497 1787 et
1525 1733 1778 1801 princeps
1808 1732 1927 1802 ejus
1957 1748 2020 1786 ex

2134 557 2190 603 et
2217 555 2556 602 revertentur
2588 545 2716 601 huc.
2760 545 2811 599 9.
2860 542 2916 596 In
2951 543 3077 597 ﬂetu
3108 544 3378 609 exierunt,
3403 553 3458 598 et
3495 545 3549 599 itt
3577 562 3709 600 eou-

2133 637 2403 693 solatione
2432 636 2697 690 adducam
2718 650 2812 690 eos
2829 633 2905 706 (ῃ)
2937 634 3269 690 confirmans
3292 637 3353 705 (‘)
3378 651 3541 706 super
3560 637 3709 693 rivos

2136 741 2402 795 aquarum
2435 725 2490 779 in
2514 724 2603 778 via
2635 732 2803 788 recta,
2832 733 2888 778 et
2936 740 3045 778 non
3075 726 3338 780 errahunt
3365 725 3420 779 itt
3454 740 3541 781 ea.
3564 724 3708 793 Quia

2135 816 2311 872 factus
2340 831 2461 871 sum
2495 814 2677 869 Israeli
2710 816 2761 868 in
2797 822 3004 883 patrem
3038 823 3132 869 :et
3166 815 3413 887 Ephrtem
3438 817 3710 888 primoge-

2134 906 2283 963 nitus
2304 921 2458 962 meus
2493 916 2595 961 est.
2634 905 2714 960 10.
2743 905 2940 960 Audite
2961 907 3186 962 verbum
3231 906 3469 974 Domini,
3496 918 3708 980 gentes,

2131 1006 2185 1052 et
2228 997 2547 1051 aunnntiate
2596 996 2650 1050 in
2698 996 2908 1052 insulas
2944 997 3301 1068 longinquas,
3354 998 3564 1054 dicite:
3604 999 3716 1066 Qui

2131 1090 2415 1145 ventitavit
2453 1087 2731 1153 lsraelem,
2777 1088 3130 1159 congregabit
3167 1104 3317 1153 eum,
3358 1098 3413 1143 et
3437 1089 3714 1144 custodiet

2131 1196 2279 1241 eum,
2311 1179 2480 1248 utqui
2508 1178 2681 1248 pascit
2706 1193 2920 1249 gregem
2958 1193 3142 1232 suum.
3176 1177 3263 1231 11.
3312 1176 3451 1245 Quia
3485 1177 3719 1234 redemit

2134 1270 2397 1325 Dominus
2428 1266 2716 1330 Iacobum,
2750 1269 2822 1337 (ι)
2855 1267 3106 1322 liberavit
3127 1282 3250 1321 eum
3275 1282 3306 1321 c
3330 1282 3497 1321 manu
3519 1267 3715 1322 durio-

2133 1364 2210 1418 ris
2239 1379 2304 1417 eo
2333 1380 2345 1415 :
2378 1362 2460 1416 l2.
2488 1369 2542 1422 et
2573 1360 2810 1424 venient,
2834 1369 2888 1414 et
2917 1358 3267 1421 laetabuntur,
3293 1360 3360 1425 )t(
3390 1366 3444 1412 et
3469 1359 3709 1414 exsulta-

2132 1457 2267 1511 bunt
2297 1456 2316 1524 1
2350 1455 2424 1524 (α)
2458 1455 2511 1508 in
2543 1462 2727 1507 monte
2755 1452 2936 1506 Sionis
2981 1468 2994 1505 :
3032 1460 3087 1506 ct
3118 1453 3337 1507 venient
3380 1467 3544 1522 super
3572 1454 3713 1509 bona

2132 1547 2369 1612 Domini,
2432 1562 2596 1616 super
2645 1556 2843 1601 terram
2883 1542 3172 1609 frumenti,
3224 1555 3278 1599 ct
3329 1543 3485 1608 vini,
3540 1543 3614 1613 (b)
3658 1552 3716 1599 et

2132 1640 2392 1701 fructum,
2443 1648 2498 1694 ct
2554 1638 2952 1708 jumentorum,
3017 1646 3072 1691 et
3115 1636 3324 1701 ovium,
3379 1646 3434 1693 et
3487 1636 3650 1689 boum
3693 1652 3710 1691 :

2130 1743 2184 1789 et
2234 1734 2338 1788 erit
2392 1732 2576 1786 anima
2638 1745 2853 1796 eorum,
2896 1730 2968 1799 (ε)
3026 1738 3086 1784 ut
3143 1729 3371 1799 lignum,
3416 1727 3562 1798 quod
3618 1727 3715 1782 dat

444 1840 513 1879 co
548 1824 876 1893 egredietur.
911 1822 987 1893 (It)
1041 1821 1108 1876 Et
1152 1822 1499 1892 eongregabo
1531 1836 1649 1886 eos,
1695 1830 1751 1876 ct
1794 1836 1854 1878 se
1892 1836 2021 1877 con-
2058 1836 2099 1893 Β
2129 1826 2385 1881 fructus:
2433 1833 2488 1878 et
2522 1838 2631 1878 non
2682 1823 2929 1878 esurient
2965 1807 3222 1890 amplius.
3265 1821 3352 1875 l5.
3389 1818 3713 1890 Tunc'gau-

443 1924 657 1971 vertent
687 1916 754 1970 ad
787 1930 871 1969 me
906 1932 921 1968 :
955 1917 1218 1983 quoniam
1249 1914 1374 1983 quis
1405 1913 1494 1969 hic
1531 1922 1637 1977 est,
1680 1912 1775 1983 qtti
1812 1913 2026 1968 dederit

446 2019 543 2058 cor
571 2018 732 2058 suum
772 2002 834 2073 (ἱ)
878 2001 1125 2056 conwrti
1160 2001 1227 2054 ad
1267 2016 1374 2063 me,
1428 2002 1497 2067 χ
1550 1999 1684 2054 dicit
1723 1996 2027 2053 Dominus?

444 2095 536 2148 ἓξ.
572 2093 637 2149 Et
663 2093 820 2148 eritis
852 2091 988 2147 mihi
1032 2091 1084 2146 in
1116 2092 1404 2161 pupulum,
1440 2100 1494 2145 et
1521 2106 1624 2160 ego
1657 2105 1753 2145 ero
1782 2090 1942 2146 vobis
1969 2090 2024 2145 itt

446 2185 616 2240 Deum
646 2185 692 2252 1.
718 2185 813 2239 25.
848 2182 921 2254 (Ιε)
953 2183 1094 2249 Quia
1123 2185 1204 2237 ira
1238 2181 1455 2237 Domini
1489 2181 1786 2239 furibunda
1805 2197 2027 2252 egressa

443 2286 529 2332 est
568 2295 581 2331 :
620 2291 844 2347 egressa
890 2285 976 2331 est
1013 2276 1119 2339 ira,
1171 2290 1296 2344 quae
1351 2284 1568 2330 versata
1613 2288 1780 2343 super
1829 2272 2030 2343 impios

448 2369 646 2427 veniet.
678 2369 770 2423 ει.
804 2368 923 2423 Νοη
961 2376 1266 2423 revertetur
1301 2367 1379 2422 ira
1418 2367 1623 2422 furoris
1662 2366 1900 2431 Domini,
1930 2365 2029 2419 do.

449 2476 554 2515 nec
617 2460 804 2525 faciat,
863 2473 918 2516 et
970 2461 1148 2515 donec
1207 2459 1507 2513 constituat
1574 2456 2026 2527 praaparationem

445 2551 630 2605 cordis
652 2552 759 2606 sui.
791 2553 850 2604 In
888 2552 995 2605 tiue
1022 2550 1233 2605 dierum
1266 2549 1611 2619 cegnmcetis
1636 2564 1722 2603 ea.

517 2642 669 2697 CAP.
707 2641 1034 2696 ΧΧΧΙ.-1.
1066 2639 1121 2693 In
1155 2650 1401 2710 tempore
1437 2639 1530 2694 illo
1561 2638 1700 2693 dixit
1734 2637 2026 2701 Dominus,

443 2739 552 2792 Ero
579 2737 632 2790 in
663 2735 834 2790 Deum
870 2734 932 2804 (ι)
978 2734 1164 2803 generi
1220 2732 1458 2795 lsraelis,
1490 2740 1542 2785 et
1593 2731 1667 2784 illi
1711 2729 2027 2785 cruntmilti

447 2828 501 2881 in
526 2826 806 2896 populum.
839 2825 896 2878 2.
935 2821 1026 2879 Sic
1061 2823 1200 2876 dixit
1244 2822 1509 2876 Dominus
1545 2840 1559 2876 :
1594 2822 1779 2876 lnvoni
1810 2819 1903 2892 (ili)
1938 2836 2031 2876 ca—

446 2918 615 2972 lidum
647 2917 703 2970 in
725 2917 946 2971 deserto
986 2914 1062 2984 (tt)
1104 2930 1228 2968 cum
1267 2914 1354 2976 iis,
1397 2914 1491 2982 qui
1528 2914 1803 2983 perierunt
1829 2912 2027 2982 gladio.

446 3007 542 3071 Ite,
584 3017 638 3062 et
666 3022 733 3060 ne
755 3006 993 3076 perdatis
1033 3004 1285 3059 lsraelem
1321 3023 1335 3059 :
1380 3006 1435 3059 5.
1475 3021 1540 3059 ex
1576 3005 1879 3073 longinquo
1927 3004 2034 3058 Do.
2134 3018 2317 3071 minus
2362 3017 2409 3085 ς,

446 3102 632 3155 minus
685 3100 836 3155 visus
879 3101 1078 3167 estei.
1117 3099 1437 3160 Dilectione,
1472 3113 1595 3166 quas
1648 3098 1702 3150 in
1747 3097 2029 3158 saeculum,

2125 1917 2335 1974 debent
2365 1915 2606 1986 virgines
2633 1913 2710 1984 (d)
2735 1912 2788 1967 in
2816 1921 2963 1969 cmtu
2991 1910 3447 1976 adolescentium,
3472 1918 3527 1964 et
3554 1924 3715 1966 senes

2130 2020 2191 2063 -ι-
2223 2005 2532 2077 gaudebunt
2573 2005 2596 2073 1
2633 2021 2648 2058 :
2687 2012 2744 2059 et
2780 2012 2989 2058 vertam
3022 2001 3231 2056 luctum
3260 2015 3454 2054 eorum
3489 2000 3544 2055 in
3576 2016 3712 2070 gau-

2127 2098 2299 2162 dium,
2342 2095 2413 2168 (e)
2452 2104 2508 2151 et
2538 2095 2738 2151 faciam
2772 2109 2871 2148 eos
2911 2092 3158 2149 latantes
3202 2094 3269 2159 Χ
3310 2106 3341 2146 e
3383 2091 3719 2147 maeroribus

2127 2205 2320 2248 eorum
2352 2190 2399 2258 1.
2434 2188 2517 2243 14.
2544 2203 2604 2244 -ι-
2626 2185 2985 2257 Magniﬁcabo
3005 2184 3053 2253 1,
3077 2194 3131 2239 et
3163 2184 3446 2238 inebriabo
3472 2183 3713 2239 animam

2129 2280 2475 2338 sacerdotum
2517 2293 2577 2334 -t—
2610 2277 2846 2333 ﬁliorum
2877 2276 3007 2331 Levi
3047 2276 3096 2345 1,
3127 2278 3195 2345 χ(
3226 2275 3553 2345 pinguedine
3573 2274 3596 2343 1
3619 2292 3634 2330 :
3660 2284 3716 2331 et

2128 2372 2363 2442 populus
2412 2385 2567 2425 meus
2624 2369 2784 2423 bonis
2834 2368 2973 2423 meis
3018 2369 3447 2433 saturabuntur,
3483 2368 3552 2433 κ(
3584 2368 3720 2423 dicit

2133 2464 2394 2520 Dominus
2417 2461 2465 2531 1.
2509 2463 2597 2517 15.
2636 2459 2729 2516 Sic
2762 2461 2903 2516 dixit
2949 2460 3256 2516 Dominus:
3291 2458 3407 2514 Vox
3450 2459 3505 2515 in
3546 2458 3715 2516 ltama

2128 2558 2313 2614 audita
2335 2564 2437 2622 est,
2466 2555 2534 2626 (Γ)
2570 2554 2915 2619 lamentatio,
2948 2562 3004 2609 et
3044 2551 3206 2608 ﬂetus
3241 2570 3256 2606 :
3298 2550 3503 2609 Rachel
3523 2551 3717 2621 deplo-

2130 2664 2261 2704 rans
2305 2661 2472 2716 super
2519 2646 2647 2702 filiis
2684 2646 2800 2701 suis
2835 2661 2852 2701 ;
2904 2660 3012 2700 non
3047 2644 3222 2699 voluit
3256 2643 3331 2715 (g)
3370 2645 3718 2713 requiescere

2134 2743 2201 2807 >ε<
2233 2755 2397 2807 super
2430 2738 2560 2793 ﬁliis
2598 2737 2716 2795 suis
2752 2738 2801 2808 1,
2835 2736 2966 2807 quia
3003 2752 3110 2792 non
3154 2746 3303 2791 sunt.
3341 2735 3428 2792 16.
3462 2736 3553 2790 Sic
3577 2735 3714 2793 dixit

2131 2832 2399 2887 Dominus
2444 2848 2457 2885 :
2524 2829 2762 2885 Desistat
2790 2844 2894 2884 vox
2944 2836 3036 2884 tua
3068 2843 3099 2881 a
3135 2827 3286 2893 ﬂetu,
3321 2836 3377 2882 et
3402 2826 3546 2882 oculi
3576 2827 3652 2880 tui
3680 2841 3715 2882 a

2131 2925 2409 2991 lacrimis;
2452 2924 2583 2995 quia
2622 2931 2708 2979 cst
2744 2937 2955 2977 merces
2997 2920 3148 2990 operi
3184 2928 3302 2986 tuo,
3346 2922 3413 2987 Χ
3450 2921 3580 2975 dicit
3606 2920 3715 2974 Do-

2462 3024 2517 3071 ct
2579 3023 2924 3070 revertentur
2974 3028 3043 3069 ex
3101 3021 3243 3067 terra
3312 3011 3713 3066 inimicorum:

2137 3109 2201 3162 l7
2236 3111 2302 3177 χ(
2329 3120 2382 3164 et
2413 3109 2520 3163 erit
2544 3124 2670 3177 spes
2693 3104 3027 3163 extremitati
3059 3113 3183 3169 tuae,
3211 3104 3343 3159 dicit
3368 3102 3634 3157 Dominus
3662 3102 3715 3169 1,

443 3192 608 3246 dilexi
641 3200 691 3246 te
733 3208 746 3245 :
790 3199 1011 3261 propter
1045 3191 1148 3246 hoc
1187 3189 1325 3244 traxi
1376 3197 1429 3244 te
1477 3191 1542 3244 ad
1592 3188 2023 3244 misericordiam

2130 3199 2206 3271 (It)
2266 3176 2643 3270 permanentia
2706 3198 2828 3254 ﬁliis
2886 3198 2997 3252 tuis
3054 3198 3110 3251 in
3166 3195 3428 3251 terminos
3492 3208 3712 3249 eorum.

445 3284 873 3355 adipiscendam.
932 3285 988 3338 ι.
1050 3282 1356 3339 .‘Editicabo
1413 3290 1483 3344 te,
1544 3290 1599 3337 et
1645 3279 2021 3342 anditicaberis,

444 3381 599 3447 virgo
622 3377 837 3434 Israelis
870 3397 884 3432 :
919 3377 994 3448 (ο)
1028 3379 1208 3433 adhuc
1234 3392 1485 3433 assumes
1506 3386 1821 3447 tympanum
1846 3385 2022 3440 tuum,

445 3478 500 3523 et
531 3468 831 3535 egredieris
871 3467 949 3538 (p)
979 3484 1104 3522 cum
1138 3469 1294 3523 turba
1344 3467 1668 3522 ludentium.
1709 3466 1763 3521 5.
1815 3465 2028 3523 Rursus

445 3556 718 3625 plantabis
750 3557 938 3612 vineas
970 3556 1025 3612 in
1055 3567 1239 3613 monte
1267 3554 1533 3611 Samaria:
1556 3562 1579 3610 ':
1610 3556 1849 3625 plantate
1874 3557 2031 3625 plan-

447 3649 703 3712 tationes,
731 3651 804 3719 (q)
841 3660 890 3703 et
923 3649 1139 3704 laudate
1171 3668 1186 3704 :
1238 3649 1291 3703 ϐ.
1333 3648 1461 3718 quia
1494 3657 1577 3704 est
1604 3646 1723 3705 dies
1763 3648 1835 3718 (r)
1866 3662 2028 3704 voca.

446 3740 611 3794 tionis
640 3740 980 3795 defendentis
1006 3754 1262 3796 sermone
1303 3740 1358 3794 itt
1401 3739 1683 3796 montibus
1730 3736 1981 3807 prraem
2011 3757 2025 3795 :

443 3831 674 3899 surgite,
727 3829 795 3898 (tt)
840 3838 897 3884 et
928 3829 1207 3884 ascendite
1245 3829 1299 3882 in
1350 3826 1574 3882 Sioncm
1616 3828 1683 3882 ad
1735 3825 2024 3885 Dominum

445 3917 617 3973 Deum
652 3928 919 3972 nostrum.
942 3917 996 3969 7.
1022 3920 1086 3985 (t)
1114 3915 1206 3971 Sic
1220 3916 1361 3970 dixit
1390 3915 1653 3970 Dominus
1676 3918 1745 3984 Ἀ(
1768 3914 2024 3985 Jacobo1:

445 4008 526 4081 (τι)
560 4008 863 4072 Exsultate,
893 4007 1174 4073 lanamini,
1197 4016 1253 4061 et
1280 4007 1491 4062 ltinnite
1511 4021 1676 4077 super
1705 4014 1871 4077 caput
1894 4022 2030 4074 gen-

446 4100 583 4154 titttn
620 4118 634 4154 :
668 4099 855 4155 audita
900 4098 1084 4164 facite,
1139 4111 1193 4153 et
1240 4098 1479 4161 laudate,
1528 4097 1692 4153 dicite
1729 4116 1743 4152 :
1791 4097 2030 4152 Salvavit

445 4191 712 4246 Dominus
749 4191 1005 4261 pupulum
1047 4207 1227 4254 suum,
1254 4190 1516 4260 reliquias
1545 4187 1783 4246 lsraelis.
1807 4188 1862 4243 8.
1888 4188 2030 4247 Ecce

443 4299 546 4354 ego
582 4284 796 4339 adduco
821 4299 918 4338 eos
948 4300 1013 4338 cx
1053 4283 1329 4353 aquilone,
1363 4291 1419 4338 et
1446 4282 1793 4353 congregabo
1817 4296 1915 4337 eos
1949 4281 2029 4353 (π)

444 4376 516 4429 ab
534 4368 782 4430 extremo
801 4385 957 4430 terra:
991 4375 1045 4429 itt
1081 4375 1426 4431 solemnitate
1457 4375 1755 4444 paschalis;
1788 4377 1858 4442 Χ
1885 4384 1941 4429 et
1961 4376 2029 4431 ad

445 4469 753 4524 faciendum
786 4469 927 4524 lilios
958 4471 1174 4523 turbam
1218 4470 1444 4525 multam
1480 4488 1494 4524 :
1539 4469 1595 4524 itt
1624 4471 1706 4526 cis
1732 4484 1934 4535 caecus,
1966 4479 2020 4523 et

2131 3289 2220 3349 18.
2268 3289 2556 3345 Audiendo
2607 3288 2792 3344 audivi
2844 3286 3101 3357 Ephrem
3141 3286 3202 3356 (ἑ)
3245 3294 3712 3354 conquerentem:

2130 3381 2408 3452 castigain
2433 3396 2540 3442 me,
2566 3390 2619 3435 et
2645 3381 2943 3451 castigatus
2968 3394 3090 3434 sum
3127 3397 3141 3433 :
3164 3386 3222 3434 ut
3250 3378 3452 3432 vitulus
3480 3376 3554 3447 (It)
3602 3390 3714 3431 non

2129 3470 2313 3527 didici.
2369 3468 2641 3524 Converte
2697 3484 2806 3529 me,
2860 3477 2915 3522 et
2969 3476 3283 3529 convertar,
3319 3465 3448 3535 quia
3497 3473 3554 3518 tu
3596 3463 3709 3519 Do-

2129 3564 2313 3619 minus
2343 3561 2487 3616 Deus
2515 3576 2668 3616 meus
2700 3579 2715 3615 :
2750 3560 2837 3616 19.
2874 3560 3135 3631 quoniam
3165 3558 3226 3629 (ι)
3273 3559 3339 3613 ad
3376 3558 3536 3611 tinem
3569 3571 3704 3625 cap—

2130 3655 2353 3712 tivitatis
2386 3669 2522 3708 mea:
2550 3653 2802 3721 paenituit
2834 3667 2944 3717 me,
2988 3650 3083 3721 (tu)
3119 3657 3175 3704 et
3213 3649 3279 3703 ad
3315 3650 3476 3703 tinem
3502 3661 3570 3703 ex
3598 3662 3713 3717 quo

2127 3746 2382 3816 cognovi,
2424 3743 2505 3815 (η)
2550 3743 2789 3815 ingemui
2835 3758 2945 3813 prae
2980 3743 3069 3797 die
3113 3739 3356 3809 pudoris,
3391 3747 3446 3793 et
3494 3737 3713 3794 ostendi

2132 3837 2254 3899 tibi,
2281 3836 2426 3905 quod
2460 3834 2646 3903 accepi
2673 3834 3027 3903 opprobrium
3058 3833 3129 3887 ab
3166 3830 3535 3887 adolescentia
3568 3843 3712 3884 mea.

2130 3925 2220 3979 so.
2261 3923 2330 3980 Es
2387 3924 2532 3978 ﬁlius
2573 3922 2647 3993 (0)
2689 3924 2922 3979 dilectus
2967 3922 3103 3977 mihi
3157 3920 3430 3990 Ephmm:
3476 3921 3545 3986 με
3590 3914 3712 3984 es;

2131 4013 2393 4083 parvulus
2420 4012 2717 4080 delicatus;
2751 4013 2883 4083 quia
2912 4011 2989 4082 (p)
3013 4026 3113 4080 pro
3141 4025 3207 4066 eo
3233 4008 3377 4079 quod
3404 4010 3568 4062 verba
3592 4021 3715 4062 mea

2131 4107 2186 4165 in
2213 4122 2279 4160 eo
2307 4105 2403 4176 (η),
2450 4104 2790 4161 recordando
2825 4103 3157 4160 recordabar
3186 4101 3308 4171 ejus
3339 4102 3406 4170 Χ
3438 4099 3635 4154 iterum
3659 4096 3711 4166 1:

2128 4197 2204 4267 (r)
2245 4206 2467 4267 propter
2507 4198 2611 4251 hoc
2647 4198 2717 4266 (ι)
2758 4195 3011 4251 festinavi
3043 4210 3210 4265 super
3254 4208 3341 4259 eo,
3392 4190 3713 4248 miserendo

2130 4287 2432 4343 miserebor
2462 4286 2603 4355 ejus,
2642 4286 2771 4341 dicit
2802 4285 3094 4341 Dominus.
3129 4285 3222 4340 21.
3266 4284 3552 4338 Constituc
3577 4282 3715 4352 teip-

2131 4393 2270 4440 sam,
2298 4380 2366 4447 χ(
2392 4378 2459 4451 (ι)
2493 4379 2870 4448 speculatores
2911 4377 2997 4433 fac
3026 4378 3120 4433 tibi
3161 4375 3264 4447 ipsi
3303 4375 3326 4445 1
3359 4378 3435 4445 (α)
3479 4374 3717 4446 punitio-

2129 4484 2279 4533 nem,
2305 4469 2375 4525 da
2408 4483 2502 4524 cor
2529 4478 2683 4525 tuum
2716 4468 2798 4539 (ω)
2833 4467 2890 4522 in
2929 4467 3188 4523 humeros
3219 4484 3234 4520 :
3268 4468 3345 4535 (ῃ)
3374 4466 3479 4530 ria,
3512 4464 3567 4518 itt
3604 4477 3715 4533 qua

516 4611 593 4680 ta)
617 4611 709 4683 Α.)
732 4608 815 4674 8.,
833 4611 1121 4683 sanitatem
1146 4608 1262 4665 tibi.
1320 4610 1395 4679 (b)
1419 4610 1501 4675 8.,
1520 4611 1878 4683 quiaremota
1902 4619 2091 4666 vocata
2121 4625 2202 4667 es.
2261 4608 2500 4683 (ὠμῶς.
2561 4610 2638 4683 (rt)
2665 4610 2745 4674 8.,
2764 4609 3083 4683 diversoriis
3103 4608 3223 4683 ejus
3245 4618 3471 4683 gratiam
3496 4605 3714 4683 faciant.

446 4681 516 4751 (r)
541 4683 627 4745 A.,
653 4680 740 4742 8.,
763 4695 828 4732 ex
855 4680 934 4751 eis
962 4681 1261 4751 gratiarum
1293 4683 1457 4735 actio.

446 4681 516 4751 (r)
541 4683 627 4745 A.,
653 4681 740 4742 8.,
763 4695 828 4732 ex
855 4681 934 4733 eis
962 4681 1261 4748 gratiarum
1293 4683 1457 4735 actio.
1538 4681 1605 4751 (Γ)
1636 4681 1726 4743 Α..
1764 4683 1849 4745 8.,
1877 4689 1933 4735 et
1954 4691 2151 4739 cretus.
2230 4681 2304 4752 (g)
2331 4681 2415 4744 8.,
2439 4691 2494 4737 et
2517 4681 2627 4736 erit
2650 4682 2807 4735 fortis
2832 4684 2952 4750 ejus
2979 4696 3046 4735 ex
3076 4695 3162 4734 eo.
3193 4681 3283 4743 A.,

443 4752 564 4820 ejus
600 4764 667 4821 θ)
686 4764 775 4821 eo.
825 4748 927 4821 Δ(Ιι)
957 4750 1050 4814 Α.,
1081 4749 1165 4809 8.,
1192 4760 1243 4804 et
1271 4752 1530 4805 accedere
1562 4752 1755 4805 faciam
1782 4767 1929 4813 eum,
1955 4760 2010 4806 et
2038 4752 2262 4821 accedet
2292 4753 2357 4807 ad
2389 4768 2495 4806 me.
2571 4753 2635 4821 (ἱ)
2677 4752 2765 4815 Α.,
2798 4751 3145 4821 accederead
3177 4764 3283 4802 me.

447 4819 602 4874 turbo
626 4819 861 4882 Dontini,
891 4820 993 4881 ira,
1018 4835 1139 4889 qua:
1176 4821 1504 4889 egredietur,
1534 4822 1767 4889 procella
1793 4830 2061 4875 evertens.
2096 4820 2178 4889 8.,
2199 4837 2324 4877 ecce
2348 4819 2640 4890 tempestas
2666 4822 2902 4875 Dontini.

2230 4676 2415 4752 (gis,
2439 4691 2494 4737 et
2517 4676 2629 4736 erit
2650 4682 2807 4735 fortis
2832 4684 2956 4752 ejus
2979 4696 3046 4735 ex
3076 4676 3162 4752 eo.
3193 4676 3283 4743 Αἱ,
3315 4676 3719 4752 et‘et-it‘fortior

2963 4765 3057 4804 ere
3079 4751 3145 4803 ad
3177 4764 3283 4802 me.
3364 4747 3436 4820 (Β)
3476 4747 3565 4811 Α..
3589 4761 3719 4801 ecce

2961 4821 3022 4900 (ι)
3043 4819 3135 4884 A.,
3164 4817 3418 4900 omnibus
3441 4819 3717 4900 ceg'nat‘i‘o-

444 4892 627 4944 nibus.
681 4891 774 4961 (nt)
819 4883 1051 4959 Reliqui,
1084 4883 1334 4958 gratiam.
1414 4883 1615 4961 (n)'.'4.,
1660 4892 1888 4959 populus
1939 4883 2379 4961 deletus'gladio,
2431 4883 2523 4960 q'ui
2556 4892 2688 4955 abit,
2738 4903 2796 4945 ut
2830 4883 3071 4958 requiem
3115 4883 3331 4961 praestet
3369 4883 3574 4961 Israeli.
3628 4883 3715 4951 8.,

445 4960 708 5033 populum
742 4970 1017 5033 servatum
1060 4976 1089 5014 a
1112 4961 1313 5032 gladio,
1356 4960 1448 5031 qui
1464 4962 1631 5033 Aabit,
1652 4970 1710 5015 ut
1731 4961 1974 5031 requiem
2015 4960 2234 5032 prtesmt
2264 4960 2470 5017 Israeli.
2548 4962 2625 5033 (ρ)
2658 4960 2753 5033 7A.,
2787 4961 3092 5033 ornaberis.

446 5029 650 5113 (qi
702 5040 755 5085 ct
783 5029 1157 5113 profanata:
1202 5032 1270 5113 (r)
1311 5029 1539 5113 111,8...
1590 5032 1810 5113 clamart

445 5098 508 5170 (ι)
552 5100 696 5155 llaec.
772 5098 853 5171 (tt)
895 5101 985 5168 .4.,
1034 5098 1271 5156 laudate.
1352 5104 1430 5171 (π)
1470 5100 1562 5168 Α.,
1604 5116 1634 5155 τι
1674 5100 1864 5171 foveis.

444 5241 735 5296 altitudine
757 5241 961 5312 Siouis.
1040 5241 1115 5311 (b)
1157 5239 1240 5307 8.,
1264 5258 1427 5312 super
1458 5244 1660 5295 oleum.

444 5320 501 5366 ct
537 5327 695 5365 senes
726 5311 911 5365 simul.

1590 5032 1895 5086 clamarunt
1929 5031 2185 5087 custodes
2233 5033 2286 5086 in
2343 5041 2527 5085 monte
2561 5031 2844 5100 ‘Epltraam.

1945 5102 2020 5172 (ῃ)
2062 5103 2151 5168 (1.,
2184 5103 2380 5157 ducam
2421 5118 2515 5157 eos
2554 5095 2632 5172 ad?
2668 5099 2844 5155 fontes
2877 5095 3163 5172 aquarum.
3241 5100 3305 5167 (')
3354 5095 3485 5172 Pin
3509 5105 3716 5172 Ἓπῃᾨ,

445 5170 787 5239 conﬁrmans,
816 5170 1388 5242 Scribendunt‘putem
1429 5181 1634 5239 ιρι-12712,
1665 5170 1924 5242 hospitari
1955 5170 2175 5242 faciens.
2224 5172 2488 5240 Aorberg.

1736 5240 1805 5313 (r)
1847 5236 2033 5306 A.,'ut
2078 5242 2268 5297 hortus
2305 5236 2585 5313 irrig'uusf
2623 5236 2723 5313 '(tt)
2754 5236 2854 5306 ’Λ.,
2899 5240 2957 5313 in
2999 5249 3197 5313 turnia,
3238 5247 3288 5291 et
3318 5236 3716 5313 adolescentes,

988 5314 1056 5383 (e)
1094 5312 1188 5377 A.,
1214 5323 1273 5384 et
1306 5314 1639 5384 consolabor
1655 5312 1863 5384 eos,et
1895 5313 2178 5367 laatiticabo
2209 5327 2324 5367 eos.
2401 5312 2469 5384 (f)
2508 5313 2600 5384 4.,
2641 5312 2726 5377 8.,

543 5380 1092 5469 A.,Ic0ttsolatliotiem
1110 5382 1357 5469 accipere
1388 5398 1549 5452 super
1572 5382 1695 5469 lilli'is
1721 5398 1787 5469 sit.
1792 5383 1857 5447 is,
1876 5385 2003 5453 quia
2028 5399 2133 5469 npn
2164 5392 2310 5437 sunt.

3169 4959 3243 5029 (ρ)
3284 4959 3374 5022 Α.,
3411 4958 3465 5011 in
3510 4965 3716 5029 turma.

2936 5028 3005 5097 (s)
3055 5031 3144 5092 Α..
3179 5025 3289 5091 ’8.,
3334 5028 3715 5097 ascendamus.

2568 5170 2640 5243 (z)
2680 5172 2765 5243 4.,
2790 5179 2854 5243 et
2883 5165 3162 5243 roboravit
3193 5165 3340 5221 eum.
3370 5236 3383 5243 _
3416 5166 3493 5243 (α)
3538 5165 3624 5232 8.,
3659 5167 3717 5219 itt

2768 5311 3040 5365 canticum
3073 5308 3232 5363 lli-tus
3259 5306 3711 5361 amaritudinum.

2388 5377 2465 5454 (Tt)
2508 5382 2596 5443 Α..
2620 5390 2673 5435 ct
2701 5388 3043 5435 revertentur
3066 5379 3161 5433 lilii
3193 5379 3246 5454 i_u
3265 5377 3546 5454 terminos
3562 5390 3715 5429 suos.

450 5444 572 5523 Ti,”
603 5444 828 5523 minui.
905 5450 966 5522 (ἱ)
1005 5453 1096 5516 Α.,
1127 5444 1537 5522 demigrantem.
1615 5450 1686 5522 (Ii)
1724 5444 1853 5519 Tib,
1888 5444 1993 5506 non
2016 5452 2264 5507 edoctus.
2320 5444 2407 5523 r(l)'
2445 5444 2533 5518 24.,
2563 5461 2848 5520 postquam
2874 5464 3177 5523 conversus
3205 5444 3716 5523 fu_i,pm_nituit‘utc.

449 5522 547 5590 (ut)
574 5524 664 5593 Α..
697 5519 780 5583 8.,
807 5528 861 5575 et
885 5519 1174 5593 postquam
1203 5519 1454 5593 cognovi,
1475 5519 1650 5591 plaust
1672 5519 1849 5593 super
1868 5524 2007 5577 latus
2034 5538 2238 5577 meum.

1338 5585 1521 5662 Sunt.
1573 5593 1642 5662 (r)
1684 5585 1772 5657 Af,
1798 5602 2071 5646 commota
2097 5601 2224 5647 sunt
2253 5585 2611 5662 viscera'ntea
2636 5591 2683 5644 ci
2719 5585 3094 5662 (miserando;
3110 5587 3435 5662 ntiscrabor.
3468 5585 3550 5662 8.,
3580 5599 3720 5662 con-

1281 5655 1317 5716 i.
1336 5677 1385 5717 c.
1411 5655 1801 5725 ntedt'a'sl'iuunt)
1828 5678 1946 5715 mea
1971 5678 2026 5714 su

2130 5678 2240 5718 ‘eo.
2304 5655 2788 5733 (s)‘Visitavieum.
2848 5656 3464 5733 (t)gAg.,._S.,speculam.
3519 5655 3716 5728 (tt)A.,

450 5592 738 5658 pretiosus.
815 5590 897 5661 ip),
938 5590 1144 5663 S.,'ex.
1222 5591 1273 5663 (q

450 5662 665 5732 turbata
689 5671 818 5732 sunt
837 5678 962 5732 vasa
981 5662 1237 5716 interiora
1258 5670 1275 5732 (

2307 5514 2395 5594 (:5)’
2412 5514 2648 5591 Ingemui
2669 5514 2840 5602 super
2865 5520 3053 5602 diebus
3073 5518 3299 5597 pudoris
3316 5514 3448 5602 _inci.
3472 5585 3506 5602 Π
3524 5514 3598 5586 (ο)

452 5730 862 5786 amaritudincs.
890 5731 974 5798 8.,
1004 5730 1277 5787 semitam.
1353 5736 1429 5803 (π)
1456 5735 1542 5801 Α.,
1574 5733 1702 5788 dum
1733 5734 1993 5789 crucilixa
2016 5749 2097 5789 es.
2176 5734 2251 5805 (ν)
2290 5730 2378 5799 Ᾱξ,
2410 5732 2495 5800 8.,
2525 5731 2578 5785 iu
2616 5730 2723 5798 via,
2762 5746 2869 5804 qua
2894 5730 3096 5792 abiisti.
3128 5733 3417 5784 revertere.
