4134 6494
446 465 586 519 2555

1663 452 1982 510 JEREMIAE:
2021 451 2257 510 CAPUT
2298 452 2513 510 XXXII.

3574 453 3716 512 2554

448 574 651 636 abiisti,
685 575 751 641 Ἀ(
779 583 1071 634 revertere,
1102 572 1255 641 virgo
1287 570 1504 626 lsraelis
1544 572 1568 641 1
1606 590 1618 625 ε
1660 578 1938 624 revertere
1963 566 2027 624 ad
2059 574 2104 631 Α
2132 586 2254 624 esse
2284 585 2416 640 gens
2452 578 2579 626 ante
2615 567 2808 624 faciem
2849 583 3024 623 meam
3053 570 3310 626 omnibus
3338 571 3553 627 diebus.
3591 571 3719 627 llrcc

448 667 612 723 urbes
634 676 756 721 tuas
788 667 976 736 lugens
1023 665 1114 719 εὶ.
1151 662 1448 733 Usquequo
1473 663 1546 732 (κ)
1581 661 1892 725 reverteris,
1920 661 2027 715 tilia

449 759 743 829 despecta?
788 759 915 829 quia
950 759 1156 813 creavit
1194 755 1457 810 Dominus
1487 754 1720 809 salutem
1761 766 1822 807 οε-
1869 752 1947 821 (α)
1974 752 2027 805 in

450 851 839 922 plantationem
884 851 905 919 1
946 865 1140 904 novam
1168 866 1183 903 :
1219 849 1272 901 in
1304 848 1480 902 salute
1504 846 1817 901 circuibunt
1851 844 2031 899 homi-

449 959 565 997 nes.
590 942 679 995 25.
709 940 800 996 Sic
819 941 956 996 dixit
989 940 1250 995 Dominus
1281 942 1347 1005 >ε<
1379 938 1638 991 virtutum
1677 935 1818 991 Deus
1861 935 2034 989 lsrae-

451 1032 518 1088 lis
539 1034 562 1102 1
586 1051 598 1089 :
626 1034 819 1086 Adhuc
850 1032 1034 1088 dicent
1071 1043 1383 1086 sermonem
1412 1028 1560 1082 hunc
1591 1027 1643 1081 in
1682 1035 1825 1081 terra
1858 1022 2031 1089 Judte,

450 1136 501 1180 et
542 1125 595 1177 in
644 1125 872 1178 urbibus
911 1122 1066 1192 ejus,
1110 1121 1330 1191 quando
1366 1119 1637 1174 reduxere
1677 1115 2033 1185 demigratio-

451 1231 573 1269 nem
602 1215 724 1284 ejus
755 1232 769 1268 :
804 1214 879 1285 (b)
932 1213 1251 1268 Benedictus
1286 1211 1551 1265 Dominus
1595 1223 1758 1277 super
1791 1205 2032 1260 mon’tem

451 1308 655 1380 justum
680 1317 931 1363 sanctum
961 1307 1081 1375 ejus
1110 1323 1123 1359 :
1156 1305 1246 1358 24.
1277 1306 1344 1371 (r)
1368 1311 1422 1356 et
1448 1302 1540 1372 qui
1579 1300 1828 1354 habitant
1859 1299 1911 1352 in
1939 1296 2035 1352 Ju-

451 1400 591 1462 dzca,
642 1408 697 1454 et
748 1399 801 1453 in
853 1398 1001 1453 omni
1049 1397 1186 1451 urbe
1229 1396 1386 1466 ejus,
1425 1408 1550 1448 cum
1581 1391 1817 1461 agricola
1849 1400 1902 1443 ct
1930 1389 2039 1443 elc-

451 1490 669 1545 vabitur
732 1489 785 1542 in
862 1502 1043 1559 grege.
1115 1484 1207 1541 25.
1285 1484 1425 1551 Quia
1480 1480 1743 1537 inebriavi
1817 1494 2034 1533 onmem

451 1582 692 1636 animam
731 1581 1028 1645 sitientem,
1073 1587 1126 1632 et
1169 1593 1386 1633 omnem
1421 1576 1660 1630 animam
1705 1573 2035 1627 esurientem

451 1673 719 1729 saturari.
773 1671 864 1725 ‘26.
914 1669 1143 1741 Propter
1192 1668 1298 1723 hoc
1341 1664 1754 1735 expergefactus
1795 1680 1941 1724 sum,
1987 1671 2042 1716 et

451 1764 607 1819 vidi:
663 1772 721 1817 et
777 1777 1004 1818 somnus
1055 1776 1208 1815 meus
1255 1760 1437 1813 attulit
1492 1758 1826 1827 voluptatem
1880 1755 2036 1809 mihi.

449 1854 541 1908 27.
574 1853 715 1908 Ecce
752 1853 870 1908 dies
903 1850 1149 1914 veniunt,
1181 1849 1314 1904 dicit
1351 1850 1635 1909 Dominus,
1677 1859 1731 1902 ct
1757 1847 2040 1902 seminabo

2136 662 2268 717 dicit
2297 662 2558 718 Dominus
2599 681 2612 716 :
2646 663 2733 717 57.
2773 661 2836 732 (Ι)
2866 662 2922 717 Si
2946 662 3215 717 elcvatum
3245 664 3406 718 fuerit
3434 665 3631 719 ccelum
3663 665 3716 717 in

2136 754 2369 808 sublime
2403 763 2455 808 et
2487 755 2532 808 si
2568 755 2889 823 depressum
2927 753 3093 807 fuerit
3139 754 3507 823 pavimentum
3557 764 3718 809 terra:

2134 843 2414 907 deorsum;
2437 843 2602 897 etiam
2624 857 2725 913 ego
2745 858 2851 896 non
2877 843 3180 913 reprobabo
3202 846 3269 912 )t(
3299 850 3461 898 omne
3486 844 3509 913 1
3544 860 3716 915 genus

2135 930 2374 999 lsraelis,
2398 947 2497 1002 pro
2523 933 2799 998 omnibus,
2832 947 2955 1001 qua:
2977 933 3242 997 fecerunt,
3267 933 3399 988 dicit
3434 932 3714 989 Dominus.

2135 1026 2225 1081 58.
2250 1024 2387 1080 Ecce
2408 1024 2527 1080 dies
2549 1025 2792 1090 veniunt,
2818 1025 2951 1081 dicit
2968 1024 3255 1088 Dominus,
3281 1034 3336 1080 et
3366 1025 3723 1081 aediﬁcabitur

2136 1118 2268 1171 urbs
2293 1115 2528 1171 Domino
2551 1132 2580 1171 a
2607 1126 2757 1171 turre
2780 1117 3056 1172 llananael
3081 1133 3254 1188 usque
3286 1117 3352 1172 ad
3385 1129 3596 1188 portam
3620 1133 3722 1172 an-

2136 1208 2272 1277 guli,
2307 1208 2396 1262 39.
2423 1216 2477 1262 et
2516 1207 2686 1262 exibit
2720 1209 2788 1275 Χ
2812 1208 2990 1261 adhuc
3016 1205 3112 1279 (m)
3138 1220 3262 1276 spes
3291 1207 3342 1277 1,
3367 1216 3423 1263 et
3451 1207 3724 1263 dimensio

2137 1303 2256 1372 ejus
2284 1316 2468 1356 ceram
2492 1301 2572 1356 eis
2603 1316 2776 1369 usque
2808 1300 2872 1354 ad
2895 1300 3092 1355 collem
3118 1300 3293 1355 Gareb
3325 1317 3338 1353 :
3382 1309 3435 1353 et
3477 1301 3725 1371 cingetur

2139 1393 2193 1446 in
2224 1393 2456 1447 circuitu
2492 1408 2556 1446 ex
2591 1392 2863 1462 lapidibus
2896 1390 2975 1461 (η)
3005 1391 3231 1455 electis;
3262 1390 3350 1445 40.
3386 1390 3453 1460 >ε<
3478 1399 3533 1444 et
3561 1404 3724 1445 omne

2139 1483 2470 1554 profundum
2495 1482 2568 1554 (ο)
2598 1485 2796 1538 domus
2816 1481 3077 1553 Fagadim
3107 1481 3130 1550 1
3156 1482 3243 1553 (θ),
3278 1481 3352 1552 (p)
3381 1492 3436 1537 et
3461 1483 3719 1545 cinerem,

2138 1584 2195 1630 et
2222 1591 2440 1629 omnem
2471 1575 2782 1630 Asarimoth
2815 1590 2991 1645 usque
3039 1576 3106 1629 ad
3153 1584 3451 1630 torrentem
3482 1575 3720 1641 CedI-on,

2141 1682 2317 1737 usque
2342 1668 2406 1721 ad
2431 1668 2689 1736 angulum
2716 1676 2884 1736 portae
2904 1682 3169 1736 equorum
3202 1666 3274 1736 (ᾳ)
3311 1667 3560 1730 orientis,
3596 1682 3724 1722 san-

2141 1758 2411 1813 ctuarium
2447 1757 2696 1822 Domino,
2730 1768 2785 1812 et
2825 1772 2930 1812 non
2966 1758 3202 1826 amplius
3224 1757 3505 1824 evelletur,
3548 1771 3723 1828 neque

2141 1849 2454 1904 destruetur
2494 1865 2668 1918 usque
2691 1849 2746 1903 in
2783 1850 3065 1903 saeculum.

453 1949 524 2015 3K
558 1946 781 2000 domum
813 1943 1047 2009 lsraelis,
1082 1951 1137 1998 et
1169 1943 1192 2010 1
1238 1944 1459 1996 domum
1496 1939 1668 2004 Judze,
1711 1955 1896 1994 semen
1938 1940 2038 1994 bo-
2071 1933 2111 1988 Β
2210 1943 2363 2000 CAP.
2400 1934 2694 1999 XXXllf—
2724 1946 2775 1999 i.
2818 1944 3077 2011 Verbum,
3115 1946 3259 2016 quod
3296 1945 3496 2000 factum
3531 1958 3615 2001 est
3652 1945 3723 1999 ad

452 2054 607 2099 num,
642 2046 697 2091 et
726 2051 910 2092 semen
950 2036 1205 2104 jumenti.
1235 2034 1326 2088 ‘28.
1383 2034 1445 2088 lit
1476 2037 1598 2095 erit,
1633 2034 1778 2088 sicut
1806 2032 2040 2101 vigilans

455 2129 533 2182 fui
563 2143 728 2196 super
753 2143 848 2182 eos
879 2130 945 2194 LK
984 2127 1050 2181 ad
1084 2124 1519 2193 exstirpandum,
1560 2132 1615 2178 et
1651 2124 1717 2178 ad
1752 2123 2041 2178 destruen-

450 2221 604 2284 dum,
646 2228 700 2274 et
733 2218 782 2286 1,
814 2220 881 2273 ad
918 2218 1294 2283 avertendum,
1328 2219 1398 2286 Β(
1426 2226 1480 2271 et
1506 2215 1572 2269 ad
1617 2212 1951 2284 perdendum
1989 2213 2038 2280 1,

451 2320 506 2364 ct
544 2311 609 2364 ad
654 2312 794 2364 male
839 2310 1186 2373 faciendum;
1226 2310 1308 2363 sic
1343 2306 1579 2378 vigilabo
1614 2321 1779 2375 super
1808 2320 1923 2363 eos.
1973 2305 2041 2359 ad

451 2420 498 2459 te
519 2405 910 2469 lilieandum,et
936 2402 1002 2456 ad
1039 2401 1418 2472 plantandum,
1440 2399 1574 2453 dicit
1597 2396 2040 2452 Dominus.29.ln

451 2493 646 2548 diebus
677 2493 798 2547 istis
822 2508 928 2545 non
961 2491 1146 2545 dicent
1168 2489 1438 2560 amplius:
1466 2485 1661 2541 Patres
1683 2487 2039 2541 comederunt

365 2588 369 2592 ’
451 2600 590 2638 uvas
638 2583 901 2645 acerbas,
962 2591 1017 2637 et
1073 2581 1265 2637 dentes
1325 2580 1560 2635 filiorum
1622 2578 2038 2646 obstupuerunt.

448 2672 540 2729 $0.
574 2670 677 2727 Sed
709 2671 1083 2741 unusquisque
1125 2670 1178 2725 in
1234 2679 1461 2740 peccato
1504 2682 1606 2723 suo
1661 2667 1943 2731 morietur,
1972 2668 2039 2733 3K

456 2765 537 2834 (ιι)
568 2764 749 2818 tmtltis
780 2764 946 2817 homo
976 2764 1022 2832 1,
1066 2771 1120 2816 et
1159 2762 1251 2828 qui
1286 2760 1587 2816 comederit
1618 2774 1755 2815 uvas
1792 2759 2040 2823 acerbas,

451 2854 843 2922 obstupescent
891 2852 1087 2909 dentes
1135 2852 1275 2922 ejus.
1329 2852 1417 2907 '51.
1451 2850 1594 2906 Ecce
1633 2852 1752 2906 dies
1796 2849 2038 2917 veniunt,

449 2945 583 3000 dicit
626 2943 912 3009 Dominus,
945 2953 999 2999 et
1042 2943 1110 3014 (ε)
1154 2944 1441 3013 disponam
1484 2943 1668 2997 domui
1718 2942 1960 3006 lsraelis,
1987 2952 2042 2996 et

451 3037 635 3091 domui
670 3035 821 3091 Juda:
854 3037 920 3106 (Γ)
944 3036 1125 3092 foedus
1150 3051 1374 3101 novum,
1400 3036 1491 3101 52,
1518 3051 1627 3091 non
1646 3037 1803 3107 juxta
1830 3035 2031 3103 foedus,

451 3127 597 3192 quod
649 3126 894 3195 disposui
933 3125 1184 3197 patribus
1226 3139 1417 3179 eorum
1451 3123 1505 3178 in
1549 3125 1658 3187 die,
1697 3140 1821 3180 cum
1848 3138 2042 3194 appre—

451 3215 613 3268 hendi
658 3230 880 3269 manum
918 3228 1134 3277 eorum,
1166 3213 1231 3267 ad
1273 3212 1615 3268 educendum
1650 3229 1745 3268 eos
1771 3228 1839 3268 ex
1893 3222 2039 3267 terra

454 3303 692 3375 IEgypti;
722 3304 851 3374 quia
888 3304 964 3358 illi
1012 3319 1121 3357 non
1159 3309 1482 3359 manserunt
1535 3304 1589 3357 in
1638 3300 1844 3358 foedere
1893 3318 2037 3370 meo,

451 3396 614 3450 etiam
647 3410 747 3465 ego
777 3394 986 3465 neglexi
1015 3408 1131 3456 eos,
1165 3394 1299 3448 dicit
1331 3391 1613 3449 Dominus.
1645 3394 1734 3449 55.
1771 3394 1910 3459 Quia
1939 3394 2043 3450 hoc

452 3487 651 3549 fredus,
686 3485 832 3556 quod
869 3486 1159 3557 disponam
1192 3486 1383 3542 domui
1415 3485 1650 3550 lsraelis,
1679 3486 1753 3557 (α)
1786 3487 2041 3556 postdies

448 3578 607 3642 istos,
643 3578 777 3633 dicit
798 3577 1062 3633 Dominus
1095 3596 1109 3631 :
1156 3578 1232 3647 (It)
1272 3579 1420 3647 quod
1452 3578 1592 3632 dabo
1624 3578 1773 3649 leges
1808 3594 1958 3634 meas
1986 3579 2039 3632 in

453 3675 691 3723 mentem
722 3683 940 3732 eorum,
970 3676 1025 3723 et
1053 3670 1121 3736 ἴ(
1158 3683 1322 3737 super
1354 3677 1574 3738 pectore
1597 3668 1619 3736 1
1644 3668 1824 3724 cordis
1851 3685 2039 3724 eorum

450 3761 687 3815 scribam
721 3777 815 3816 eas
844 3778 857 3815 :
890 3768 945 3815 et
979 3776 1074 3816 ero
1102 3761 1182 3816 eis
1210 3761 1262 3815 in
1290 3761 1479 3827 Deum,
1523 3770 1578 3817 et
1610 3761 1684 3816 illi
1713 3771 1875 3816 erunt
1910 3761 2043 3815 mibi

452 3853 510 3907 in
567 3851 855 3921 populum.
906 3851 997 3905 '54.
1064 3850 1130 3905 Et
1183 3867 1293 3906 non
1348 3852 1621 3907 docebunt
1661 3855 1728 3922 Χ
1781 3853 2041 3921 iterum1

452 3943 838 4012 unusquisque
881 3942 1102 3995 fratrem
1138 3958 1323 4005 suum,
1354 3951 1410 3997 et
1444 3944 1825 4014 unusquisque
1864 3944 2047 4014 proxi-

454 4049 603 4087 mum
634 4048 818 4095 suum,
850 4032 1041 4088 dicens
1075 4050 1089 4086 :
1116 4030 1294 4088 Nosce
1334 4032 1657 4098 Dominum;
1699 4037 1827 4103 quia
1853 4052 2046 4091 omnes

460 4129 800 4192 cognascent
841 4137 927 4176 me
968 4137 998 4176 a
1043 4136 1211 4191 parvo
1252 4137 1441 4176 eorum
1485 4139 1659 4192 usque
1688 4125 1752 4177 ad
1786 4140 2044 4194 magnum

453 4229 672 4280 eorum,
704 4216 770 4282 )K
800 4214 935 4270 dicit
962 4214 1226 4268 Dominus
1260 4214 1283 4283 1
1317 4231 1330 4267 :
1360 4216 1619 4284 quoniam
1651 4216 1922 4284 propitius
1949 4231 2046 4271 ero

454 4304 839 4372 iniquitatibus
868 4319 1084 4369 eorum,
1121 4315 1177 4360 et
1202 4313 1550 4374 peccatorum
1583 4319 1774 4360 eorum
1811 4321 1917 4361 non
1946 4319 2047 4361 re-

456 4396 729 4451 cordabar
760 4397 1014 4466 amplius.
1040 4396 1129 4452 55.
1166 4395 1259 4451 Sic
1286 4396 1428 4451 dixit
1463 4395 1746 4462 Dominus,
1778 4397 1871 4466 qui
1900 4397 2047 4453 dedit

464 4488 639 4542 solem
667 4488 720 4541 in
753 4488 935 4543 lumen
970 4488 1098 4553 diei,
1133 4491 1201 4556 Χ
1232 4490 1293 4559 (i)
1320 4490 1373 4544 in
1402 4498 1663 4545 statutum
1696 4488 1743 4557 1,
1767 4489 1954 4543 lunam
1993 4498 2047 4545 et

2140 2033 2433 2090 Jeremiam
2467 2052 2498 2088 a
2548 2034 2778 2089 Domino
2800 2034 2854 2088 in
2883 2018 3028 2089 anno
3055 2035 3269 2090 decimo
3309 2035 3548 2090 Sedecize
3580 2032 3723 2105 regis

2141 2121 2294 2178 Iuda:
2330 2142 2344 2178 :
2383 2124 2473 2178 hic
2498 2139 2675 2179 annus
2705 2133 2931 2179 octavus
2955 2125 3202 2180 decimus
3241 2128 3309 2194 Ἀ(
3343 2141 3520 2179 annus
3555 2124 3579 2193 1
3610 2123 3720 2178 Na-

2141 2214 2631 2279 buchodonosoris,
2657 2215 2768 2285 regi
2797 2215 2912 2282 (sic)
2934 2213 3246 2286 Babylonis.
3270 2216 3325 2269 2.
3358 2214 3422 2269 Et
3446 2218 3515 2284 )t(
3544 2226 3672 2270 tunc
3696 2215 3719 2284 1

2143 2314 2386 2375 potestas
2409 2306 2550 2373 regis
2582 2304 2873 2376 Babylonis
2903 2305 2969 2376 (r)
2998 2303 3125 2361 fecit
3156 2306 3329 2362 fossas
3368 2323 3531 2376 super
3558 2306 3722 2361 Jeru-

2143 2399 2314 2453 salem
2354 2416 2367 2452 :
2415 2406 2473 2451 ct
2494 2395 2728 2451 Ieremia
2762 2400 2828 2464 χ(
2864 2399 3122 2467 propheta
3151 2398 3173 2467 1
3207 2398 3618 2453 custodiebatur
3665 2399 3719 2452 in

2142 2489 2285 2543 atrio
2333 2488 2607 2550 carceris,
2643 2489 2737 2558 qui
2783 2499 2866 2544 est
2918 2491 2969 2543 in
3014 2492 3180 2546 domo
3221 2492 3366 2561 regis
3398 2494 3463 2559 Β(
3495 2490 3648 2546 Juda:
3692 2490 3716 2559 1

2141 2577 2195 2632 5.
2228 2578 2280 2631 in
2314 2592 2424 2647 quo
2469 2577 2742 2632 clauserat
2780 2594 2905 2633 cum
2948 2577 3171 2635 Scdecia
3212 2596 3306 2635 rex
3365 2583 3431 2649 Ἃ(
3476 2578 3628 2635 Judre
3671 2581 3720 2650 1,

2140 2670 2330 2725 dicens
2358 2688 2371 2724 :
2407 2669 2588 2736 Quare
2618 2680 2671 2724 tu
2701 2671 3036 2740 pmphetasi
3065 2673 3253 2729 dicens
3278 2691 3292 2727 :
3326 2672 3418 2728 Sic
3447 2672 3583 2727 dixit
3612 2671 3722 2727 Do-

2143 2763 2357 2817 minus:
2389 2762 2525 2817 Erce
2552 2776 2652 2832 ego
2683 2764 2754 2816 do
2781 2767 2848 2831 χ(
2878 2764 2978 2835 τὴν
3006 2764 3028 2831 1
3071 2765 3261 2821 urbem
3299 2765 3441 2821 hanc
3468 2766 3521 2819 in
3553 2780 3718 2820 manu

2143 2851 2285 2921 regis
2313 2849 2624 2921 Babylonis,
2659 2861 2713 2906 et
2737 2853 2914 2925 capiet
2937 2869 3079 2909 eam.
3106 2854 3159 2908 4.
3192 2855 3258 2909 Et
3284 2854 3507 2910 Sedecia
3537 2859 3604 2925 )|(
3626 2872 3720 2911 rex

2139 2941 2345 3013 δυάδες
2386 2958 2492 2997 non
2543 2945 2841 2999 salvahitur
2878 2963 2906 3000 a
2950 2962 3114 3002 manu
3152 2947 3721 3019 Chaldmorummuia

2141 3033 2404 3087 tradendo
2437 3036 2680 3089 tradetur
2720 3036 2772 3088 iu
2811 3051 3009 3093 manus
3051 3039 3193 3109 regis
3224 3038 3536 3110 Babylonis,
3554 3049 3618 3111 et
3646 3041 3725 3093 lo-

2140 3134 2340 3194 quetur
2362 3139 2424 3178 os
2448 3125 2566 3192 ejus
2589 3126 2654 3180 ad
2686 3143 2749 3182 os
2772 3127 2939 3195 illius,
2978 3136 3034 3183 et
3069 3130 3212 3184 oculi
3235 3128 3355 3200 ejus
3378 3132 3567 3186 oculos
3603 3131 3724 3200 ejus

2141 3216 2403 3270 videbunt
2433 3234 2446 3270 :
2480 3217 2532 3271 5.
2567 3219 2697 3272 etin
2740 3217 3064 3291 Babylonem
3093 3221 3160 3293 (δ)
3211 3221 3434 3277 intrabit
3474 3221 3721 3284 Sedecia,

2141 3305 2291 3359 etibi
2325 3306 2390 3375 (ι)
2436 3307 2666 3370 sedebit,
2715 3309 2782 3377 κ(
2826 3309 3001 3364 donec
3056 3310 3352 3367 visitavero
3394 3326 3543 3375 eum,
3593 3310 3725 3366 dicit

2142 3395 2429 3464 Dominus;
2453 3399 2580 3468 quia
2617 3400 2695 3468 (ui
2736 3400 2780 3454 si
2815 3401 3135 3470 pugnaverit
3160 3417 3282 3456 cum
3313 3399 3606 3465 Chaldaeis,
3642 3398 3723 3473 (π)

2143 3505 2251 3545 non
2277 3501 2426 3547 recte
2449 3496 2641 3564 agetis.
2673 3492 2727 3548 6.
2760 3493 2824 3548 Et
2850 3494 2988 3549 dixit
3013 3492 3248 3550 Jercmia
3277 3494 3300 3564 1
3343 3512 3356 3549 :
3388 3492 3615 3549 Factum
3640 3501 3725 3549 est

2142 3583 2369 3635 verbum
2402 3581 2619 3637 Domini
2666 3585 2733 3639 ad
2777 3599 2883 3646 me.
2936 3585 3125 3640 dicens
3158 3602 3187 3638 :.
3223 3585 3274 3638 'l.
3306 3583 3445 3641 Ecce
3474 3583 3722 3639 Nahmail

2144 3671 2289 3728 filius
2329 3671 2513 3728 Salom
2550 3674 2736 3730 fratris
2770 3676 2942 3746 patris
2977 3676 3054 3730 tui
3100 3677 3246 3731 venit
3276 3675 3343 3731 ad
3389 3685 3460 3741 te,
3494 3676 3680 3730 dicens
3702 3693 3723 3731 :

2143 3762 2370 3819 Posside
2404 3764 2499 3820 tibi
2540 3781 2730 3835 agrum
2775 3769 2843 3836 )t(
2884 3781 3065 3821 meum
3103 3765 3152 3834 1,
3190 3767 3281 3835 qui
3328 3766 3383 3820 in
3421 3765 3724 3832 Anathoth,

2148 3855 2276 3924 quia
2301 3855 2376 3926 (ῃ)
2407 3856 2501 3910 tibi
2530 3857 2621 3926 jus
2658 3860 2723 3924 >⁴<
2751 3857 3128 3927 propinquitas
3165 3858 3379 3927 generis
3418 3859 3440 3927 1
3478 3856 3544 3911 ad
3581 3857 3725 3911 acci-

2148 3945 2405 4015 piendum
2440 3948 2868 4017 possessionem.
2903 3948 2956 4002 8.
3001 3948 3066 4002 Et
3099 3949 3245 4003 venit
3269 3949 3334 4002 ad
3377 3963 3461 4002 me
3488 3961 3550 4004 -ε-
3576 3948 3725 4003 Nah-

2150 4043 2280 4098 mail
2319 4042 2461 4096 filius
2495 4040 2678 4096 Saloni
2709 4041 2733 4111 1
2772 4040 2954 4097 fratris
2983 4041 3154 4111 patris
3177 4041 3305 4108 mei,
3332 4041 3570 4112 )(juxta
3603 4057 3726 4096 ver-

2148 4135 2276 4188 lmm
2318 4133 2365 4201 1,
2399 4133 2452 4186 in
2482 4133 2680 4187 atrium
2711 4133 2968 4198 carceris,
3005 4141 3061 4188 et
3096 4132 3236 4187 dixit
3274 4134 3409 4188 mihi
3444 4150 3459 4187 :
3503 4131 3726 4189 Posside

2148 4223 2217 4289 Ἀ(
2247 4235 2391 4274 tione
2428 4219 2450 4287 1
2502 4235 2693 4289 agrum
2737 4235 2941 4279 meum.
2975 4219 3068 4288 qui
3106 4219 3160 4273 in
3200 4220 3496 4285 Anathoth,
3535 4220 3627 4290 qui
3675 4221 3725 4275 in

2149 4317 2291 4363 terra
2324 4307 2640 4377 Benjamin;
2678 4309 2804 4378 quia
2854 4308 2949 4362 tibi
2988 4309 3241 4364 convenit
3270 4309 3545 4379 possidere
3573 4311 3642 4378 x
3671 4311 3725 4364 in

2145 4399 2539 4463 hrcreditatcm,
2573 4407 2627 4452 et
2658 4407 2715 4452 tu
2746 4399 2931 4452 senior
2953 4413 3033 4465 es,
3063 4399 3283 4468 posside
3310 4414 3434 4454 eum
3464 4411 3518 4454 tu
3552 4400 3725 4471 tibi'1.

2146 4487 2214 4543 Et
2242 4487 2494 4558 cognovi,
2520 4488 2663 4556 quod
2700 4489 2925 4541 verbum
2958 4486 3173 4542 Domini
3198 4497 3283 4544 est
3313 4506 3328 4543 :
3355 4488 3389 4543 9
3418 4498 3473 4543 et
3496 4487 3724 4545 Possedi

457 4577 647 4633 stellas
678 4578 732 4630 in
760 4578 942 4632 lumen
970 4580 1170 4642 noctis,
1201 4578 1276 4649 (lc)
1312 4588 1367 4634 et
1390 4581 1682 4635 clamorem
1713 4579 1766 4633 in
1797 4594 1968 4645 mare,
1990 4588 2045 4635 et
2076 4592 2119 4648 Ι)
2149 4594 2339 4650 agrum
2370 4581 2435 4646 3a:
2459 4594 2488 4630 a
2519 4578 2767 4631 Nahmail
2799 4577 2822 4646 1
2854 4579 2963 4632 tilio
2990 4579 3176 4635 fratris
3199 4579 3372 4651 patris
3396 4579 3526 4643 mei,
3551 4581 3725 4650 Χαιιὶ

456 4672 855 4740 obstupuerunt
900 4670 1100 4725 ﬂuctus
1150 4671 1319 4741 ejus:
1380 4671 1648 4727 Dominus
1695 4670 2041 4740 omnipotens

457 4775 652 4815 nomen
674 4762 745 4816 ei.
768 4763 856 4816 36.
885 4760 942 4816 Si
964 4762 1298 4817 cessaverint
1324 4762 1470 4833 leges
1496 4765 1578 4816 hae
1600 4762 1668 4817 ab
1689 4770 1815 4817 ante
1844 4762 2039 4819 faciem

457 4867 656 4922 meam,
692 4854 826 4910 dicit
851 4853 1136 4922 Dominus;
1161 4854 1326 4909 etiam
1357 4869 1530 4926 genus
1554 4853 1775 4911 lsraelis
1807 4855 2043 4913 cessabit

526 5109 600 5183 (z)
626 5113 712 5175 A.,
741 5109 1140 5183 deprimerisin
1169 5105 1521 5183 profundum,
1550 5106 1680 5183 dum
1707 5122 1898 5163 aversa
1921 5122 2005 5163 es.

459 5179 545 5245 8.,
581 5179 637 5237 in
659 5179 1028 5236 terrafemina
1047 5179 1403 5235 circumdabit
1423 5180 1727 5232 masculum
1756 5193 1980 5231 novum.

2144 4669 2201 4724 in
2236 4666 2512 4722 Anatboth
2550 4667 2596 4735 1,
2635 4675 2690 4720 et
2717 4667 2949 4745 appendi
2996 4668 3047 4722 ei
3090 4676 3369 4740 argentum
3411 4681 3616 4739 septem
3653 4669 3725 4741 (ι)

2146 4761 2335 4825 sielos,
2369 4768 2422 4815 et
2445 4759 2633 4814 decem
2667 4760 2875 4829 argenti
2910 4776 2925 4814 :
2963 4759 3052 4816 l0.
3086 4771 3140 4816 et
3179 4760 3376 4831 scripsi
3408 4761 3461 4816 in
3502 4762 3724 4829 librum,

2146 4864 2201 4911 et
2220 4852 2470 4926 sigillavi,
2491 4863 2545 4907 et
2573 4850 2760 4908 testari
2784 4849 2886 4907 feci
2911 4860 3096 4921 testes,
3117 4861 3171 4908 et
3190 4854 3421 4926 appendi
3444 4865 3725 4928 argentum

2068 5107 2145 5178 (α)
2168 5108 2394 5165 Femina
2423 5123 2562 5163 nova
2590 5107 2642 5162 in
2671 5115 2813 5162 terra
2845 5105 2897 5178 in
2930 5105 3105 5178 salute
3131 5103 3723 5178 circumdabit‘virum.

2060 5173 2135 5244 (b)
2159 5179 2248 5243 A.,
2276 5179 2360 5239 8..
2397 5178 2680 5234 benedicat
2707 5178 2824 5239 tibi,
2849 5176 3101 5243 Domine,
3134 5173 3390 5245 habitans
3412 5173 3468 5245 in
3489 5175 3727 5245 justitia.

460 5257 526 5322 (ο)
557 5256 596 5307 Α
613 5293 650 5314 .,
667 5261 722 5306 et
739 5252 1061 5306 habitabunt
1083 5251 1134 5303 in
1154 5266 1216 5305 ea
1232 5248 1395 5316 Juda,
1429 5255 1484 5322 et
1512 5248 1889 5322 omnesurbes
1908 5249 2048 5322 ejus.
2070 5247 2154 5316 8.,
2180 5251 2340 5322 simul
2369 5249 2621 5322 agricolae
2635 5251 2964 5322 etductores
2987 5258 3233 5316 gregum.

3312 5243 3392 5314 (ά)
3429 5243 3514 5314 8.,
3547 5246 3726 5301 omnis

461 5313 832 5396 honi_ini_s,qui
856 5322 1306 5396 comederituvas
1329 5313 1575 5396 acerbas.
1654 5320 1725 5387 (e)
1755 5319 1855 5396 _A.,
1880 5313 2148 5396 excidam.
2174 5318 2259 5385 8.,
2279 5313 2579 5396 perficiam.
2658 5319 2834 5396 (f)_A.,
2864 5315 2947 5383 8.,
2973 5313 3265 5396 statutum:
3324 5313 3411 5396 *(g)
3433 5313 3495 5369 Et
3514 5314 3726 5371 domui.

461 5395 539 5465 (Il)
582 5393 730 5449 Dabo
758 5395 926 5465 legem
957 5406 1157 5447 meam.

1235 5389 1296 5460 (ἱ)
1332 5392 1421 5455 Α.,
1450 5396 1713 5460 statutum
1755 5387 1986 5460 lunaeget
2021 5387 2322 5443 stellarum.

2403 5388 2476 5455 (Ic)
2516 5393 2610 5455 A.,
2642 5385 2838 5444 sedans
2880 5402 3049 5442 mare.
3096 5385 3324 5458 i(t)_A.,
3360 5385 3405 5439 si
3440 5399 3726 5440 mensura-

462 5455 664 5518 buntur
695 5455 892 5517 cmlﬁm
922 5476 1164 5525 sursum,
1205 5455 1260 5515 et
1280 5455 1754 5529 investigabuutur
1783 5457 2139 5529 fundamenta
2185 5467 2343 5513 terra:
2386 5461 2679 5529 deorsum;
2715 5459 2885 5513 etiam
2926 5472 3026 5529 ego
3057 5455 3312 5529 abjiciam
3353 5468 3516 5529 omne
3540 5469 3725 5510 semen

463 5532 631 5586 Judze.
675 5531 890 5587 lsraelis
910 5574 924 5600 ,
945 5524 1165 5600 propter
1183 5530 1388 5600 omnia,
1408 5524 1525 5598 qua-
1547 5527 1809 5592 fecerunt,
1828 5528 1957 5600 dicit
1980 5527 2267 5600 DoutimLs.
2311 5528 2407 5600 (in)
2431 5535 2471 5580 Α
2486 5568 2533 5600 .,
2554 5524 2734 5600 regula
2753 5524 3140 5600 dimensionisg
3160 5524 3243 5588 8.,
3248 5524 3409 5600 _l_'unis
3428 5539 3723 5600 mensurae.

465 5603 544 5667 (η)
578 5601 667 5667 Α.,
705 5603 882 5656 bonis.
913 5598 919 5600 ⁷
963 5598 1166 5669 (ο)Ἀ.,
1202 5598 1286 5661 8.,
1314 5600 1660 5653 cadaverum.

1738 5595 1934 5676 (‘)hl‘ro
1967 5592 2476 5676 ῠζυξᾷηιθαρὰάὺη,
2509 5592 2985 5676 fortelegcndum,
3238 5592 3511 5676 agarim:
3547 5592 3725 5676 [llan‘d

470 5662 664 5735 dubie,
694 5671 947 5725 hebraica
971 5662 1116 5724 enim
1150 5662 1351 5724 veritas
1383 5669 1544 5723 habet
1574 5662 2033 5738 ε’·πλξάξυιιλειι]
2113 5662 2187 5737 (ρ)
2221 5662 2434 5737 adipem
2464 5662 2860 5738 etomnia'qua:
2876 5676 3005 5738 ante
3028 5668 3218 5738 urbem
3251 5662 3395 5738 (iac.
3423 5662 3722 5738 subit—rma).

489 5742 543 5812 ς)
584 5741 665 5805 8.,
728 5742 782 5795 in
814 5742 1101 5795 orientem.

467 5747 549 5880 ἑκ)
595 5812 680 5874 3.,
713 5812 757 5866 si
793 5813 935 5865 enim
966 5826 1101 5880 pugn

1180 5740 1247 5808 (r)
1290 5739 1377 5804 A.,
1426 5738 1900 5792 circumdederunt
1943 5741 2154 5792 urbem.

2234 5733 2424 5807 (εγὼ,
2467 5737 2552 5804 8.,
2590 5733 2824 5807 deducet
2867 5735 3171 5792 Sedcciam.
3251 5733 3315 5805 (ι)
3345 5735 3436 5807 ᾼη
3474 5733 3571 5807 8.,
3598 5738 3722 5807 erit.

495 5803 549 5878 εἴ)
595 5803 680 5874 8.,
713 5812 757 5866 si
793 5813 935 5865 enim
966 5803 1336 5881 pugnaveritis
1360 5803 1623 5863 adversus
1645 5808 1948 5877 Chaldaeos,
1975 5825 2081 5864 non
2119 5803 2262 5864 recte
2283 5803 2483 5876 agetis.
2540 5803 2640 5874 (π)
2671 5803 2791 5861 Non
2824 5814 2971 5862 recte
3000 5818 3142 5877 aget.
3218 5803 3302 5879 (μ)
3333 5804 3489 5873 Quod
3519 5805 3612 5861 tibi
3643 5814 3724 5862 est

1217 5879 1232 5894 Ἰ

466 5881 865 5952 propinquitas.
944 5882 1020 5951 (ι)
1054 5880 1160 5947 ⁷.ι1.,
1193 5880 1278 5943 8.,
1311 5889 1565 5934 statores.
