4134 6488
414 431 560 492 9359

1600 425 1822 481 CODEX
1867 425 2541 483 SYRO-HEXAPLABIS.

3541 424 3686 483 95$?)

416 568 473 622 Si
507 567 569 639 (ι)
607 565 785 621 ftedus
821 579 1002 619 meum
1050 562 1156 619 diei
1205 570 1259 616 et
1311 561 1510 624 noctis,
1555 570 1757 618 statuta
1791 564 1913 618 coeli
1949 572 2006 618 et
2031 569 2072 626 Α
2107 562 2271 618 miam
2324 578 2355 617 a
2402 561 2656 625 Domino,
2697 561 2886 616 dicens
2921 579 2935 615 :
2986 561 3071 615 15.
3118 560 3211 616 Sic
3242 561 3379 615 dixit
3419 563 3685 619 Dominus

416 671 573 713 terra:
624 674 731 712 non
782 656 1053 718 ordinavi,
1092 656 1184 710 26.
1235 654 1401 709 etiam
1444 670 1628 709 semen
1684 654 1911 719 Jacobi,
1946 667 2001 712 et

419 751 661 816 Davidis,
700 750 845 806 servi
881 749 1011 811 mei,
1043 747 1368 817 reprobabo,
1403 756 1461 801 ut
1509 762 1618 800 non
1672 761 1886 801 sumam
1932 764 1999 803 ex

415 844 625 898 semine
673 842 795 911 ejus
849 841 1149 912 principem
1199 838 1267 893 ad
1326 852 1514 893 semen
1577 838 1896 901 Abrahatni,
1945 846 2000 893 et

416 930 622 996 lsaaci,
666 938 722 984 et
754 929 976 993 Jacobi;
1023 929 1156 997 quia
1213 935 1531 983 convertam
1586 930 1998 984 conversionem

414 1036 627 1085 eorum,
656 1030 711 1075 et
736 1020 1034 1075 miserebor
1056 1033 1271 1074 eorum.

485 1111 616 1181 Cap.
666 1110 983 1166 XXXIV.-—-
1005 1111 1058 1164 l.
1088 1108 1352 1170 Verbum,
1383 1109 1526 1179 quod
1564 1108 1765 1165 factum
1799 1119 1887 1166 est
1921 1112 1993 1165 ad

413 1200 700 1256 Jeremiam
723 1217 753 1256 a
786 1200 1051 1255 Domino:
1084 1210 1137 1256 et
1162 1198 1666 1256 Nabuchodonosor
1680 1217 1771 1257 rex
1809 1201 1986 1272 Baby-

416 1293 579 1356 lonis,
615 1302 670 1349 et
713 1294 898 1348 omnia
946 1301 1129 1348 castra
1188 1294 1339 1362 ejus,
1394 1299 1451 1346 et
1486 1293 1670 1349 omnis
1704 1293 1801 1365 tm)
1852 1304 1998 1349 terra

418 1385 753 1455 principatus
785 1388 851 1454 Χ
878 1371 1125 1452 manus1
1165 1385 1309 1453 ejus,
1352 1394 1406 1439 et
1449 1399 1643 1441 omnes
1674 1386 1860 1455 populi
1899 1400 1999 1455 pu-

415 1479 656 1548 gnabant
690 1494 855 1546 super
911 1476 1240 1544 Jerusalem,
1283 1487 1340 1532 et
1374 1494 1541 1547 super
1602 1493 1795 1534 omnes
1836 1478 1999 1532 urbes

413 1566 586 1633 Judae,
617 1569 804 1623 dicens
835 1588 850 1624 :
881 1569 937 1624 2.
973 1569 1065 1624 Sic
1098 1571 1238 1623 dixit
1278 1570 1545 1623 Dominus
1576 1569 1714 1625 Deus
1739 1570 1952 1625 lsraelis
1979 1587 1995 1625 :

416 1654 582 1720 Vade,
614 1658 684 1726 Χ
720 1658 809 1712 die
848 1658 870 1726 1
904 1658 969 1712 ad
1007 1658 1294 1713 Sedeciam
1323 1674 1505 1728 regem
1549 1656 1724 1722 Iudae,
1758 1666 1813 1713 et
1846 1658 1999 1713 dices

415 1750 463 1802 ci
495 1765 511 1801 :
545 1746 638 1803 Sic
670 1750 808 1803 dixit
835 1748 1098 1804 Dominus
1125 1768 1140 1804 :
1174 1756 1252 1817 (η)
1277 1749 1568 1805 Tradendo
1601 1751 1845 1805 tradetur
1865 1751 1998 1806 urbs

417 1840 533 1895 haec
568 1841 622 1895 in
665 1856 863 1896 manus
908 1840 1053 1910 regis
1094 1840 1425 1913 Babylonis:
1461 1842 1534 1912 (0)
1571 1849 1625 1897 et
1662 1842 1840 1909 capiet
1875 1856 1995 1897 eam

416 1930 492 2001 (ρ)
529 1932 581 1984 in
625 1931 766 2001 igne.
804 1932 859 1985 5.
886 1931 952 1987 Ει
995 1940 1050 1986 tu
1095 1948 1204 1986 non
1250 1933 1448 1987 evades
1491 1947 1523 1987 e
1566 1948 1731 1987 manu
1763 1931 1907 2003 ejus,
1940 1941 1997 1987 et
2028 1913 2071 1972 Β

417 2023 682 2091 capiendo
727 2022 983 2091 capieris,
1034 2030 1090 2077 et
1141 2023 1196 2076 in
1246 2038 1442 2077 manus
1492 2023 1612 2092 ejus
1649 2023 1909 2079 daberis:
1941 2031 1996 2079 et

418 2113 562 2166 oculi
598 2113 675 2166 tui
708 2113 900 2168 oculos
928 2112 1000 2182 (q)
1032 2113 1175 2183 regis
1215 2111 1511 2183 Babylonis
1542 2114 1820 2178 videbunt,
1853 2123 1908 2169 et
1933 2130 1997 2171 os

417 2205 538 2279 ejus
573 2220 696 2265 cum
739 2220 834 2262 ore
858 2215 950 2261 tuo
978 2205 1249 2276 loquetur,
1271 2215 1325 2261 et
1357 2208 1411 2259 in
1438 2206 1765 2279 Babylonem
1800 2207 1998 2277 ingre-

419 2302 608 2357 dieris.
635 2301 683 2354 4.
723 2298 829 2354 Sed
868 2299 994 2354 audi
1055 2298 1279 2352 verbum
1335 2295 1575 2361 Domini,
1620 2295 1844 2352 Sedecia
1902 2312 1995 2351 rex

415 2394 569 2450 Judae
597 2416 612 2448 ;
646 2393 727 2449 sic
757 2393 897 2447 dixit
929 2390 1192 2445 Dominus
1226 2392 1293 2459 χ
1323 2389 1390 2444 de
1416 2397 1471 2443 te
1501 2389 1560 2457 1:
1597 2388 1715 2444 Non
1749 2389 1998 2444 morieris

416 2488 475 2540 in
501 2486 700 2556 gladio,
726 2485 780 2539 5.
809 2484 862 2538 in
891 2499 1023 2553 pace
1048 2482 1299 2538 morieris
1327 2483 1434 2554 :(r)
1470 2490 1524 2537 et
1563 2482 1707 2537 sicut
1739 2481 1996 2550 deplora-

420 2587 548 2633 runt
582 2584 762 2646 patres
802 2586 945 2636 tuos,
976 2575 1071 2645 qui
1123 2584 1422 2643 regnarunt
1480 2582 1614 2628 ante
1653 2576 1720 2640 Χ
1754 2572 1847 2642 qui
1883 2574 1999 2627 fue-

417 2678 549 2723 runt
578 2667 601 2736 1
634 2676 686 2722 te
740 2667 826 2736 (°),
862 2665 940 2722 sic
986 2664 1343 2734 deplorabunt
1375 2664 1540 2719 etiam
1597 2672 1669 2725 te,
1706 2673 1891 2732 atque,
1922 2676 2001 2717 vae

418 2756 667 2823 Dotuine,
694 2757 951 2827 plangant
987 2764 1061 2819 te,
1087 2756 1216 2824 quia
1243 2755 1311 2825 (ε)
1338 2770 1533 2825 magna
1563 2755 1631 2821 λ(
1660 2769 1762 2823 ego
1794 2753 1816 2821 1
1848 2753 2000 2809 Iocu-

415 2859 664 2914 tussum,
706 2849 839 2904 dicit
860 2848 1145 2902 Dominus.
1182 2848 1237 2903 ti.
1287 2846 1353 2901 Et
1380 2847 1598 2901 locutus
1629 2858 1712 2900 est
1763 2844 1998 2900 Jeremia

417 2942 683 3011 propheta
715 2940 781 2996 ad
826 2939 1109 2995 Sedeciam
1162 2954 1343 3011 regem
1399 2936 1554 2992 Jnda:
1609 2939 1793 2992 munia
1835 2938 1997 2992 verba

418 3033 535 3089 bmc
561 3034 616 3087 in
647 3031 973 3090 Jerusalem.
1015 3032 1070 3085 7.
1118 3029 1186 3084 Et
1212 3040 1454 3100 potestas
1508 3031 1650 3100 regis
1704 3029 1999 3102 Babylonis

417 3125 696 3195 pugnabat
735 3140 900 3194 super
955 3122 1259 3179 Jerusalem
1282 3161 1298 3186 ,
1352 3133 1410 3179 et
1454 3137 1619 3192 super
1652 3126 1719 3192 ὶε(
1749 3139 1940 3179 onmes
1970 3123 1993 3192 1

416 3217 579 3273 urbes
607 3216 760 3272 Iudae
784 3216 1055 3279 residuas,
1084 3231 1251 3285 super
1272 3213 1494 3279 Lachis,
1522 3224 1576 3269 et
1600 3230 1768 3284 super
1790 3214 1996 3283 Azrca;

414 3309 675 3378 quoniam
709 3310 791 3363 ha:
820 3308 1024 3363 relicta:
1049 3292 1273 3362 fuerunt
1298 3306 1351 3360 in
1385 3307 1616 3361 urbibus
1651 3305 1807 3363 Iudae
1831 3307 1998 3363 urbes

417 3399 732 3454 munitae.8.
767 3398 1024 3464 Verbum,
1053 3398 1199 3469 quod
1238 3397 1442 3452 factum
1475 3406 1561 3454 est
1598 3398 1666 3453 ad
1705 3396 1999 3453 Jeremiam

416 3506 449 3546 a
476 3489 727 3555 Domino,
760 3498 1053 3561 postquam
1089 3488 1154 3558 (ι)
1194 3489 1601 3545 consummavit
1638 3506 1728 3544 rex
1776 3488 2001 3547 Sedecia

417 3581 598 3637 fwdus
636 3596 763 3652 erga
794 3584 863 3650 χ
893 3596 1110 3636 omnem
1149 3580 1174 3650 1
1211 3582 1471 3663 populum
1534 3582 1630 3652 qui
1680 3583 1736 3637 in
1776 3581 2002 3639 Jerusa-

416 3673 544 3738 lem,
577 3674 645 3728 ad
678 3674 983 3728 vocandum
1037 3676 1101 3732 ur
1139 3673 1220 3728 eis
1255 3672 1276 3741 1
1314 3674 1395 3743 (ιι)
1430 3674 1824 3741 dimissionem,
1857 3675 1912 3730 9.
1943 3683 2003 3731 ut

415 3765 737 3818 amandaret
768 3764 1145 3834 unusquisque
1186 3780 1400 3819 servum
1420 3780 1604 3829 suum,
1638 3774 1693 3820 et
1726 3767 1795 3833 Χ
1831 3780 2003 3821 unus—

415 3855 649 3925 quisque
703 3855 724 3923 1
773 3856 1026 3910 ancillam
1076 3872 1257 3920 suam,
1295 3853 1579 3909 Hebraeum
1626 3865 1680 3909 et
1722 3855 2000 3910 Hebraeum

418 3946 641 4011 liberos,
676 3948 754 4018 (π)
792 3958 852 4002 ut
882 3964 987 4002 non
1031 3949 1214 4002 colant
1268 3948 1554 4003 servitium
1601 3948 1685 4001 vir
1719 3962 1785 4002 ex
1837 3946 1998 4012 Juda,

416 4036 794 4108 fraterXejus
826 4038 874 4105 1.
901 4038 988 4093 10.
1016 4039 1081 4091 Ει
1103 4039 1306 4093 reversi
1334 4047 1462 4094 sunt
1484 4054 1678 4093 omnes
1695 4047 1999 4105 magnates,

414 4138 472 4185 et
498 4131 679 4185 omnis
710 4130 964 4200 populus,
1003 4130 1097 4199 qui
1138 4131 1371 4199 ingressi
1425 4140 1586 4186 erant
1620 4130 1675 4184 in
1703 4128 1908 4194 foedus,
1942 4136 2003 4183 ut

414 4223 712 4277 dimitteret
741 4223 1120 4292 unusquisque
1163 4238 1380 4277 servum
1428 4239 1588 4277 suunt
1614 4231 1668 4277 et
1699 4222 2002 4292 unusquis-

416 4330 522 4384 que
569 4314 824 4369 aneiliam
861 4331 1042 4379 suam,
1076 4314 1365 4370 Hebraeum
1387 4324 1443 4370 et
1464 4313 1746 4370 llebrazam
1775 4314 1999 4379 liberos,

418 4414 478 4461 ut
509 4422 618 4461 non
656 4407 905 4462 colerent
934 4406 1217 4462 servitium
1264 4407 1538 4477 amplius;
1564 4416 1617 4462 et
1648 4407 1998 4470 audiverunt,

2109 654 2249 709 Deus
2287 654 2503 710 lsraelis
2535 672 2551 708 :
2584 653 2697 725 Ego
2722 653 2971 722 disposui
3007 653 3184 708 foedus
3228 653 3296 709 ad
3339 664 3522 723 patres
3554 670 3685 709 ves-

2104 756 2219 803 tros
2250 746 2304 800 in
2340 745 2449 809 die,
2505 759 2619 814 quo
2644 743 2716 815 (ὁ)
2750 744 2925 813 eripui
2973 759 3070 799 eos
3100 759 3164 798 ex
3200 754 3343 799 terra
3376 744 3619 816 Egypti,
3651 762 3685 801 e

2102 841 2268 895 domo
2301 837 2604 901 servitutis,
2633 837 2823 890 dicens
2853 852 2869 891 :
2898 835 2966 890 14
2997 835 3069 905 (c)
3091 835 3227 889 Cum
3260 837 3517 906 completi
3556 840 3678 892 fue-

2102 932 2213 985 rint
2238 945 2333 985 sex
2363 929 2514 994 anni,
2539 927 2783 983 dimittes
2811 925 3034 981 fratrem
3066 935 3219 981 tuum
3248 926 3567 997 Hebraeum,
3586 930 3680 997 qui

2103 1021 2358 1076 venditus
2411 1019 2572 1074 fuerit
2615 1018 2735 1083 tibi,
2785 1026 2840 1073 et
2869 1019 3193 1088 cperabitur
3223 1019 3323 1073 tibi
3349 1035 3445 1075 sex
3477 1036 3678 1083 annos,

2102 1125 2158 1171 et
2184 1114 2429 1168 dimittes
2447 1128 2575 1168 eum
2601 1112 2830 1167 liberum
2854 1127 2884 1166 a
2919 1121 2989 1167 te.
3019 1111 3087 1166 Et
3114 1127 3223 1167 non
3245 1115 3571 1168 audiverunt
3594 1131 3684 1171 me

2103 1215 2287 1276 patres
2335 1204 2539 1268 vestri,
2599 1212 2654 1258 et
2699 1218 2807 1257 non
2861 1204 3201 1258 inclinarunt
3255 1220 3446 1258 aurem
3498 1222 3678 1260 suam.

2103 1297 2172 1351 15
2202 1298 2280 1366 (d)
2310 1296 2375 1349 Et
2408 1298 2660 1352 conversi
2700 1303 2830 1350 sunt
2858 1295 3021 1351 hodie
3044 1296 3110 1351 ad
3137 1297 3444 1352 faciendum
3472 1311 3679 1353 rectum

2101 1401 2231 1445 ante
2261 1391 2456 1446 oculos
2480 1407 2652 1457 meos,
2684 1403 2744 1446 ut
2766 1400 2988 1446 vocaret
3018 1391 3088 1462 (ε)
3113 1392 3490 1447 dimissionem
3519 1411 3684 1449 mms-

2101 1482 2335 1551 quisque
2385 1482 2621 1552 proximi
2669 1483 2755 1537 sui
2792 1499 2806 1535 :
2838 1490 2896 1537 et
2945 1496 3473 1540 consummaverunt
3501 1487 3682 1542 fiedus

2100 1584 2228 1629 aute
2282 1572 2479 1629 faciem
2540 1589 2718 1629 meam
2768 1574 2822 1628 in
2870 1574 3060 1639 domo,
3107 1591 3217 1645 qua
3253 1577 3562 1631 invocatum
3596 1590 3684 1633 est

2101 1681 2303 1721 nomen
2336 1682 2518 1721 meum
2551 1681 2720 1737 super
2748 1681 2833 1721 ea.
2872 1666 2961 1721 16.
2987 1667 3056 1721 Et
3089 1669 3290 1723 reversi
3321 1670 3475 1735 esus,
3496 1683 3550 1725 et
3572 1672 3685 1739 pol-

2101 1756 2286 1811 luistis
2319 1771 2518 1810 nomen
2550 1768 2754 1821 meum,
2787 1762 2847 1809 ut
2872 1755 3050 1810 redire
3075 1754 3280 1810 faceret
3301 1760 3682 1829 unusquisque

2102 1857 2323 1898 scrvum
2376 1858 2576 1908 suum,
2629 1852 2685 1898 et
2736 1843 3123 1914 unusquisque
3176 1846 3433 1899 ancillam
3494 1862 3677 1913 suam,

2098 1950 2241 2005 quos
2289 1935 2622 2009 dimiseratis
2664 1935 2868 1990 liberos
2909 1935 3108 1990 animm
3133 1951 3267 1999 sum,
3295 1946 3351 1991 et
3378 1938 3679 2008 subegistis

2098 2043 2218 2094 eos,
2253 2037 2313 2083 ut
2336 2028 2450 2083 sint
2471 2028 2630 2083 vobis
2653 2027 2706 2082 in
2737 2042 2952 2093 servos,
2978 2038 3033 2083 et
3059 2027 3112 2083 in
3138 2029 3390 2084 ancillas.
3426 2031 3511 2085 l7.
3544 2032 3683 2100 Pro-

2098 2128 2220 2189 pter
2240 2119 2343 2173 hoc
2367 2119 2449 2174 sic
2473 2117 2615 2173 dixit
2640 2117 2911 2174 Dominus
2942 2137 2957 2174 :
2991 2118 3101 2175 Vos
3122 2135 3234 2175 non
3258 2121 3547 2177 audivistis
3568 2139 3681 2187 me,

2100 2219 2161 2264 ut
2206 2219 2426 2264 vocaret
2467 2209 2846 2266 dimissionem
2894 2213 3280 2283 unusquisque
3336 2214 3401 2269 ad
3454 2214 3679 2269 fratrem

2101 2315 2288 2366 suum,
2329 2311 2384 2356 et
2430 2301 2816 2373 unusquisque
2849 2303 2917 2357 ad
2962 2305 3276 2373 proximum
3322 2321 3507 2359 suum.
3545 2306 3684 2361 Ecce

2100 2406 2207 2460 ego
2257 2406 2399 2447 voco
2443 2392 2602 2447 vobis
2648 2392 3050 2456 dimissionem,
3103 2393 3239 2447 dicit
3286 2393 3575 2459 Dominus,
3626 2397 3681 2449 iu

2108 2482 2370 2552 giadium,
2406 2491 2463 2539 et
2506 2484 2559 2537 in
2600 2493 2854 2546 mortem,
2893 2493 2947 2539 et
2973 2485 3026 2537 in
3059 2485 3256 2539 famem
3293 2496 3387 2540 :et
3416 2487 3560 2540 dabo
3586 2504 3685 2543 vos

2100 2574 2155 2629 iu
2205 2574 2603 2643 dispersioncm
2639 2575 2694 2629 in
2725 2575 2986 2630 omnibus
3028 2576 3210 2644 regnis
3259 2584 3418 2631 terra!
3452 2596 3465 2631 :
3500 2578 3588 2632 18.
3627 2588 3682 2632 et

2100 2666 2245 2722 dabo
2298 2681 2397 2722 eos
2452 2666 2735 2732 homines,
2790 2668 2883 2736 qui
2934 2670 3263 2738 transgressi
3310 2677 3441 2723 sunt
3500 2668 3683 2724 fmdus

2102 2773 2310 2821 meum,
2359 2757 2455 2826 qui
2500 2772 2610 2812 non
2642 2756 3025 2819 stabiliverant
3067 2761 3133 2826 χ
3171 2759 3340 2813 verba
3390 2759 3413 2827 1
3462 2759 3683 2815 foederis

2103 2849 2235 2913 mei,
2271 2848 2422 2917 quod
2468 2846 2721 2905 fecerunt
2775 2858 2903 2905 ante
2948 2848 3142 2905 faciem
3191 2863 3393 2914 meam,
3427 2850 3679 2914 vitulum,

2099 2939 2168 3010 (Γ)
2195 2955 2354 3010 quem
2391 2938 2638 2995 fecerunt
2660 2944 2728 3009 χ(
2750 2942 2828 3011 (g)
2862 2941 2917 2995 in
2940 2941 3052 2995 duo
3077 2941 3128 3010 1,
3161 2950 3216 2997 et
3248 2941 3590 2996 transierunt
3613 2946 3682 3010 βε(

2100 3031 2158 3086 in
2194 3032 2380 3087 medio
2434 3039 2843 3103 segmentorum
2876 3033 3000 3103 ejus
3035 3034 3083 3102 1,
3140 3033 3228 3088 19.
3274 3032 3353 3105 (ἡ)
3390 3035 3683 3103 praefectos

2098 3121 2274 3187 Judat,
2313 3131 2368 3179 et
2398 3123 2681 3194 pmfectos
2709 3122 3031 3191 Jerusalem,
3065 3126 3380 3190 eunuchos,
3412 3136 3463 3181 et
3499 3141 3683 3181 sacer-

2102 3216 2279 3282 dotes,
2315 3225 2370 3272 et
2409 3230 2632 3271 omnem
2676 3217 2940 3288 populum
2990 3225 3150 3273 terrai
3179 3219 3243 3287 (ἱ)
3279 3218 3337 3283 ii,
3371 3217 3467 3287 qui
3499 3229 3685 3272 trans-

2103 3308 2286 3365 ierunt
2337 3307 2391 3362 in
2440 3308 2621 3363 medio
2670 3313 3080 3378 segmentorum
3125 3308 3302 3374 vituli,
3330 3307 3423 3362 20.
3454 3315 3511 3363 et
3537 3309 3685 3363 dabo

2103 3413 2201 3455 eos
2239 3399 2293 3453 in
2325 3413 2495 3453 manu
2530 3399 2776 3454 hostium
2805 3414 3020 3465 eorum,
3053 3409 3109 3454 et
3140 3399 3193 3454 in
3227 3416 3391 3455 manu
3426 3416 3683 3471 quaeren-

2102 3490 2241 3546 tium
2270 3490 2489 3544 animas
2509 3504 2726 3556 eorum,
2748 3499 2802 3547 et
2820 3490 2963 3546 dabo
2984 3491 3255 3547 cadavera
3271 3507 3460 3546 eorum
3491 3493 3678 3547 cibum

2103 3584 2426 3639 volatilibus
2470 3583 2619 3650 cteli,
2649 3593 2707 3639 et
2741 3583 2934 3640 bestiis
2960 3591 3141 3639 terrai.
3182 3584 3273 3639 21.
3302 3583 3370 3638 Ει
3402 3584 3684 3639 Sedeciam

2101 3689 2284 3745 regem
2349 3672 2554 3730 Judzeae
2587 3713 2605 3742 ,
2670 3683 2726 3729 et
2788 3673 3062 3744 principes
3140 3689 3334 3730 eorum
3412 3675 3554 3731 dabo
3626 3675 3685 3729 in

2106 3779 2303 3819 manus
2365 3763 2716 3820 inimicorum
2781 3778 3000 3829 eorum,
3065 3764 3215 3818 etin
3259 3778 3482 3818 manum
3532 3779 3688 3834 qua:-

2104 3854 2346 3909 rentium
2399 3853 2617 3910 animas
2653 3869 2872 3921 eorum,
2929 3863 2985 3910 et
3024 3853 3079 3908 in
3127 3870 3354 3909 manum
3397 3856 3686 3925 potestatis

2105 3947 2250 4015 regis
2274 3945 2596 4018 Babylonis,
2629 3946 2702 4017 (Ir)
2729 3945 3053 4018 fugientium
3082 3946 3153 4002 ab
3173 3947 3275 4003 eis.
3310 3946 3402 4002 22.
3427 3947 3569 4004 Ecce
3583 3963 3687 4017 ego

2104 4037 2382 4107 praecipio,
2417 4038 2548 4093 dicit
2584 4036 2874 4107 Dominus,
2911 4045 2967 4093 et
2993 4038 3251 4093 reducam
3278 4052 3376 4093 eos
3409 4039 3464 4093 in
3491 4038 3684 4093 urbem

2105 4129 2267 4194 hanc,
2325 4140 2381 4185 et
2428 4131 2722 4201 pugnaturi
2751 4133 2820 4199 Χ
2846 4145 3012 4200 super
3047 4145 3169 4185 eam
3209 4131 3257 4201 1,
3293 4131 3509 4200 capient
3536 4145 3684 4197 eam,

2101 4227 2157 4276 et
2182 4222 2509 4276 comburent
2541 4237 2663 4276 eam
2698 4222 2751 4275 in
2781 4221 2926 4292 igne,
2965 4229 3021 4276 et
3046 4223 3212 4278 urbes
3240 4221 3395 4277 luds:
3417 4223 3562 4277 dabo
3592 4237 3689 4277 eas

2104 4309 2158 4364 in
2183 4326 2292 4366 non
2324 4313 2576 4381 pervium
2606 4312 2677 4367 ab
2714 4312 3141 4368 habitatoribus.

2172 4401 2303 4470 Cap.
2350 4400 2570 4457 XXXV.
2603 4431 2674 4443 -—-
2717 4404 2768 4458 l.
2802 4401 3067 4470 Verbum,
3098 4404 3243 4472 quod
3274 4403 3475 4458 factum
3501 4414 3585 4458 est
3613 4404 3684 4458 ad

414 4508 470 4555 et
498 4499 846 4553 dimiserunt.
897 4499 980 4552 ll.
1024 4498 1091 4552 Et
1125 4501 1330 4554 reversi
1362 4497 1780 4568 suutposthaec
1815 4496 1914 4566 (ῃ),
1946 4506 2001 4551 et
2101 4493 2397 4551 Jeremiam
2458 4510 2490 4549 a
2536 4492 2774 4549 Domino
2817 4494 2872 4548 in
2919 4494 3115 4549 diebus
3142 4494 3479 4550 Joacim'lilii
3517 4493 3687 4551 Josite

414 4590 595 4645 redire
644 4589 895 4645 fecerunt
941 4604 1130 4644 servos
1176 4599 1230 4643 et
1266 4589 1519 4656 ancillas,
1548 4603 1692 4658 quos
1728 4587 1802 4658 (πὶ
1835 4587 2000 4643 dimi-
2030 4593 2075 4649 ι)
2105 4587 2250 4656 regis
2302 4583 2481 4649 Judze,
2515 4585 2712 4641 dicens
2743 4603 2757 4639 :
2784 4585 2840 4639 2.
2867 4583 3017 4639 Vade
3045 4585 3098 4637 in
3135 4586 3358 4639 domum
3389 4586 3450 4655 (ι)
3472 4585 3682 4640 Recha-

415 4689 601 4735 seraut
634 4680 856 4743 liberos,
892 4677 966 4750 (a)
996 4690 1051 4733 et
1075 4679 1424 4749 reliquerunt
1453 4694 1552 4734 eos
1578 4679 1632 4733 in
1656 4692 1848 4734 servos
1870 4679 1997 4733 etin
2102 4679 2215 4735 bim
2255 4697 2267 4732 :
2306 4677 2403 4749 (ut)
2437 4687 2490 4732 et
2519 4693 2652 4732 voca
2684 4690 2800 4745 eos,
2825 4686 2881 4733 et
2902 4676 3220 4732 introduces
3247 4693 3344 4732 eos
3378 4679 3431 4731 in
3456 4679 3681 4732 domum

415 4768 665 4824 ancillas.
703 4768 793 4822 12.
825 4767 889 4822 Et
920 4768 1121 4824 factum
1146 4776 1231 4836 est
1261 4769 1490 4824 verbum
1524 4766 1741 4822 Domini
1765 4767 1833 4823 ad
1850 4764 1999 4822 εἰει-θ·
2105 4767 2325 4823 Domini
2369 4768 2449 4838 (η)
2495 4767 2549 4822 in
2593 4783 2763 4821 unuut
2814 4781 2881 4822 ex
2934 4767 3009 4837 (ο)
3050 4769 3227 4835 atriis,
3283 4776 3339 4822 et
3383 4768 3683 4823 bibendum

434 5000 439 5003 Α
489 4931 551 5005 (Ι)
587 4930 668 4996 S.,
710 4930 888 4987 furius
912 4943 1114 4983 meum.
1220 4927 1315 5000 (ηπ)
1350 4928 1443 4992 Λ.,
1491 4926 1646 4998 copia
1698 4926 1838 4998 ejus.
1868 4925 1954 4994 S.,
1982 4937 2246 5000 petestas.
2350 4927 2428 5069 Su)
2456 4926 2548 4995 Λ.,
2578 4943 2706 4984 ecce
2734 4943 2835 4999 ego
2863 4927 3095 4985 daturus
3123 4943 3245 4983 sum
3296 4928 3484 4983 urbem
3516 4929 3682 4985 hanc.

434 5006 492 5069 ὀ)
512 5003 601 5068 Λ.,
626 5012 678 5057 et
718 5002 1004 5057 comburet
1022 5015 1165 5054 eam.
1243 5002 1319 5068 (ῃ)
1350 4998 1417 5051 Et
1437 5001 1720 5054 comburet
1741 5015 1886 5055 eam.
1970 5002 2042 5069 (q)
2074 4998 2226 5069 Ejus.
2312 4998 2361 5069 (r
2405 4998 2493 5065 A.,
2525 5007 2580 5054 et
2613 4999 2757 5053 sicut
2776 4999 3184 5053 combustiones
3212 5008 3429 5069 patrum
3462 5009 3682 5055 tuorum

415 4998 601 5074 (ο)’Ᾱ.,
626 5012 678 5057 et
718 5002 1004 5057 comburet
1022 5015 1165 5054 eam.
1233 4998 1319 5068 ‘(m
1350 4998 1417 5051 Et
1437 5001 1720 5054 comburet
1741 5015 1886 5055 eam.
1970 4998 2042 5071 (q)
2074 4998 2226 5074 Ejus.
2312 4998 2381 5071 (r)
2405 4998 2493 5065 A.,
2525 5007 2580 5054 et
2613 4999 2757 5053 sicut
2776 4999 3184 5053 combustiones
3212 5008 3429 5069 patrum
3462 5009 3683 5055 tuorum

414 5072 604 5164 regum
637 5094 902 5164 priorum,
928 5091 1017 5161 qui
1046 5090 1268 5147 fuerunt
1288 5090 1343 5144 in
1380 5089 1517 5144 facie
1534 5099 1623 5145 tua
1643 5088 2000 5162 [Hebr-uisum.

415 5165 567 5221 butn.
601 5167 667 5235 (t)
692 5164 788 5239 _A.,
814 5163 1035 5239 excidit.
1066 5160 1142 5239 (te)
1173 5159 1267 5239 _A.,
1306 5159 1642 5239 facilitatem,
1679 5169 1741 5215 ut
1767 5161 2000 5239 dimittet

2101 5072 2196 5149 πει)
2221 5106 2317 5160 pro
2340 5100 2461 5143 ante
2485 5100 2552 5144 te.
2582 5089 2708 5161 Dn.]
2733 5108 2748 5155 ;
2784 5091 2864 5145 sic
2885 5090 3211 5145 comburent
3238 5098 3309 5144 te.
3342 5090 3413 5161 (ε)
3449 5090 3538 5157 Λ.,
3565 5107 3652 5146 ver

2101 5163 2180 5214 vir
2194 5176 2411 5216 servum
2434 5176 2620 5239 suum,
2646 5175 2705 5239 _et
2735 5161 2816 5239 vir
2843 5160 3094 5239 ancillam
3126 5176 3305 5215 suam.
3380 5161 3581 5239 _(_:t:)_S.,
3625 5169 3687 5217 ut

416 5250 528 5293 non
562 5228 787 5308 servire
808 5228 1330 5308 facet-gntdudaeutn
1374 5228 1597 5308 fratrem
1628 5246 1804 5308 suum“
1827 5245 1894 5308 ne
1918 5231 2347 5308 quidemunum.
2424 5230 2501 5301 (υ)
2536 5230 2613 5308 Es
2644 5230 2863 5308 lsraeljz.
2941 5232 3016 5300 (κ)
3046 5229 3687 5308 Postquamdi‘miserant

415 5321 532 5360 eos.
610 5306 691 5377 (a)
712 5306 834 5358 ΚΑΙ
866 5301 1111 5366 ΕΩΣΑΝ,
1145 5311 1194 5356 et
1223 5302 1439 5355 nussum
1467 5301 1722 5371 fecerunt.
1761 5298 1967 5367 Reliqui
1998 5316 2017 5352 :
2042 5310 2098 5356 et
2123 5298 2489 5370 subegerunt.
2574 5301 2647 5370 (b)
2671 5299 2762 5365 A.,
2791 5298 2875 5364 S.,
2900 5298 2958 5355 et
2997 5298 3210 5354 eduxif
3284 5301 3357 5423 (σε)
3387 5299 3476 5365 Λ.,
3500 5317 3529 5355 a
3556 5317 3686 5357 con-

418 5378 788 5423 rmmmalione
820 5383 1027 5423 sentem
1067 5386 1357 5423 annorum.
1398 5369 1482 5423 S..
1522 5387 1647 5423 cum
1668 5369 2006 5423 praeter-lapsi
2032 5369 2235 5423 fuerint
2256 5381 2461 5423 sentem
2494 5372 2646 5423 anni.
2724 5371 2803 5423 td.
2833 5370 2924 5423 A..
2946 5378 3000 5423 et
3020 5370 3271 5423 conversi
3319 5370 3474 5423 uistis
3496 5372 3678 5423 hodie.

418 5369 788 5431 summatione
820 5383 1027 5442 septem
1067 5386 1357 5442 annorum.
1398 5369 1482 5436 8.,
1519 5387 1655 5442 cuin
1668 5369 2235 5442 praeter-lapsifuerint
2256 5369 2461 5442 septem
2494 5369 2646 5426 anni.
2724 5371 2803 5440 (ιι,
2833 5370 2924 5435 Λ.,
2946 5370 3271 5442 et‘conAversi
3296 5369 3474 5425 fuistis
3496 5372 3678 5436 hodie,

415 5456 473 5502 et
502 5445 730 5502 fecistis.
808 5438 1000 5513 (c)—Ag
1027 5441 1354 5513 libertatem.
1391 5440 1584 5513 (ftiA.,
1616 5438 1700 5507 SI,
1722 5455 1883 5510 quem
1916 5438 2275 5513 diviseru_nt._
2301 5438 2495 5513 ('g)‘Ad
2516 5438 2851 5513 operandam
2876 5456 2962 5494 eo.
2999 5439 3075 5509 (It)
3111 5440 3378 5513 Praefecti.
3457 5443 3519 5512 (ἱ)
3549 5444 3675 5507 lius,

415 5518 512 5587 qui
544 5509 902 5587 transierunt.
953 5509 1309 5587 _'(k)_S.,qui
1348 5509 1820 5587 demigrarunta
1847 5509 2023 5587 vobis.
2086 5581 2099 5587 _
2127 5511 2189 5587 ᾳ)
2237 5509 2338 5575 S.,'
2370 5509 2972 5568 Bcchabimouitarum.
3067 5512 3165 5583 (ut)
3194 5510 3282 5577 Λ.,
3322 5509 3554 5576 ΤΙι.,’4;ι
3598 5515 3680 5567 lo-

416 5577 604 5656 queris
635 5587 738 5640 eis.
814 5583 892 5656 (ιι)
929 5577 1025 5649 Α.,’
1052 5577 1118 5638 ad
1143 5577 1313 5637 unum
1346 5598 1411 5637 ex
1441 5577 1674 5636 aerariis.
1751 5581 1828 5650 (ο)
1851 5577 1935 5646 S.,
1966 5577 2205 5637 exedris.

492 5766 558 5836 (Ἴ
588 5768 757 5839 Syrus
781 5770 1050 5841 interpres
1078 5770 1351 5840 duplicem
1390 5770 1481 5824 hic
1509 5770 1704 5826 inserit
1736 5773 2000 5830 lectiouen

2101 5771 2164 5825 Ex
2200 5787 2326 5835 Lxx,
2381 5771 2473 5841 qui
2522 5778 2817 5840 regnarunt
2846 5777 2971 5823 ante
3000 5777 3050 5824 lc
3078 5769 3225 5839 (τοὺς
3249 5769 3677 5841 βασιλεύσαντας

427 5852 688 5926 πρότερόν
728 5858 872 5928 σου),
900 5874 930 5914 e
959 5874 1089 5915 vero
1114 5859 1362 5923 Hebraeo,
1392 5858 1494 5913 sub
1525 5860 1811 5929 asterisco,
1844 5863 1937 5933 qui
1970 5862 2000 5918 fi

2101 5871 2191 5918 unt
2221 5870 2348 5916 ante
2383 5871 2435 5918 te
2470 5843 2654 5937 (T155
2688 5865 2987 5932 νῆ’-πῖθι).
3016 5861 3218 5917 οιιλειι.
