4134 6460
450 413 584 469 εδδ-ι

1619 401 1846 460 CODE‘X
1891 396 2556 473 SYRQ—liEXAPLARlS.

3575 396 3720 450 2568

455 538 533 593 tu,
565 537 619 582 et
641 528 837 583 domus
886 535 998 582 tua.
1028 525 1114 582 18.
1150 525 1207 580 Si
1245 533 1423 580 autem
1456 539 1562 578 non
1596 523 1834 579 exiveris
1863 525 1930 590 >ιί
1973 529 2029 575 ιιι
2065 523 2107 580 Α
2139 534 2418 572 murorum
2451 537 2465 574 :
2504 528 2557 572 et
2596 517 2801 588 egressi
2839 525 2966 572 sunt
2994 517 3046 572 in
3079 517 3163 572 via
3197 517 3274 588 (ά)
3311 517 3512 573 Araba.
3570 520 3624 574 5.
3659 519 3726 574 Et

455 620 519 672 ad
551 619 824 690 principes
857 620 1000 689 regis
1029 617 1318 690 Babylonis
1342 617 1363 686 ζ
1389 660 1404 682 ,
1433 617 1651 670 dabitur
1682 617 1812 670 urbs
1839 615 1954 670 haec
1981 613 2034 667 in

453 728 652 768 manus
687 711 1094 778 Chaldaeorum,
1122 719 1176 764 et
1204 710 1528 764 comburent
1554 723 1674 762 eam
1728 709 1782 762 in
1816 708 1960 776 igne,
1984 715 2040 760 et

471 817 528 860 ιιι
582 819 691 859 non
735 804 1035 860 salvaberis
1068 807 1135 873 >κ
1175 820 1203 859 a
1244 804 1498 858 manibus
1525 818 1714 858 eorum
1759 803 1807 873 ζ.
1845 801 1931 858 19.
1973 801 2040 856 Et

455 895 594 950 dixit
624 909 716 949 rex
745 893 970 949 Sedecia
999 893 1282 949 Jeremize:
1319 895 1392 963 (p)
1427 893 1536 965 Ego
1583 894 1725 948 ratio
1771 901 1855 949 est
1906 893 2039 947 mihi

455 988 792 1052 Judmorum,
827 989 918 1057 qui
950 989 1206 1059 fugerunt
1245 989 1312 1042 ad
1347 987 1654 1054 Chaldaeos,
1701 1004 1768 1043 ne
1797 990 1928 1043 dent
1955 1002 2042 1042 me

459 1082 512 1134 in
554 1095 748 1134 manus
777 1093 990 1143 eorum,
1021 1088 1076 1134 et
1102 1080 1332 1134 illudant
1367 1081 1522 1134 mihi.
1553 1079 1646 1134 20.
1685 1078 1750 1134 Et
1782 1079 1919 1134 dixit
1951 1077 2042 1134 Je-

459 1169 628 1222 remia
663 1184 674 1218 :
707 1166 824 1222 Non
850 1169 1067 1223 tradent
1100 1177 1170 1224 te.
1207 1170 1348 1224 Audi
1380 1172 1448 1238 >κ
1479 1185 1626 1224 nunc
1662 1171 1683 1237 ζ
1714 1170 1787 1242 (q)
1817 1170 2041 1224 verbum

459 1259 697 1323 Domini,
735 1260 805 1330 (r)
841 1261 986 1326 quod
1029 1276 1130 1330 ego
1179 1261 1373 1330 loquor
1401 1263 1467 1314 ad
1503 1271 1575 1326 te,
1621 1270 1674 1316 et
1707 1261 1905 1317 melius
1941 1262 2045 1317 erit

462 1351 576 1415 tibi,
611 1359 664 1404 et
695 1351 835 1404 vivet
853 1351 1034 1406 anima
1064 1361 1178 1406 tua.
1201 1351 1291 1406 2i.
1323 1351 1386 1407 Et
1408 1353 1452 1408 si
1475 1367 1582 1406 n0n
1615 1353 1852 1407 volueris
1873 1353 2043 1416 exire,

2137 612 2406 683 persecuti
2437 621 2564 667 sunt
2607 621 2850 682 potestas
2893 610 3274 666 Chaldaeorum
3324 622 3445 682 post
3492 629 3609 679 eos,
3671 623 3724 669 et

2139 705 2620 774 apprehenderunt
2651 702 2935 758 Sedeciam
2975 704 3042 773 (ε)
3087 704 3141 758 in
3193 703 3440 759 Araboth
3477 704 3722 770 Jericho,

2137 807 2192 852 et
2219 807 2536 852 sumserunt
2567 812 2714 862 eum,
2752 805 2806 851 et
2838 795 3113 850 duxerunt
3144 812 3270 851 eum
3316 798 3384 851 ad
3429 795 3726 852 Nabucho-

2139 888 2463 943 donosorem
2502 905 2684 960 regem
2737 889 3031 959 Babylonis
3081 889 3133 943 in
3181 888 3413 944 Beblath
3471 893 3526 946 in
3579 901 3725 948 terra

2141 976 2370 1032 liamath
2406 996 2419 1032 :
2453 987 2506 1033 et
2539 979 2768 1033 'lociItus
2799 988 2882 1034 est
2913 979 2978 1049 (Γ)
3017 995 3142 1035 cum
3175 996 3241 1035 eo
3278 981 3507 1052 judicia.
3541 983 3593 1037 6.
3646 983 3722 1054 (g)

2144 1068 2208 1122 Et
2251 1069 2513 1124 mactavit
2566 1085 2660 1124 rex
2695 1069 2989 1141 Babylonis
3037 1071 3179 1127 ﬁlios
3225 1074 3344 1142 ejus
3397 1075 3452 1128 in
3487 1075 3724 1129 Reblath

2143 1177 2328 1217 coram
2361 1163 2533 1219 oculis
2565 1165 2706 1234 ejus,
2753 1173 2806 1218 et
2854 1179 3046 1219 omnes
3095 1165 3173 1236 (Ιι)
3224 1167 3432 1222 nobiles
3473 1166 3627 1222 Judae
3663 1170 3726 1238 (ἱ)

2144 1256 2517 1310 mactavitrex
2549 1255 2860 1327 Babylonis.
2905 1258 2954 1310 7.
2999 1257 3062 1312 Et
3113 1259 3306 1314 oculos
3344 1259 3586 1316 Sedeciae
3623 1277 3726 1315 ex-

2144 1347 2385 1414 caecavit,
2427 1357 2481 1402 et
2506 1349 2678 1402 vinxit
2709 1363 2832 1403 eum
2859 1348 2931 1420 (Ir)
2967 1349 3026 1420 (Ι)
3059 1349 3113 1403 in
3148 1365 3277 1416 aere,
3315 1351 3381 1404 ad
3412 1350 3726 1406 ducendum

461 1442 566 1495 hoc
592 1441 844 1508 verbum,
878 1444 1022 1512 quod
1055 1443 1295 1498 ostendit
1332 1445 1467 1498 mihi
1498 1443 1784 1499 Dominus.
1832 1443 1922 1497 22.
1980 1443 2048 1497 Et
2145 1452 2274 1492 eum
2312 1438 2366 1492 in
2403 1438 2756 1508 Babylonem.
2789 1439 2844 1493 8.
2872 1439 2940 1495 Et
2970 1441 3191 1495 domum
3226 1443 3392 1510 regis,
3424 1451 3479 1497 et
3499 1444 3727 1496 domum

465 1547 593 1587 ecce
622 1546 816 1588 omnes
861 1533 1140 1599 mulieres,
1190 1549 1312 1604 qua;
1366 1535 1566 1590 relicta;
1617 1544 1745 1590 sum
1794 1537 1850 1590 in
1883 1536 2048 1590 domo
2147 1527 2330 1597 populi
2367 1527 2791 1583 combusserunt
2835 1528 3077 1583 Chaldaei
3118 1531 3170 1583 in
3214 1530 3358 1600 igne,
3401 1539 3455 1585 et
3510 1548 3727 1585 murum

460 1625 606 1694 regis
632 1622 807 1692 Judae,
837 1623 906 1696 (ε)
947 1640 1182 1696 egressa:
1207 1635 1338 1680 sunt
1362 1627 1428 1680 ad
1457 1626 1734 1696 principes
1763 1628 1906 1698 regis
1947 1625 2050 1681 Ba-
2148 1617 2449 1674 Jerusalem
2494 1618 2908 1674 destruxerunt.
2961 1621 3016 1676 9.
3073 1620 3141 1675 Et
3189 1623 3466 1678 residuum
3520 1625 3730 1693 populi,

460 1717 712 1788 bylonis,
771 1719 837 1790 (ι)
884 1727 938 1772 et
984 1717 1068 1771 ha:
1123 1718 1423 1773 dixerunt:
1469 1717 1822 1775 Seduxerunt
1861 1728 1944 1786 te,
1997 1729 2052 1775 et

2156 1710 2247 1780 qui
2279 1709 2502 1764 relictus
2531 1708 2636 1764 fuit
2667 1711 2720 1764 in
2761 1711 2916 1776 urbe,
2952 1723 3006 1767 et
3040 1727 3134 1768 eos
3166 1713 3260 1782 qui
3290 1728 3349 1768 se
3381 1713 3732 1778 dediderunt,

459 1810 861 1879 praevaluerunt
893 1809 990 1864 tibi
1019 1809 1117 1862 viri
1142 1809 1537 1880 paciﬁcixtni
1573 1811 1620 1882 ζ.
1653 1810 1732 1882 (α)
1769 1810 1833 1865 Ει
1862 1826 2050 1866 corro-
2081 1876 2120 1882 _
2152 1803 2248 1873 qui
2291 1817 2350 1858 se
2390 1803 2716 1858 dediderunt
2748 1802 2820 1868 ei.
2877 1811 2935 1858 et
2985 1803 3259 1873 reliquum
3317 1805 3539 1876 populi.
3593 1821 3736 1877 quos

459 1876 804 1956 ijorabuntur
834 1902 888 1956 in
913 1876 1156 1972 lapsibus
1181 1903 1334 1972 pedis
1476 1920 1488 1955 :
1539 1876 1888 1960 réce‘ss'erum
1911 1919 1941 1957 α
1975 1911 2046 1968 ιο,
2081 1876 2126 1934 Β
2155 1893 2374 1950 relictos
2407 1895 2718 1964 deportavit
2746 1892 3112 1949 Nabnzardan
3145 1896 3401 1966 princeps
3432 1876 3735 1968 coquorum

459 1993 553 2047 25.
588 1993 653 2048 Et
685 1995 753 2062 Χ
780 2009 976 2049 omnes
1007 1995 1029 2064 ζ
1062 2010 1262 2050 uxores
1289 2004 1442 2059 tuas,
1487 2005 1540 2050 et
1592 1996 1731 2050 filios
1775 2004 1898 2051 tuos
1919 1995 2051 2050 edu-
2154 1986 2208 2040 Ῐη
2240 1985 2592 2058 Babylonem
2624 1987 2712 2041 ίθ·
2737 1986 2814 2041 EX
2838 1996 3020 2042 amem
3049 1987 3249 2056 Ρορυιθ
3275 1988 3370 2058 (ηι)
3403 2003 3734 2058 Ρθυρθτυιην

463 2093 591 2139 cent
616 2085 683 2140 ad
715 2085 1003 2140 Chaldmos
1036 2097 1126 2140 εει
1163 2096 1219 2140 ιιι
1252 2100 1359 2139 non
1395 2086 1695 2142 salvaberis
1722 2089 1790 2155 χ(
1821 2101 1851 2140 a
1885 2102 2051 2141 manu
2153 2079 2354 2149 quibus
2379 2094 2491 2134 non
2527 2089 2645 2134 erat
2677 2096 2743 2135 ne
2777 2079 2994 2149 quidem
3035 2079 3266 2150 aliquid,
3293 2081 3514 2150 reliquit
3550 2081 3738 2137 Nabu-

463 2177 585 2246 ejus
623 2177 644 2244 ζ
675 2194 690 2242 ;
723 2177 852 2247 quia
887 2177 940 2231 in
973 2191 1135 2232 manu
1177 2178 1323 2249 regis
1367 2177 1660 2251 Babylonis
1689 2179 1956 2250 capieris:
2001 2189 2054 2236 et

466 2267 600 2320 urbs
635 2266 752 2320 haec
785 2266 1138 2321 comburetur
1167 2265 1220 2320 in
1270 2267 1415 2337 igne.
1441 2268 1532 2322 24.
1573 2266 1640 2322 Et
1686 2267 1822 2322 dixit
1847 2283 1941 2323 rex
1966 2268 2049 2324 ei:

467 2356 644 2412 Homo
672 2374 742 2412 ne
764 2360 902 2413 sciat
932 2373 998 2413 ex
1021 2358 1202 2414 verbis
1227 2359 1312 2414 bis
1339 2367 1429 2414 :ct
1449 2372 1558 2413 non
1583 2359 1853 2414 morieris.
1876 2359 1967 2415 25.
1986 2359 2054 2414 Et

466 2450 514 2506 si
544 2449 820 2506 audierint
885 2451 1182 2521 principes,
1239 2451 1384 2521 quod
1439 2452 1655 2508 locutus
1695 2468 1816 2507 sum
1850 2453 1967 2518 tibi,
2001 2461 2056 2508 et

465 2543 716 2596 venerint
745 2541 813 2596 ad
844 2550 916 2607 te,
939 2553 995 2598 et
1021 2542 1260 2598 dixerint
1289 2543 1386 2600 tibi
1411 2562 1425 2599 :
1450 2543 1727 2599 Annuntia
1757 2546 1826 2614 Ἀ(
1850 2559 1997 2598 nunc
2027 2544 2051 2614 ζ

470 2635 652 2702 nobis,
688 2637 822 2706 quid
868 2636 1084 2692 locutus
1125 2637 1204 2691 sis
1256 2637 1366 2707 regi
1408 2656 1421 2692 :
1453 2652 1521 2692 ne
1550 2637 1694 2693 celes
1730 2652 1760 2691 a
1792 2638 1966 2704 nobis,
2002 2645 2058 2692 et

469 2743 578 2782 non
619 2729 932 2784 occidemus
984 2737 1080 2784 te:
1116 2737 1172 2784 et
1225 2729 1356 2798 quid
1398 2729 1614 2784 locutus
1668 2729 1741 2784 sit
1794 2729 1890 2783 tibi
1928 2727 2057 2783 rex?

463 2820 556 2874 26.
594 2819 771 2875 Etiam
802 2819 953 2876 dices
977 2819 1060 2876 eis
1087 2837 1100 2874 :
1131 2819 1212 2892 (:r)
1237 2819 1474 2890 Projleio
1491 2835 1592 2890 ego
1620 2819 2056 2890 deprecationem

467 2926 647 2966 meam
673 2919 801 2966 ante
821 2911 1012 2967 oculos
1047 2911 1194 2981 regis
1219 2913 1285 2965 ad
1323 2913 1448 2977 hoc,
1501 2919 1557 2965 ut
1601 2927 1670 2967 ne
1701 2911 1925 2982 reducat
1971 2927 2058 2966 me

470 3003 526 3058 in
556 3003 782 3058 domum
808 3001 1167 3067 Jonathanis,
1219 3001 1290 3058 ad
1319 3000 1666 3056 moriendum
1720 3001 1816 3056 ibi.
1871 3001 1961 3055 27.
1991 2999 2058 3054 Et

469 3103 743 3150 venerunt
771 3109 964 3150 omnes
1004 3093 1279 3165 principes
1332 3094 1397 3148 ad
1438 3093 1758 3158 Jeremiam,
1806 3102 1861 3149 et
1891 3094 2060 3149 inter-

2155 2172 2359 2226 zardan
2397 2171 2651 2243 princeps
2679 2187 2982 2242 coquorum
3020 2172 3074 2226 in
3125 2182 3267 2227 terra
3301 2171 3478 2238 Judae,
3507 2182 3561 2228 et
3589 2175 3740 2230 dedit

2154 2265 2235 2319 eis
2272 2264 2461 2319 vineas
2498 2274 2550 2318 et
2603 2265 2924 2333 aquationes
2957 2264 3010 2318 in
3049 2263 3138 2320 die
3183 2265 3296 2319 illo.
3348 2265 3433 2319 11.
3477 2265 3544 2320 Et
3586 2282 3740 2321 com-

2155 2353 2433 2409 mendavit
2470 2353 2976 2412 Nabuchodonosor
3011 2371 3105 2410 rex
3133 2354 3428 2429 Babylonis
3463 2358 3543 2428 (ιι)
3587 2356 3742 2414 Jere—

2155 2447 2320 2501 miam
2351 2447 2404 2501 in
2442 2463 2607 2502 manu
2660 2446 3072 2505 Nabuzardanis
3115 2449 3188 2520 (ο)
3218 2450 3487 2520 principis
3519 2465 3741 2520 coquo-

2157 2555 2300 2608 rum,
2340 2540 2572 2595 dicens:
2607 2540 2692 2594 l2.
2745 2541 2912 2595 Sume
2943 2556 3092 2605 eum,
3115 2549 3169 2594 et
3213 2540 3405 2595 oculos
3445 2549 3568 2596 tuos
3601 2557 3744 2613 pone

2155 2645 2321 2700 super
2348 2646 2494 2695 eum,
2525 2638 2580 2685 et
2609 2645 2720 2685 non
2743 2629 2911 2686 facies
2935 2631 2984 2685 ei
3012 2645 3080 2685 ne
3101 2630 3319 2701 quidem
3342 2631 3549 2701 aliquid
3577 2631 3703 2685 mali
3723 2647 3741 2662 ο

2157 2724 2286 2793 quia
2321 2723 2414 2778 sed
2447 2723 2590 2779 sicut
2626 2723 2841 2779 locutus
2880 2722 3044 2778 fuerit
3071 2722 3138 2776 ad
3175 2732 3245 2786 te,
3301 2723 3383 2778 sic
3417 2721 3584 2778 facies
3612 2739 3740 2778 cum

2158 2830 2247 2870 eo.
2286 2815 2372 2869 t5.
2407 2813 2472 2870 Et
2499 2816 2650 2872 misit
2693 2815 3057 2872 Nabuzardan
3104 2816 3359 2886 princeps
3411 2830 3740 2884 coquorum,

2158 2916 2212 2962 et
2232 2904 2628 2963 Nabusazaban
2653 2906 2730 2981 (p)
2755 2909 3012 2979 princeps
3035 2908 3440 2972 cunuchorum,
3465 2915 3519 2961 et
3546 2906 3742 2978 Nargel

2161 3000 2618 3072 Sarasarrabmag
2639 3002 2688 3071 ζ,
2710 3010 2764 3057 et
2793 3017 2985 3058 omnes
2999 3001 3073 3073 (q)
3089 3002 3366 3072 principes
3403 3018 3546 3072 regis
3569 3001 3745 3074 Baby-

2162 3092 2323 3148 lonis.
2363 3092 2454 3147 14.
2494 3092 2560 3148 Ει
2603 3095 2890 3160 miserunt,
2938 3103 2992 3149 et
3026 3103 3289 3164 ceperunt
3334 3091 3630 3148 Jercmiam
3676 3109 3746 3149 ex

468 3196 735 3256 rogarunt
758 3201 908 3241 cum.
953 3184 1020 3242 Et
1049 3186 1396 3241 annuntiavit
1433 3186 1516 3242 eis
1553 3187 1632 3258 (ῃ)
1676 3186 1861 3242 omnia
1894 3185 2057 3241 verba
2086 3210 2129 3269 ο
2163 3187 2305 3241 atrio
2328 3185 2590 3251 carceris,
2618 3193 2673 3241 et
2695 3185 2962 3240 dederunt
2988 3200 3112 3240 eum
3153 3185 3223 3241 ad
3257 3183 3542 3240 Godoliam
3571 3186 3742 3240 ﬁlium

471 3277 610 3344 hmo,
662 3292 786 3347 quae
826 3286 1163 3348 praceperat
1204 3279 1254 3334 ei
1298 3293 1418 3333 rex.
1469 3276 1537 3332 Et
1569 3287 1860 3334 tacuerunt
1901 3279 2059 3348 χαι)

471 3381 539 3422 eo
574 3368 596 3438 ζ
626 3385 641 3433 ;
667 3369 798 3438 quia
835 3383 943 3423 non
971 3369 1218 3426 auditum
1249 3379 1368 3425 erat
1415 3371 1665 3426 verbum.
1695 3371 1788 3426 28.
1829 3370 1895 3426 Et
1920 3371 2060 3427 sedit

471 3457 710 3514 Jeremia
743 3460 796 3514 in
827 3461 971 3515 atrio
999 3463 1263 3530 careeris,
1297 3479 1472 3534 usque
1495 3464 1563 3520 ad
1595 3464 1670 3537 (ι)
1695 3475 1927 3536 tempus,
1950 3480 2060 3536 quo

474 3549 761 3619 subjugata
791 3559 873 3606 est
910 3550 1244 3610 Jerusalem.

541 3641 674 3710 Cap.
705 3641 946 3697 XXXIX.
971 3672 1040 3684 —-
1064 3645 1115 3700 1.
1156 3647 1225 3714 >κ
1248 3644 1312 3702 Ει
1339 3645 1541 3703 factum
1573 3655 1678 3713 est,
1711 3663 1835 3703 cum
1866 3647 2060 3719 subju-

474 3739 595 3799 gata
627 3732 1042 3789 estJerusalem
1076 3735 1131 3790 in
1173 3751 1318 3792 anno
1349 3739 1427 3809 (a)
1470 3754 1618 3795 nono
1647 3737 1890 3796 Sedeciae
1916 3741 2062 3812 regis

473 3819 630 3877 Juda:
655 3823 708 3877 in
740 3840 928 3881 mense
959 3827 1194 3893 decimo,
1230 3830 1378 3883 venit
1421 3829 1933 3887 Nabuchodonosor
1969 3848 2060 3886 rex

478 3911 798 3981 Babylonis,
837 3924 892 3969 et
922 3916 1105 3972 omnis
1128 3927 1371 3988 potestas
1403 3919 1525 3988 ejus
1547 3935 1709 3990 super
1734 3919 2060 3989 Jerusalem,

477 4012 531 4058 et
557 4003 1043 4076 circumdederunt
1071 4025 1191 4064 eam
1229 4009 1393 4066 bello.
1428 4011 1484 4065 2.
1522 4011 1588 4068 Et
1622 4016 1676 4067 in
1712 4027 1859 4068 anno
1892 4015 2062 4070 unde-

478 4096 624 4150 cimo
672 4094 934 4166 Sedecite,
997 4101 1051 4155 in
1105 4117 1295 4158 mense
1343 4115 1580 4174 quarto,
1643 4121 1790 4160 nono
1831 4107 2059 4172 mensis,

478 4187 727 4258 disrupta
756 4190 862 4246 fuit
891 4192 1024 4249 urbs
1059 4194 1106 4264 ζ,
1138 4195 1193 4249 3.
1235 4203 1290 4251 et
1314 4196 1546 4267 ingressi
1573 4208 1703 4254 sunt
1735 4213 1929 4256 omnes
1958 4199 2062 4254 du-

479 4291 575 4332 ces
633 4280 778 4351 regis
837 4281 1150 4354 Babylonis,
1202 4295 1256 4341 et
1287 4288 1545 4343 sederunt
1580 4289 1634 4344 in
1681 4298 1835 4361 porta
1887 4292 2063 4346 media

477 4366 673 4441 Nargel
705 4371 957 4439 Sarasar,
995 4375 1244 4448 Samgar,
1283 4391 1348 4433 -ι-
1378 4387 1432 4433 et
1465 4377 1952 4448 Nabusareschim,
1987 4382 2062 4454 (ὁ)

2161 3277 2390 3333 Abicam
2426 3276 2598 3332 ﬁlium
2635 3277 2882 3348 Saphan,
2933 3283 2988 3333 et
3037 3276 3354 3332 eduxerunt
3385 3279 3512 3333 eum
3546 3278 3598 3331 in
3645 3277 3746 3332 do-

2164 3385 2309 3424 mum
2341 3379 2433 3426 :et
2462 3371 2605 3426 sedit
2636 3370 2689 3425 in
2722 3370 2902 3425 medio
2922 3369 3129 3440 populi.
3160 3369 3243 3423 15.
3270 3369 3337 3424 Ει
3361 3370 3427 3425 ad
3449 3369 3746 3424 Jeremiam

2163 3457 2364 3514 factum
2403 3469 2488 3515 est
2518 3459 2743 3515 verbum
2774 3458 3013 3523 Domini,
3046 3461 3114 3526 Χ
3141 3473 3267 3515 cum
3293 3458 3514 3515 clausus
3539 3469 3684 3514 esset
3719 3458 3744 3528 ζ

2164 3552 2219 3606 in
2274 3553 2416 3608 atrio
2475 3552 2737 3616 carceris,
2787 3552 3014 3607 dicens:
3073 3551 3160 3606 16.
3218 3549 3400 3616 Vade,
3451 3563 3504 3606 et
3535 3552 3625 3606 dic
3679 3553 3748 3606 ad

2163 3644 2528 3700 Abdemelecb
2557 3645 2904 3715 .A'Jthiopem,
2935 3644 3126 3700 dicens
3155 3663 3167 3698 :
3194 3644 3286 3699 Sic
3316 3643 3453 3699 dixit
3485 3645 3752 3699 Dominus

2165 3737 2430 3793 virtutum
2468 3736 2613 3793 Deus
2643 3736 2896 3794 lsraelis:
2948 3735 3090 3793 Ecce
3135 3753 3237 3810 ego
3268 3738 3480 3793 adduco
3521 3737 3750 3791 verbum

2165 3846 2348 3886 meum
2376 3846 2540 3900 super
2570 3831 2760 3886 urbem
2792 3831 2933 3886 hanc
2959 3831 3012 3885 in
3045 3830 3210 3894 mala,
3238 3841 3293 3885 et
3330 3845 3439 3885 non
3475 3829 3529 3884 in
3564 3833 3704 3884 bona
3735 3848 3749 3883 :

2169 3924 2238 3990 Χ
2264 3930 2318 3977 et
2347 3928 2510 3976 erunt
2542 3935 2728 3976 coram
2764 3918 2902 3974 facie
2933 3929 3024 3974 tua
3053 3919 3106 3973 in
3134 3919 3220 3973 die
3252 3918 3346 3973 illo
3372 3941 3383 3974 :
3423 3917 3504 3972 i7.
3542 3916 3602 3972 'et
3634 3932 3752 3972 ser-

2165 4013 2306 4068 vabo
2331 4023 2384 4068 te
2421 4012 2443 4082 ζ
2487 4012 2542 4066 in
2588 4011 2676 4066 die
2712 4010 2827 4076 illo,
2865 4013 2934 4080 )t(
2969 4009 3107 4066 dixit
3147 4009 3413 4066 Dominus
3447 4009 3497 4078 ζ.
3539 4019 3595 4064 et
3640 4025 3754 4064 non

2165 4105 2308 4162 dabo
2337 4113 2389 4160 te
2417 4105 2471 4159 in
2509 4118 2709 4159 manus
2757 4102 3064 4169 hominum,
3114 4118 3349 4174 quorum
3383 4111 3440 4157 tu
3473 4102 3633 4156 times
3682 4102 3756 4156 ab

2165 4207 2293 4250 ante
2322 4193 2520 4249 faciem
2549 4209 2741 4249 eorum
2768 4211 2782 4258 ;
2820 4193 2908 4248 18.
2938 4191 3068 4263 quia
3113 4191 3383 4247 servando
3417 4193 3646 4246 servabo
3679 4201 3754 4257 te,

2165 4297 2220 4344 et
2259 4287 2312 4342 in
2342 4287 2522 4358 gladio
2550 4303 2660 4342 non
2685 4287 2849 4342 cades
2874 4305 2889 4342 :
2913 4293 2968 4341 et
2998 4287 3103 4341 erit
3133 4289 3201 4355 >ιί
3227 4286 3323 4341 tibi
3355 4287 3378 4355 ζ
3423 4286 3605 4340 anima
3662 4295 3755 4340 tua

2167 4380 2238 4451 (r)
2272 4381 2326 4434 in
2363 4380 2667 4448 inventum,
2716 4379 2845 4450 quia
2889 4378 3132 4435 conlisus
3175 4393 3236 4433 es
3268 4393 3433 4448 super
3479 4392 3586 4444 me,
3620 4377 3756 4433 dicit

480 4457 763 4528 ltabsaris,
815 4464 1036 4534 etiam:
1082 4465 1304 4538 Nargel,
1360 4467 1877 4542 Sarasarrabamag,
1911 4475 1979 4542 >ε<
2011 4482 2066 4529 et
2169 4471 2461 4527 Dominus.

481 4565 675 4608 omnes
702 4556 902 4626 reliqui
944 4559 1220 4629 principes
1257 4562 1399 4632 regis
1424 4562 1734 4634 Babylonis.
1759 4565 1814 4619 4.
1837 4563 2062 4621 Factum
2097 4543 2141 4599 Ῑ)
2243 4564 2378 4636 Cap.
2423 4563 2539 4620 XL.
2571 4595 2641 4605 —
2674 4564 2725 4618 1.
2777 4561 3040 4624 Verbum,
3091 4561 3238 4632 quod
3295 4561 3500 4617 factum
3553 4571 3636 4616 est
3686 4561 3756 4616 ad

482 4654 565 4699 est
597 4655 804 4712 autem,
864 4664 990 4704 cum
1046 4651 1180 4707 vidit
1232 4666 1329 4709 eos
1379 4653 1606 4710 Sedecia
1643 4672 1734 4711 rex
1789 4655 1963 4724 Judaa,
2011 4668 2066 4714 et
2173 4655 2461 4712 Jeremiam
2494 4671 2524 4711 a
2557 4653 2808 4720 Domino,
2860 4655 2929 4726 (ε)
2979 4663 3336 4724 posteaquam
3372 4651 3584 4707 dimisit
3628 4667 3756 4705 eum

483 4749 677 4792 omnes
705 4738 808 4793 viri
842 4739 990 4804 belli,
1013 4742 1177 4797 etiam
1207 4741 1487 4813 fugerunt,
1511 4755 1566 4799 et
1590 4746 1880 4803 exiverunt
1904 4759 2065 4804 nocte

483 4840 550 4880 ex
586 4827 720 4882 urbe
749 4828 804 4883 in
831 4829 918 4884 via
942 4830 1086 4886 horti
1115 4833 1257 4902 regis
1290 4849 1321 4890 e
1347 4844 1526 4904 porta,
1551 4851 1674 4906 qua:
1698 4838 1751 4892 in
1782 4837 1962 4894 medio
1989 4840 2059 4910 (ε)

2174 4747 2538 4803 Nabuzardan
2588 4747 2841 4815 princeps
2899 4758 3198 4812 coquorum
3245 4757 3310 4796 ex
3365 4741 3576 4804 Rama,
3623 4743 3757 4809 quia

2178 4848 2439 4910 ceperunt
2466 4853 2590 4894 eum
2616 4840 2684 4907 >ιε
2714 4839 2954 4892 vinctum
2991 4835 3015 4904 ζ
3051 4835 3104 4888 in
3137 4832 3359 4888 vinculo
3391 4847 3649 4886 manuum
3699 4832 3758 4885 in

553 5007 872 5079 (p)A.,ego
911 5007 1180 5086 sollicitus
1237 5026 1358 5086 sum
1420 5012 1487 5068 de
1535 5010 1760 5086 Judgeis,
1811 5015 1906 5086 qui
1956 5015 2154 5086 dilapsi
2191 5024 2321 5073 sunt
2371 5017 2435 5071 ad
2480 5016 2786 5086 Chaldaeos,
2827 5028 2895 5069 ne
2951 5013 3091 5086 forte
3136 5010 3267 5066 dent
3312 5023 3410 5086 me
3459 5009 3514 5062 in
3560 5023 3760 5086 manus

486 5091 702 5141 eorum,
764 5078 824 5133 et
866 5078 1139 5134 calumnia
1196 5082 1435 5137 alliciant
1470 5099 1575 5138 me.
1620 5082 1703 5148 8.,
1746 5078 2229 5143 ’ἰη”εοιιίεἰιίιάίηθ
2283 5103 2400 5141 sum
2479 5096 2663 5155 ropter
2711 5084 2952 5148 Judzeos,
2985 5083 3077 5151 qui
3107 5095 3168 5137 se
3207 5080 3553 5136 tradiderunt
3592 5079 3762 5133 Chal-

486 5147 637 5208 dacis,
689 5164 758 5203 ne
806 5147 946 5204 forte
976 5150 1195 5205 tradant
1245 5167 1332 5208 me
1396 5153 1450 5208 in
1515 5170 1714 5209 manus
1763 5171 1980 5210 eorum.
2039 5165 2095 5210 et
2152 5157 2388 5210 ludibrio
2439 5102 2684 5210 iiaheant
2743 5171 2849 5209 me.
2960 5155 3034 5210 (al
3103 5153 3192 5210 Α..
3263 5164 3446 5203 vocem
3517 5149 3760 5202 Domini-

483 5147 637 5208 daais.
689 5164 758 5203 ne
806 5147 946 5204 forte
976 5150 1195 5205 tradant
1245 5167 1332 5208 me
1396 5153 1450 5208 in
1515 5147 1714 5209 manus
1763 5171 1980 5222 eorum,
2039 5165 2095 5211 et
2152 5157 2388 5212 ludibrio

483 5215 553 5297 ρ’)
616 5216 707 5283 8.,
782 5217 849 5273 iis
873 5257 900 5297 ,_
963 5233 1088 5288 quae
1149 5235 1251 5290 ego
1292 5224 1506 5297 loquar
1565 5223 1657 5297 ad
1701 5234 1772 5280 te.
1823 5296 1826 5297 ν
1872 5226 1980 5297 _(s)A
2017 5226 2128 5293 Α.,
2200 5227 2388 5297 egredi

1911 5243 1959 5293 ε)
2017 5243 2128 5293 8.,

482 5215 553 5294 ρ’)
616 5216 707 5283 8.,
782 5217 890 5282 iis,
963 5233 1088 5288 quae
1149 5235 1251 5290 ego
1294 5224 1506 5294 loquar
1565 5223 1632 5277 ad
1701 5234 1772 5280 te.

480 5285 907 5342 COmmoverunt
971 5285 1042 5353 te,
1111 5285 1511 5360 praévaluernnt
1563 5294 1682 5350 tibi.

482 5365 675 5410 serunt
735 5365 857 5410 post
903 5366 976 5410 te.
1055 5361 1134 5410 (xi
1192 5364 1281 5410 Α.-
1339 5364 1488 5410 iacio
1514 5379 1616 5410 ean
1663 5379 1682 5410 ι

480 5567 712 5622 adverso
743 5565 987 5624 Jericho.

479 5650 632 5691 nere.

1062 5571 1131 5645 (Γ)
1157 5572 1237 5645 ad
1281 5588 1432 5645 eum,
1464 5571 1687 5645 adiectis
1742 5571 2034 5645 judicium.

733 5637 796 5706 (ί)
820 5637 908 5702 Α.,
935 5636 1018 5700 8.,
1055 5636 1374 5696 immolavit.

3263 5164 3446 5203 vocem
3517 5149 3760 5202 Domini.

2485 5153 2684 5212 abeant
2743 5171 2849 5230 me.
2918 5155 3034 5230 _(q)
3103 5153 3192 5218 Α.,
3263 5164 3475 5230 vocem"

3079 5231 3133 5277 et
3211 5234 3339 5274 ecce
3423 5219 3680 5274 dicebant
3745 5237 3758 5273 :

2200 5227 2638 5297 egrediebantur.
2765 5228 2831 5294 (ι)
2873 5226 2994 5297 ΔΑ..

1810 5289 1906 5365 (ul
1940 5289 2034 5360 'So.

2207 5289 2332 5353 cum
2401 5296 2644 5352 immersi
2684 5289 2820 5351 sunt
2870 5295 2926 5350 in
2989 5306 3148 5365 coeno
3193 5290 3361 5365 pedes
3412 5289 3535 5365 tui._
3573 5304 3761 5365 reces-

735 5365 857 5438 post
903 5366 976 5414 te.
1004 5358 1134 5438 me)
1191 5364 1488 5438 A.,__jacio
1514 5379 1616 5438 ego
1663 5358 1969 5438 orationem
2002 5358 2052 5419 m

2156 5383 2202 5422 ο.
2279 5369 2362 5438 (yl
2390 5365 2721 5438 omum
2765 5363 3124 5438 omniane
3167 5358 3420 5438 τίειν
3469 5358 3537 5414 ad
3591 5359 3756 5438 ίὲίοῐη-

479 5425 558 5496 (a)
599 5425 943 5507 A.,decimo.
967 5425 1237 5507 _(Mirum,
1269 5425 1457 5487 Hebr.
1495 5425 1641 5488 en'im
1667 5435 1852 5507 habet
1891 5452 2040 5507 nonor

2156 5425 2327 5496 uin-if
2341 5425 2583 5506 ’θηλειίά
2677 5437 2751 5507 (b)
2771 5425 3144 5507 pausans,
3176 5429 3453 5507 Rabsaris.

479 5509 787 5576 murorum.
948 5495 1547 5576 duorumgmurorum.
1618 5505 1698 5574 (ά)
1752 5504 1843 5576 Α.,
1900 5506 2057 5574 planil

2156 5495 2195 5560 Γ
2216 5495 2300 5570 8.,
2336 5495 2570 5576 deserti:
2640 5495 2709 5576 (ἐ)
2736 5495 2840 5570 's.,

2115 5577 2190 5658 (g)
2257 5579 2343 5658 AS,
2394 5575 2478 5644 S.,
2511 5572 3086 5658 et‘immolavit.m(n)
3137 5572 3228 5658 Ag:

1452 5643 1524 5715 (is)
1560 5643 1641 5716 8.,
1697 5643 1754 5699 in
1802 5648 2011 5701 catenis
2039 5643 2450 5716 stringentibus.

2904 5434 3144 5496 32APIE,
3176 5430 3453 5484 Rabsaris.
3552 5430 3624 5498 (ε)
3665 5431 3761 5492 Α.,

2904 5506 2958 5558 in
3014 5516 3209 5580 campo
3267 5499 3491 5580 deserti,
3547 5500 3642 5568 qui
3691 5513 3761 5552 ex

3287 5583 3615 5636 ιὀιιεριριιοε
3661 5583 3761 5638 ge-

2530 5648 2591 5714 (ιι
2642 5649 2696 5701 in
2737 5638 3111 5714 compedibus.
3169 5640 3260 5714 EN
3298 5638 3651 5714 XAAIKAIQ,
3703 5638 3762 5692 in

481 5706 648 5785 aeneis
688 5705 810 5774 (pro
836 5707 1168 5785 XArt'lKAl}:
1217 5705 1516 5785 legendum
1551 5715 1905 5785 ΧΑΛΚΙΛΙΣ,
1944 5731 2054 5785 quo

2156 5705 2223 5771 ro
2272 5705 2669 5783 XAAKElAlE,
2701 5705 2958 5784 videtur).
3011 5714 3134 5785 7(m7)
3181 5712 3271 5771 Α.,
3313 5710 3761 5785 exsecrabilium.

479 5772 561 5840 (η)
610 5772 707 5836 3..

816 5790 875 5855 r_o
935 5776 1176 5832 Jere‘mia'
1219 5776 1598 5855 Nabuzardani
1662 5776 1899 5855 principi
1950 5776 2278 5854 coquo-rum.

2385 5789 2460 5855 (ο)
2513 5788 2612 5850 Α.,
2656 5778 2948 5856 ’ωθςίειιίί
3009 5778 3310 5856 lanionutm
3407 5782 3485 5846 (ρ)
3545 5778 3761 5856 [talisa-

481 5840 732 5928 [φὶ-119)
748 5840 1012 5928 llebrarus
1045 5863 1057 5899 :
1095 5840 1818 5928 tnagnates._A.,_doctores.
1843 5840 1858 5855 ³
1897 5856 1968 5925 (r)
2020 5840 2196 5928 A.._in
2229 5840 2487 5926 praedam.
2567 5840 2635 5928 (ἑ)
2667 5858 2756 5925 Α.,
2791 5840 3076 5926 postquam
3128 5850 3336 5908 dimisit
3387 5840 3514 5902 eum
3571 5849 3763 5903 Nabu-

486 5908 716 5975 zardan,
741 5926 864 5965 cum
889 5915 1122 5982 cepisset
1149 5908 1296 5985 eum,
1328 5929 1381 5974 et
1406 5920 1453 5976 is
1487 5908 1699 5978 vinctus
1757 5908 1914 5980 eSset‘
1952 5908 2189 5980 catenis.
