4134 6498
472 456 610 513 2569

1676 459 1996 516 JEREMIIE
2036 460 2267 518 CAPUT
2309 460 2444 516 XLI.

3575 456 3644 510 25
3653 452 3717 508 70

477 574 660 628 medio
709 575 888 629 omnis
940 574 1355 646 demigrationis
1399 575 1726 640 Jerusalem,
1768 588 1824 633 et
1867 576 2039 643 ludar,
2072 587 2117 639 Α
2145 577 2321 633 valde.
2363 579 2447 632 15.
2486 575 2552 631 Et
2578 575 2827 632 Jobanau
2865 575 3006 632 ﬁlius
3040 575 3240 641 Corah,
3269 583 3322 630 et
3349 589 3541 630 omnes
3573 575 3718 645 priu-

471 681 685 731 eorum,
735 668 825 737 qui
881 668 1099 723 deducti
1153 675 1311 723 erant
1357 669 1409 722 in
1465 668 1815 741 Babylonem.
1859 670 1921 726 2.
1979 670 2045 726 Et

472 757 674 812 sumsit
701 772 827 812 eum
862 758 926 829 (ι)
958 758 1037 830 (u)
1062 758 1319 829 princeps
1351 775 1677 829 coquorum,
1702 769 1758 814 et
1784 760 1921 818 dixit
1948 761 2000 817 ei
2026 780 2041 816 :

476 846 744 904 Dominus
786 849 928 904 Deus
967 859 1096 906 tuus
1129 850 1205 922 (ac)
1242 852 1584 920 prophetavit
1617 852 1758 906 mala
1800 853 1916 906 haec
1948 867 2044 907 su-

476 955 572 1009 per
605 942 784 996 locum
820 943 967 997 hunc
1000 945 1091 998 εὖ.
1129 953 1183 998 et
1221 943 1464 1006 adduxit,
1496 952 1547 997 et
1586 941 1711 997 fecit
1755 943 2043 1005 Dominus.

477 1033 617 1086 sicut
661 1032 878 1088 locutus
912 1041 1037 1098 est;
1075 1033 1204 1103 quia
1247 1033 1514 1103 peceastis
1564 1032 1796 1087 Domino
1845 1033 1946 1104 (ῃ),
1994 1041 2048 1086 et

478 1138 584 1175 non
612 1122 900 1179 audivistis
946 1138 1132 1178 vocem
1165 1123 1284 1192 ejus
1311 1141 1325 1177 :
1360 1127 1428 1192 >εε
1456 1136 1510 1178 et
1539 1122 1742 1178 factum
1781 1131 1867 1179 est
1895 1123 2047 1178 vobis

480 1212 702 1269 verbum
729 1215 833 1271 hoc
864 1216 911 1284 1.
942 1246 1011 1256 —
1039 1215 1093 1268 4.
1124 1213 1296 1269 Etiam
1328 1216 1396 1281 χ
1428 1230 1574 1269 nunc
1608 1214 1630 1282 1
1660 1230 1788 1270 ecce
1830 1215 1966 1270 solvi
1997 1222 2049 1270 te

478 1304 545 1371 λι(
572 1304 732 1359 hodie
767 1306 790 1374 1
826 1304 901 1376 (ι)
946 1321 977 1359 a
1009 1305 1261 1369 vinculis,
1296 1321 1419 1375 quae
1462 1320 1626 1375 super
1657 1322 1852 1361 manus
1881 1315 2043 1361 tuas:

481 1394 559 1464 (a)
592 1394 636 1449 si
677 1395 963 1465 pulchrum
996 1407 1261 1452 coram‘te
1300 1396 1483 1451 venire
1514 1412 1636 1451 cum
1670 1411 1758 1452 me
1783 1396 1837 1450 in
1874 1395 2049 1466 Baby-

482 1484 685 1547 lonem,
714 1486 862 1552 veni,
891 1497 942 1541 et
973 1502 1170 1557 ponam
1199 1491 1265 1556 χ(
1286 1488 1409 1552 τοὺς
1434 1488 1456 1554 1
1486 1488 1677 1543 oculos
1707 1501 1857 1542 meos
1887 1502 2052 1558 super

482 1581 574 1627 te:
604 1573 678 1643 (b)
712 1583 764 1629 et
797 1576 841 1630 si
877 1579 1080 1631 malum
1132 1576 1184 1631 in
1214 1576 1387 1632 oculis
1421 1576 1530 1630 tuis
1576 1577 1761 1630 venire
1805 1590 1929 1630 cum
1965 1589 2051 1630 me

482 1666 537 1719 in
591 1663 939 1736 Babylonem,
992 1667 1062 1737 (ι’)
1109 1668 1371 1737 quiesce:
1410 1670 1630 1735 Xecce
1678 1666 1860 1721 omnis
1908 1673 2050 1720 terra

482 1770 666 1810 coram
698 1764 786 1810 te:
824 1756 1155 1825 ubicumque
1186 1757 1392 1811 bonum
1437 1765 1492 1812 et
1523 1766 1731 1814 rectum
1772 1756 1827 1811 in
1875 1755 2052 1811 oculis

485 1848 594 1903 tuis
625 1847 724 1913 ire,
757 1847 886 1903 illuc
917 1848 1025 1903 ito:
1056 1848 1107 1903 5.
1134 1850 1210 1920 (ιι)
1237 1858 1293 1905 et
1322 1865 1492 1919 usque
1518 1848 1584 1904 ad
1611 1864 1697 1903 me
1722 1864 1912 1904 rursus
1944 1863 2050 1903 non

484 1940 792 2003 reverteris,
844 1953 1005 1994 curre
1055 1949 1111 1995 tu
1169 1940 1215 2010 1,
1249 1948 1303 1996 et
1331 1949 1601 1996 revertere
1641 1939 1709 1995 ad
1763 1932 2046 1995 Godoliam
2085 1926 2125 1981 Β

485 2031 655 2085 ﬁlium
704 2032 928 2102 Abicam
969 2031 1062 2085 lilii
1113 2029 1368 2102 Sapban,
1416 2046 1580 2102 quem
1625 2031 1913 2086 constituit
1961 2044 2053 2085 rex

484 2121 781 2192 Babylonis
808 2123 861 2177 in
890 2129 1033 2177 terra
1062 2120 1238 2187 Judae,
1266 2133 1322 2181 et
1335 2121 1518 2177 babita
1550 2136 1677 2177 cum
1704 2135 1771 2176 eo
1800 2119 1854 2174 in
1876 2119 2057 2174 medio

487 2214 709 2283 populi;
742 2213 789 2268 si
818 2228 946 2268 vero
978 2229 1110 2276 non,
1151 2215 1224 2283 (ε)
1260 2212 1314 2267 in
1358 2213 1542 2269 omnia
1579 2227 1701 2281 quae
1740 2210 1967 2280 pulchra
2001 2211 2057 2264 in

485 2305 663 2360 oculis
711 2304 819 2361 tuis
863 2305 929 2359 ad
959 2305 1226 2371 eundum,
1269 2304 1366 2359 ito.
1419 2301 1486 2358 Et
1522 2303 1672 2359 dedit
1704 2301 1754 2359 ei
1805 2301 2059 2372 princeps

485 2411 788 2465 coqnorum
834 2396 1225 2465 epulationem,
1269 2404 1325 2449 et
1373 2394 1540 2458 dona,
1578 2402 1632 2449 et
1662 2392 1872 2449 dimisit
1908 2407 2056 2447 eum.

486 2487 540 2542 6.
579 2489 642 2545 Et
680 2488 827 2544 venit
855 2486 1095 2543 Jeremia
1121 2486 1189 2543 ad
1221 2485 1501 2542 Godoliam
1541 2487 1708 2542 ﬁlium
1744 2487 1972 2543 Abieam
2004 2487 2057 2541 in

488 2578 812 2647 Maspbiam,
851 2588 905 2634 et
936 2578 1078 2634 sedit
1125 2593 1250 2634 eum
1283 2593 1350 2633 eo
1386 2578 1440 2633 in
1483 2577 1663 2632 medio
1708 2577 1916 2647 populi,
1964 2577 2060 2646 qui

500 2671 724 2726 relictus
754 2669 859 2725 fuit
883 2670 936 2724 in
965 2680 1129 2726 terra.
1168 2669 1220 2725 7.
1250 2669 1313 2724 Et
1340 2670 1666 2726 audiverunt
1693 2684 1886 2725 omnes
1914 2668 2063 2739 prin-

489 2762 641 2831 cipes
686 2762 993 2833 potestatis,
1034 2778 1158 2833 quas
1181 2763 1234 2817 in
1283 2775 1438 2834 agro,
1476 2762 1599 2832 ipsi,
1632 2771 1685 2817 et
1716 2762 1786 2833 (f)
1825 2770 2063 2832 potestas

489 2870 704 2922 eorum,
736 2855 881 2926 quod
907 2854 1283 2911 constituisset
1314 2866 1407 2912 rex
1440 2853 1734 2925 Babylonis
1774 2852 2061 2909 Godoliam

494 2947 910 3005 ﬁliumAbicam
950 2946 1201 3015 interra,
1237 2953 1293 3003 et
1337 2946 1482 3017 quod
1529 2946 1969 3003 commendasset
2012 2946 2060 3001 ei

492 3039 659 3104 viros,
693 3046 748 3094 et
794 3038 1049 3094 mulieres
1082 3052 1296 3104 eorum,
1327 3037 1402 3108 (g)
1434 3044 1489 3092 et
1539 3038 1755 3092 turbam
1801 3037 2061 3102 multam,

490 3140 547 3187 et
592 3145 660 3184 ex
707 3130 1036 3202 pauperibus
1077 3139 1257 3195 terrae,
1295 3145 1436 3201 quos
1483 3145 1592 3185 non
1646 3130 1950 3199 deportavit
2007 3129 2064 3183 in

492 3219 863 3291 Babylonem:
907 3219 961 3274 8.
994 3227 1048 3273 et
1087 3233 1350 3276 venerunt
1391 3221 1458 3279 ad
1488 3218 1770 3276 Godoliam
1816 3218 1872 3274 in
1920 3218 2064 3275 Mas-

494 3315 675 3384 pbiam
717 3313 912 3368 lsmael
943 3312 1086 3368 ﬁlius
1116 3311 1418 3379 Nathaniaz,
1443 3320 1496 3367 et
1522 3308 1794 3375 Jobanan.
1828 3320 1884 3367 et
1904 3308 2068 3366 Jona-

494 3402 624 3457 than
676 3401 770 3456 lilii
813 3401 1015 3468 Corab,
1062 3409 1117 3457 et
1167 3399 1322 3457 Saria
1372 3400 1516 3457 ﬁlius
1570 3398 1974 3465 Thanabmetb,
2014 3406 2070 3454 et

496 3494 592 3551 ﬁlii
620 3491 888 3566 (lepbi,
935 3494 1029 3565 qui
1062 3510 1128 3549 ex
1169 3493 1500 3565 Netopbatb,
1547 3502 1603 3549 et
1651 3492 1875 3548 Jezonia
1923 3492 2069 3549 ﬁlius

496 3584 808 3651 Maaehatb,
859 3584 981 3655 ipsi,
1022 3592 1077 3640 et
1116 3583 1219 3639 viri
1273 3598 1486 3639 eorum.
1535 3584 1589 3640 9.
1628 3583 1692 3638 Et
1741 3583 1941 3653 iuravit
1989 3583 2070 3640 eis

497 3677 722 3735 Godolia
754 3678 900 3735 ﬁlius
929 3677 1158 3732 Abicam
1195 3675 1290 3732 ﬁlii
1326 3675 1570 3749 Sapban,
1595 3685 1649 3731 et
1682 3677 1814 3733 viris
1853 3691 2069 3743 eorum,

496 3771 721 3826 dicens:
750 3768 829 3824 Ne
855 3768 1092 3824 timeatis
1119 3768 1180 3839 (il
1208 3783 1237 3824 a
1269 3765 1409 3823 facie
1450 3768 1831 3824 Chaldaeorum
1859 3786 1873 3823 :
1909 3768 2071 3823 babi-

499 3871 609 3919 tate
641 3862 694 3916 in
736 3868 905 3926 terra,
943 3861 1016 3931 llr)
1061 3871 1116 3915 et
1163 3861 1466 3930 operamini
1498 3861 1612 3932 regi
1665 3858 1977 3933 Babylonis,
2018 3870 2073 3915 et

498 3955 699 4013 melius
729 3952 835 4008 erit
855 3952 1030 4008 vobis.
1060 3952 1145 4006 10.
1179 3954 1244 4007 Et
1269 3967 1371 4024 ego
1389 3968 1515 4008 ecce
1534 3953 1699 4010 sedeo
1723 3954 1777 4008 in
1806 3952 2072 4023 blaspbia,

499 4045 567 4103 ad
601 4043 859 4099 standum
906 4057 1090 4098 coram
1140 4041 1278 4097 facie
1304 4042 1708 4107 Cbaldmorum,
1741 4044 2075 4114 quicumque

500 4134 829 4207 venerint(l;
853 4149 1014 4205 super
1041 4148 1158 4188 vos.
1180 4132 1245 4187 Et
1269 4148 1364 4189 vos
1387 4133 1622 4203 colligite
1649 4133 1861 4196 vinum.
1893 4143 1948 4189 et
1972 4132 2072 4204 (ηε)

500 4227 769 4294 fructum,
792 4236 845 4282 et
878 4227 1059 4282 oleum
1087 4226 1325 4297 colligite
1353 4226 1406 4280 in
1433 4240 1560 4281 vasa
1593 4234 1795 4289 vestra,
1827 4235 1880 4281 et
1912 4226 2072 4281 babi-

504 4330 615 4376 tate
645 4319 698 4374 in
726 4317 957 4373 urbibus
979 4317 1200 4383 vestris,
1222 4333 1361 4387 quas
1385 4319 1657 4374 tenuistis.
1678 4316 1765 4373 11.
1792 4318 1860 4374 Ει
1883 4334 2076 4375 omnes

502 4409 696 4475 Judaei,
728 4409 823 4479 qui
857 4422 920 4465 +
952 4408 1007 4464 in
1035 4418 1178 4464 terra
1222 4409 1244 4478 1
1275 4408 1456 4474 Moab,
1495 4417 1551 4464 et
1576 4409 1632 4464 in
1664 4409 1791 4465 ﬁliis
1816 4410 2072 4475 Ammon,

503 4510 558 4556 et
588 4500 681 4572 qui
716 4502 769 4556 in
809 4498 1060 4561 ldumaea,
1103 4509 1159 4556 et.
1202 4499 1255 4554 in
1305 4499 1450 4554 omni
1504 4507 1669 4564 terra,
1716 4500 2075 4565 audiverunt,

2146 669 2293 737 cipes
2326 668 2628 739 potestatis,
2653 668 2747 738 qui
2778 669 2832 722 iu
2866 682 3030 737 agro,
3053 676 3318 723 venerunt
3340 669 3405 722 ad
3431 666 3717 721 Godoliam

2148 756 2201 812 in
2222 757 2541 826 Maspbiam,
2563 759 2649 812 14.
2671 765 2724 810 et
2758 756 3019 811 dixerunt
3052 755 3100 810 ei
3116 771 3135 809 :
3159 754 3216 810 Si
3236 756 3612 825 cognoscendo
3627 770 3721 811 co-

2147 848 2391 917 gnoscis,
2423 848 2571 919 quod
2620 847 2801 902 Baalis
2840 863 2935 901 rex
2976 846 3208 901 ﬁliorum
3236 850 3467 902 Ammon
3510 847 3721 902 miserit

2152 939 2218 992 ad
2252 940 2533 993 lsmaelem
2564 938 2735 994 ﬁlium
2768 937 3072 1001 Nathania‘,
3104 938 3171 992 ad
3211 938 3569 994 occidendum
3606 938 3726 992 anis

2150 1045 2290 1082 mam
2312 1036 2460 1083 tuam
2473 1029 2498 1081 ?
2518 1029 2580 1083 lit
2593 1044 2700 1083 non
2718 1028 2948 1104 credidit
2968 1028 3048 1083 eis
3062 1026 3291 1083 Godolia
3316 1029 3459 1084 ﬁlius
3474 1028 3723 1084 Alrieam.

2154 1120 2239 1173 15.
2270 1121 2336 1175 Et
2356 1118 2606 1176 Jobanan
2627 1119 2772 1175 ﬁlius
2798 1120 2975 1175 Corab
3008 1121 3145 1175 dixit
3164 1119 3407 1176 Godolia
3430 1120 3644 1176 occulte
3668 1118 3724 1173 in

2151 1210 2420 1281 Maspbia,
2445 1210 2667 1267 dicens:
2696 1211 2789 1266 Ibo
2810 1226 2974 1277 nunc,
3012 1220 3066 1267 et
3087 1212 3332 1267 occidam
3356 1211 3637 1267 lsmaelem
3667 1211 3729 1266 ﬁ-

2153 1303 2284 1356 lium
2323 1300 2627 1366 Nathanire,
2650 1312 2704 1357 et
2737 1303 2810 1374 (ο)
2830 1319 2989 1358 nemo
3006 1305 3160 1368 sciet,
3179 1318 3245 1357 ne
3260 1303 3727 1359 occidatanimam

2152 1405 2322 1456 tuam,
2345 1405 2398 1449 et
2414 1394 2800 1465 disperguntur
2818 1410 3009 1449 omnes
3022 1393 3214 1461 Judaei,
3233 1395 3546 1466 congregati
3568 1394 3635 1448 ad
3653 1402 3726 1461 te,

2150 1497 2205 1542 et
2232 1487 2487 1557 peribunt
2516 1487 2723 1543 residui
2749 1485 2924 1542 Iudae.
2951 1486 3039 1541 16.
3083 1486 3150 1541 Ει
3170 1487 3307 1542 dixit
3330 1485 3557 1541 Godolia
3585 1485 3729 1542 ﬁlius

2151 1577 2376 1631 Atticam
2408 1576 2473 1631 ad
2509 1575 2757 1633 Johanan
2791 1579 2959 1634 ﬁlium
2995 1578 3173 1635 Corali
3202 1599 3215 1635 :
3253 1578 3331 1635 Ne
3374 1578 3546 1635 facias
3573 1578 3728 1648 ju'xta

2153 1668 2377 1723 verbum
2400 1668 2502 1724 hoc
2520 1687 2535 1737 ;
2555 1669 2683 1739 quia
2702 1670 2984 1727 mendacia
3008 1679 3066 1727 tu
3085 1672 3327 1742 loqueris
3353 1686 3447 1740 pro
3480 1669 3727 1726 lsmaele.

2222 1758 2353 1829 Cap.
2371 1758 2509 1814 XLI.
2527 1761 2666 1814 --1.
2694 1762 2759 1816 Et
2790 1759 2990 1816 factum
3009 1769 3092 1817 est
3124 1777 3308 1817 mense
3336 1761 3565 1831 septimo
3586 1759 3733 1814 venit

2154 1849 2347 1904 lsmael
2384 1850 2527 1906 ﬁlius
2584 1850 2866 1908 Natbaniae
2919 1854 3015 1908 ﬁlii
3072 1853 3324 1908 Elisamae
3358 1854 3434 1921 (p)
3464 1868 3493 1907 a
3535 1866 3732 1922 genere

2156 1942 2317 2012 regis,
2342 1943 2551 1998 etservi
2576 1942 2741 2011 regis,
2766 1950 2821 1997 et
2841 1944 3024 1998 decem
3056 1945 3155 1998 viri
3193 1959 3315 1998 cum
3352 1958 3417 1997 eo
3454 1945 3518 1997 ad
3549 1942 3732 1997 Godo-

2158 2032 2286 2086 liam
2317 2033 2487 2087 tilium
2514 2033 2740 2087 Abicam
2769 2033 2824 2087 in
2850 2032 3172 2103 Maspbiam,
3198 2040 3253 2088 ct
3281 2035 3635 2088 comederunt
3659 2033 3733 2087 ibi

2156 2137 2352 2191 panem
2392 2124 2465 2194 (q)
2496 2125 2551 2179 in
2579 2123 2843 2196 Maspbia.
2880 2124 2934 2179 Ξ.
2966 2124 3034 2180 Et
3063 2125 3305 2180 surrexit
3353 2124 3547 2179 lsmael
3595 2122 3738 2179 ﬁlius

2158 2212 2463 2278 Nathaniaa.
2486 2223 2541 2270 et
2560 2217 2745 2272 decem
2771 2216 2894 2282 viri,
2928 2217 3021 2286 qui
3052 2219 3121 2285 χ(
3146 2223 3301 2270 erant
3340 2231 3465 2271 cum
3496 2232 3561 2271 eo
3591 2215 3650 2285 1,
3685 2224 3740 2270 et

2160 2316 2545 2376 percusserunt
2566 2306 2847 2363 Godoliam
2881 2308 3050 2362 ﬁlium
3075 2308 3304 2363 Ahicam
3336 2306 3663 2377 ﬁliiSaphan
3683 2307 3738 2361 in

2160 2398 2360 2468 gladio,
2395 2405 2448 2453 et
2495 2399 2815 2455 occiderunt
2856 2415 3004 2466 eum,
3032 2415 3195 2470 quem
3242 2400 3602 2456 constituerat
3644 2412 3738 2453 rex

2163 2488 2452 2559 Babylonis
2515 2503 2680 2558 super
2711 2496 2875 2554 terra,
2936 2491 2990 2542 3.
3046 2488 3112 2544 Et
3140 2504 3333 2545 omnes
3377 2487 3614 2551 Iudaeos,
3646 2486 3742 2558 qui

2158 2590 2316 2635 erant
2355 2594 2478 2635 cum
2511 2594 2579 2635 eo
2616 2596 2739 2637 eum
2772 2580 2999 2637 Godolia
3032 2582 3086 2636 in
3117 2580 3392 2653 Maspbia,
3448 2590 3503 2637 et
3551 2596 3743 2637 omnes

2161 2670 2468 2738 Chaldaeos,
2495 2671 2593 2741 qui
2630 2671 2836 2728 inventi
2886 2671 3108 2728 fuerunt
3138 2671 3233 2738 ibi,
3269 2672 3416 2728 viros
3444 2673 3567 2728 belli
3597 2672 3742 2728 occi-

2160 2762 2242 2816 dit
2264 2761 2478 2817 lsmael.
2503 2763 2557 2818 4.
2579 2763 2645 2819 Et
2670 2761 2871 2820 factum
2894 2772 2980 2821 est
2995 2763 3082 2820 die
3097 2764 3359 2831 secundo,
3381 2779 3448 2820 ex
3467 2778 3577 2836 quo
3599 2764 3746 2821 occi-

2163 2854 2242 2909 dit
2270 2854 2343 2910 ibi
2377 2854 2447 2926 (r)
2483 2853 2896 2939 Godoliam,.(s)
2934 2864 2987 2910 et
3016 2856 3180 2912 homo
3215 2870 3324 2911 non
3356 2855 3523 2912 novit.
3549 2857 3603 2911 5.
3640 2854 3749 2912 Ve-

2166 2954 2368 3002 nerunt
2395 2947 2495 3001 viri
2518 2962 2582 3002 ex
2613 2945 2831 3002 Sichem
2856 2946 2923 3018 (ι)
2953 2963 3016 3002 ex
3041 2946 3270 3018 Saljom,
3301 2955 3357 3003 et
3376 2963 3441 3003 ex
3468 2946 3744 3013 Samaria,

2164 3036 2442 3108 octoginta
2472 3037 2594 3103 viri,
2621 3037 2729 3093 rasi
2757 3036 2955 3092 barbas
2986 3051 3199 3106 eorum,
3230 3046 3285 3093 et
3311 3037 3541 3107 disrupti
3567 3046 3751 3093 vestes

2166 3145 2381 3195 eorum,
2410 3141 2465 3185 et
2495 3130 2573 3200 (ιι)
2608 3130 2935 3201 plangentes
2967 3145 2982 3182 :
3017 3137 3072 3185 et
3109 3130 3274 3197 dona,
3308 3137 3362 3185 et
3394 3131 3520 3186 thus
3546 3130 3600 3184 in
3631 3144 3753 3184 ma-

2093 3250 2136 3308 ο
2170 3221 2332 3277 nibus
2375 3236 2589 3286 eorum,
2618 3222 2683 3277 ad
2729 3221 3069 3278 inferendum
3120 3221 3175 3276 in
3229 3223 3451 3277 domum
3511 3222 3749 3277 Domini.

2169 3312 2222 3369 6.
2252 3311 2318 3368 Et
2338 3311 2508 3369 exivit
2537 3312 2731 3369 lsmael
2771 3313 2918 3369 ﬁlius
2948 3311 3306 3368 Nathaniaein
3339 3328 3631 3370 occursum
3657 3330 3755 3370 eo-

2170 3421 2290 3459 rum
2324 3420 2389 3460 ex
2439 3404 2709 3474 Maspbia,
2760 3405 2871 3460 ibat
2919 3406 3057 3471 iens,
3106 3412 3161 3460 et
3190 3404 3344 3459 ﬁens.
3389 3403 3615 3461 Factum
3670 3416 3758 3463 est

2171 3506 2372 3560 autem,
2413 3512 2537 3551 cum
2581 3494 3075 3566 appropinquasset
3120 3497 3225 3562 eis,
3279 3504 3332 3552 et
3359 3495 3496 3551 dixit
3529 3496 3594 3552 ad
3616 3512 3755 3552 eos:

2172 3586 2521 3658 lngredimini
2564 3586 2632 3640 ad
2668 3585 2960 3642 Godoliam
2996 3586 3166 3641 ﬁlium
3197 3586 3447 3641 Abicam.
3473 3586 3527 3640 7.
3557 3586 3620 3642 Et
3644 3586 3760 3642 fac-

2172 3688 2285 3734 tum
2310 3688 2424 3745 est,
2466 3694 2591 3733 eum
2626 3678 2854 3750 ingressi
2879 3686 3063 3734 essent
3085 3680 3154 3746 Χ
3176 3678 3230 3734 in
3262 3678 3285 3750 1
3320 3677 3555 3734 medium
3582 3680 3757 3746 urbis,

2158 3778 2226 3824 et
2276 3769 2533 3824 mactavit
2564 3781 2663 3824 eos
2710 3766 2905 3823 lsmael
2932 3766 3080 3822 ﬁlius
3114 3765 3405 3823 Natbanize
3434 3767 3514 3839 (το)
3551 3768 3605 3822 in
3655 3782 3758 3837 pu-

2175 3869 2345 3928 teum,
2401 3860 2537 3931 ipse,
2582 3867 2638 3915 et
2670 3858 2791 3925 viri,
2833 3858 2927 3928 qui
2973 3872 3098 3914 cum
3131 3873 3218 3914 eo.
3253 3857 3308 3913 8.
3343 3857 3419 3929 (ῃ)
3455 3856 3522 3911 Et
3569 3858 3759 3914 decem

2174 3951 2275 4007 viri
2301 3950 2506 4006 inventi
2537 3957 2666 4006 sunt
2697 3949 2804 4015 ibi,
2839 3956 2894 4005 et
2921 3949 3178 4004 dixerunt
3214 3949 3425 4005 lsmaeli
3458 3965 3473 4004 :
3512 3948 3592 4005 Ne
3617 3951 3763 4007 occi-

2178 4041 2279 4097 das
2320 4055 2447 4106 nos,
2476 4040 2604 4111 quia
2638 4049 2769 4096 sunt
2807 4038 2964 4095 nobis
2992 4037 3174 4094 acervi
3220 4039 3276 4094 in
3307 4054 3462 4108 agro,
3495 4040 3672 4095 tritica
3709 4047 3766 4096 et

2175 4131 2404 4195 hordea,
2441 4132 2621 4186 oleum
2645 4141 2700 4186 et
2723 4130 2829 4185 mel
2856 4148 2870 4184 :
2898 4129 2970 4202 (ι)
2991 4138 3042 4186 et
3063 4130 3336 4194 transivit,
3359 4140 3414 4186 et
3436 4146 3545 4186 non
3563 4131 3767 4188 occidit

2175 4240 2271 4279 eos
2319 4225 2374 4278 in
2417 4223 2598 4279 medio
2652 4221 2884 4277 fratrum
2950 4237 3163 4278 eorum.
3195 4222 3249 4277 9.
3297 4221 3503 4279 Puteus
3555 4232 3763 4291 autem,

2176 4315 2231 4368 in
2250 4327 2410 4384 quem
2432 4310 2660 4382 proiecit
2684 4313 2754 4381 >ιί
2777 4310 2849 4366 ibi
2882 4312 2904 4382 1
2932 4308 3124 4367 lsmael
3149 4311 3335 4367 omnia
3362 4326 3593 4382 corpora
3612 4313 3768 4367 viro-

2180 4421 2323 4471 rum,
2379 4419 2519 4475 quos
2571 4403 2772 4459 occidit
2817 4419 2915 4475 per
2959 4418 3182 4458 manum
3229 4402 3472 4460 Godolia;
3519 4414 3764 4476 :puteus

2183 4512 2416 4569 magnus
2439 4504 2526 4553 est
2568 4494 2659 4551 hic
2689 4510 2851 4565 quem
2888 4492 3017 4551 fecit
3044 4510 3135 4550 rex
3175 4496 3283 4551 Asa
3315 4495 3384 4551 ab
3412 4506 3540 4551 ante
3573 4497 3765 4552 faciem

505 4593 649 4664 quod
676 4593 918 4648 dedisset
948 4607 1040 4647 rex
1072 4591 1367 4662 Babylonis
1394 4590 1674 4647 residuum
1707 4592 1761 4647 in
1790 4590 1997 4655 Judaea,
2025 4602 2081 4648 et
2111 4580 2156 4637 Β
2189 4589 2375 4645 Bassa:
2401 4585 2544 4657 regis
2568 4583 2800 4643 lsrrelis:
2829 4584 2977 4641 hunc
2999 4584 3242 4654 implevit
3272 4583 3464 4640 lsmael
3492 4585 3633 4641 ﬁlius
3657 4584 3769 4642 Na-

505 4682 653 4753 quod
685 4680 1066 4737 constituisset
1096 4696 1262 4750 super
1297 4695 1393 4735 eos
1422 4679 1706 4736 Godoliam
1736 4682 1906 4737 tilium
1948 4680 2080 4736 Abi-

506 4790 625 4830 cam
668 4773 763 4828 ﬁlii
826 4771 1065 4843 Sapban.
1100 4772 1187 4826 12.
1229 4772 1293 4827 Et
1335 4772 1535 4829 reversi
1572 4782 1701 4830 sunt
1735 4776 1805 4842 Χ
1835 4788 2024 4829 omnes
2055 4773 2078 4841 1

509 4865 679 4923 Judaei
710 4883 776 4922 ex
809 4867 1067 4921 omnibus
1102 4866 1258 4933 locis,
1287 4880 1402 4936 quo
1426 4867 1656 4935 dispersi
1680 4867 1900 4922 fuerunt
1931 4867 2082 4931 illuc,

508 4967 564 5014 et
596 4965 858 5012 venerunt
902 4956 955 5010 in
996 4964 1192 5012 terram
1236 4955 1388 5011 Judae
1421 4956 1486 5011 ad
1517 4955 1802 5013 Godoliam
1837 4961 1891 5011 in
1943 4956 2088 5013 illas-

2179 4678 2380 4737 thanire
2414 4677 2635 4733 occisis.
2693 4674 2777 4731 10.
2844 4674 2921 4747 (a)
2972 4677 3038 4731 Et
3077 4676 3294 4732 reduxit
3329 4677 3523 4734 lsmael
3550 4693 3768 4734 omnem

2182 4771 2464 4842 populum,
2491 4769 2586 4840 qui
2628 4769 2853 4826 relictus
2885 4766 3018 4835 fuit,
3055 4771 3122 4837 Ἃ(
3152 4784 3279 4824 eum
3333 4772 3354 4840 1
3388 4770 3481 4841 qui
3517 4770 3572 4825 in
3624 4769 3769 4826 Mas-

2183 4866 2330 4935 pliia,
2362 4872 2419 4920 et
2456 4863 2597 4919 ﬁlias
2627 4863 2794 4932 regis,
2824 4871 2875 4919 et
2905 4877 3124 4919 omnem
3159 4863 3442 4933 populum,
3474 4863 3568 4933 qui
3592 4864 3769 4919 relicti

2182 4957 2406 5012 fuerunt
2440 4956 2494 5010 in
2519 4952 2787 5025 Maspbia,
2817 4970 2959 5023 quos
2988 4954 3395 5010 commendavit
3410 4952 3771 5009 Nabuzardan

510 5049 716 5125 pbiam,
738 5055 793 5104 et
822 5048 1385 5121 collegeruntvinum,
1413 5056 1466 5104 et
1490 5047 1567 5120 (η)
1591 5047 1830 5104 fructum
1855 5049 2086 5104 multum
2185 5047 2442 5117 princeps
2465 5060 2770 5117 coquorum
2798 5044 3042 5101 Godolia:
3068 5044 3179 5101 ﬁlio
3204 5044 3451 5112 Abicam,
3472 5045 3546 5116 (b)
3571 5053 3628 5101 et
3652 5061 3774 5103 mae

585 5232 649 5304 (ι)
688 5231 1001 5287 Jeremiam.
1080 5230 1158 5301 (τι)
1188 5231 1275 5304 A.,
1307 5231 1564 5304 magister
1603 5231 1905 5304 lanionum.

514 5300 599 5365 S.,
626 5300 836 5358 catenis
867 5317 1152 5357 manuum.
1230 5300 1415 5372 (a)S..’
1437 5302 1610 5370 placet
1636 5301 1754 5357 tibi.

515 5440 781 5513 placuerit
837 5441 957 5496 tibi.
1002 5441 1100 5513 _(f)
1140 5440 1287 5513 ne},
1327 5442 1446 5513 virj.
1528 5440 1603 5512 (g)
1648 5442 1740 5503 A.,

514 5509 607 5593 Α...
639 5509 726 5593 8.,
762 5521 814 5565 ct
874 5509 1109 5593 servile._
1169 5511 1232 5593 (ι)
1262 5513 1351 5577 Α.,
1387 5510 1470 5593 8.,
1495 5509 1567 5567 ad
1587 5509 1724 5593 vos:
1777 5512 1956 5593 Δ(νηὶ-Α

516 5582 672 5645 sciet,
695 5596 867 5651 quare
906 5581 1117 5636 occidet
1141 5583 1378 5635 animam
1405 5592 1576 5636 tuam.
1656 5581 1731 5652 (p)
1757 5627 1760 5632 λ

516 5651 681 5706 homo
716 5667 824 5706 non
859 5660 1061 5706 nosset.
1139 5651 1200 5720 (ι)
1234 5652 1319 5715 Α.,
1341 5649 1423 5714 8.,
1456 5668 1518 5707 ex
1554 5651 1760 5705 Saloni.

2014 5235 2093 5304 (τε)
2124 5232 2374 5304 Reliqui,
2421 5233 2638 5288 loculus
2691 5242 2794 5304 est.

1832 5302 1907 5370 (b)
1961 5300 2045 5367 8.,
2075 5300 2162 5358 'et
2214 5300 2263 5373 si
2302 5319 2409 5358 nou
2464 5304 2641 5373 placet
2681 5303 2798 5359 tibi.

514 5383 809 5454 antequam
864 5373 1309 5454 ⁹ιςιζίιθόειίῐιΜίδεω,
1361 5372 1890 5454 ,ι’ςιοθτεεςεηιιειιριθ
1948 5372 2092 5454 apqd
2138 5372 2446 5454 Godoli‘am.‘

1839 5653 2031 5722 (11)Α.,
2064 5651 2120 5706 8.

2892 5232 2969 5304 (y)
3007 5233 3088 5288 Ei.
3188 5231 3263 5301 (ι)
3307 5233 3401 5297 Α..
3468 5248 3497 5287 a
3545 5233 3775 5304 catenis.

2531 5314 2641 5358 acet
2681 5303 2798 5384 tibi.
2874 5302 2949 5375 (ὁ)
2982 5304 3068 5369 8.,
3105 5318 3383 5374 permane.
3460 5304 3539 5384 (ά)
3596 5302 3681 5368 8.,
3724 5312 3780 5357 ct

2531 5372 2601 5496 gf)
2635 5373 2734 5454 S.,_
2775 5389 2828 5427 tn
2893 5390 3110 5429 omnem
3182 5372 3388 5473 locum,
3442 5389 3778 5479 quicumque

2531 5468 2534 5489 ν
2578 5460 2614 5496 ι.
2692 5443 2758 5496 (tl
2812 5444 2903 5496 A..
2969 5442 3055 5496 S..
3089 5458 3295 5496 servue
3333 5444 3624 5496 thaldats.
3702 5441 3777 5496 ikl

1786 5442 1877 5514 S.,_
1905 5450 1960 5514 et
1978 5441 2062 5514 iul:

2162 5460 2237 5498 es.
2323 5441 2614 5514 (Ii).lopbi.
2692 5443 2903 5514 (i)_A..
2969 5442 3055 5510 S.,
3089 5444 3295 5500 servire
3333 5441 3624 5499 Chaldaeis.
3691 5441 3777 5512 υς)

1969 5552 2006 5575 .,
2044 5510 2283 5567 fructum
2312 5510 2583 5569 aasuvum.

1678 5581 2566 5656 ρ)Α.,-8.,γ(Ῐιξῌςιεειμίιιςι-πεξεηίζ
2615 5581 2910 5656 (ωερίηιιιι.
2988 5585 3057 5654 (r)
3124 5581 3377 5656 lsmaeln
3417 5585 3487 5656 (δ)
3509 5583 3592 5648 8.,
3649 5599 3778 5639 cum

2132 5692 2146 5715 ,
2178 5652 2368 5723 incisi.
2417 5652 2494 5720 (re)
2527 5652 2593 5706 Et
2626 5652 2862 5723 proiecit
2903 5652 3018 5709 eos.

2659 5511 2847 5587 (ἠ)ξ8.,
2873 5516 3140 5587 triticum.
3221 5513 3567 5587 (o)S.,Ad_ur_n
3615 5511 3778 5567 nemo

3099 5656 3177 5727 (tl)
3208 5657 3292 5722 ει,
3336 5654 3534 5727 decem
3597 5663 3776 5709 autem

515 5721 618 5790 viri
649 5723 852 5774 inventi
885 5731 1012 5775 sunt
1046 5720 1140 5785 ibi,
1171 5721 1261 5790 qui
1285 5720 1542 5777 dixerunt
1582 5722 1648 5775 ad
1682 5720 1981 5776 lsmaelem.
2059 5723 2136 5790 (π.)
2164 5722 2249 5788 8.,
2287 5723 2562 5778 cohibitus
2595 5720 2695 5778 luit
2720 5720 2925 5787 autem,
2969 5734 3025 5779 et
3064 5720 3171 5781 non
3208 5720 3348 5781 mori
3380 5725 3508 5780 fecit
3531 5739 3626 5779 eos
3649 5738 3777 5778 cum

518 5787 778 5862 fratribus
799 5805 1005 5862 eorum.
1025 5787 1207 5862 fovea
1238 5799 1416 5862 autem
1447 5793 1500 5846 in
1535 5807 1697 5861 quam
1733 5794 1979 5862 prnjecit.

2057 5793 2134 5863 (a)
2164 5792 2365 5868 4,3"
2393 5795 2740 5868 etcaptivum
2772 5796 2949 5850 duxit.
3027 5796 3103 5868 (b)
3138 5800 3229 5864 A.,
3262 5805 3316 5852 et
3344 5796 3586 5867 captivos
3623 5794 3782 5850 duxit

519 5876 615 5918 eos
638 5860 834 5919 lsmael
859 5860 1002 5918 ﬁlius
1023 5859 1324 5930 Natbanise,
1364 5869 1418 5916 et
1443 5859 1578 5917 abiit
1611 5862 1676 5917 ad
1712 5859 2203 5919 ti'an'seundut‘n'ad
2237 5862 2377 5918 ﬁlios
2429 5859 2682 5919 Aminon.
