4134 6492
363 428 466 484 237
476 429 500 485 1

369 541 620 596 tutinavit
642 537 836 595 Ismael
871 536 1016 593 ﬁlius
1035 536 1340 594 Natbaniae.
1371 543 1423 590 et
1450 535 1583 591 abiit
1613 544 1763 591 trans
1798 535 1938 592 filios
1966 543 2014 602 Α
2041 549 2129 599 eo,
2181 535 2205 603 1

367 636 624 691 Ammon.
669 631 756 686 II.
797 638 866 686 Et
909 630 1120 685 audivit
1160 628 1409 685 Jobanan
1456 626 1599 684 illius
1634 628 1841 694 Coralt,
1887 636 1941 684 et

368 742 559 781 omnes
583 725 854 795 principes
877 725 1180 793 potestatis,
1205 721 1298 792 qui
1321 736 1443 776 cum
1463 736 1551 787 eo,
1573 720 1756 776 omnia
1776 719 1939 787 mala,

369 832 492 881 quae
531 815 660 871 fecit
691 813 883 871 Ismael
917 814 1057 869 filius
1083 810 1365 867 Nathanim
1403 831 1416 867 :
1448 812 1536 866 12.
1577 820 1631 867 et
1671 812 1946 867 duxerunt

370 908 555 962 omnia
575 915 755 963 castra
808 920 1019 969 eorum,
1062 912 1117 959 et
1143 902 1355 957 iverunt
1384 903 1451 958 ad
1480 902 1832 974 pugnandum
1878 917 1941 959 -t—

371 1002 637 1054 adversus
659 1011 782 1052 eum
813 997 836 1066 1
869 1011 990 1050 cum
1013 994 1241 1050 Ismaele
1262 993 1372 1048 [Ilio
1396 992 1697 1060 Natltanite,
1719 1002 1775 1049 et
1795 993 1945 1049 inve-

372 1103 571 1150 nerunt
594 1107 718 1148 eum
742 1107 907 1161 super
925 1105 1066 1161 aqua
1096 1091 1289 1157 multa,
1317 1091 1386 1158 χ
1410 1104 1533 1159 quae
1564 1086 1587 1157 1
1611 1088 1668 1143 in
1697 1087 1943 1143 Gabaon.

364 1186 458 1240 15.
490 1182 556 1238 Et.
592 1182 794 1238 factum
826 1188 931 1246 est,
969 1195 1095 1236 cum
1130 1180 1340 1235 videret
1359 1180 1545 1235 omnis
1580 1178 1832 1249 populus,
1853 1177 1947 1247 qui

370 1292 494 1331 cum
520 1273 747 1330 Ismat-Ie
769 1271 1018 1327 Johanan
1050 1270 1219 1325 ﬁlium
1254 1268 1458 1336 Corab,
1494 1280 1549 1324 et
1572 1282 1765 1323 omnes
1793 1267 1946 1338 prin-

371 1369 519 1436 cipes
551 1365 873 1435 potestatis,
902 1378 1024 1434 quae
1050 1377 1174 1417 cum
1211 1376 1299 1428 eo,
1337 1360 1426 1416 14.
1460 1368 1515 1416 et
1565 1361 1767 1431 gravisi
1797 1370 1946 1424 sunt,

371 1467 426 1513 et
458 1457 736 1513 redierunt
770 1455 951 1511 omnis
998 1454 1253 1525 populus,
1296 1454 1763 1524 quem-captivum
1792 1452 1951 1508 duxit

370 1549 566 1605 Ismael
598 1547 668 1620 (c)
694 1564 757 1603 ex
793 1546 1039 1618 Masphia
1069 1566 1083 1602 :
1114 1553 1308 1601 etcum
1338 1544 1650 1609 rediissent,
1686 1552 1952 1599 venerunt

370 1639 437 1694 ad
469 1636 717 1693 Johanan
760 1635 929 1690 filium
964 1634 1165 1691 Corah.
1209 1633 1297 1689 I5.
1351 1632 1544 1688 Ismael
1584 1640 1764 1688 autem
1807 1632 1952 1688 tilius

369 1730 650 1785 Nathania:
682 1728 989 1784 evasitcum
1006 1735 1132 1783 octo
1159 1725 1475 1781 hominibus
1503 1724 1575 1781 ab
1597 1733 1724 1781 ante
1754 1723 1950 1781 faciem

370 1818 641 1884 Joltanan,
698 1825 755 1872 et
786 1816 920 1872 abiit
954 1817 1023 1872 ad
1070 1815 1214 1871 filios
1246 1813 1501 1869 Ammon.
1556 1814 1647 1869 16.
1690 1814 1759 1870 Et
1807 1814 1951 1885 cepit

369 1881 786 1966 Jobananﬁﬁlius
813 1907 1018 1974 Corab,
1038 1914 1094 1962 et
1125 1921 1316 1962 omnes
1343 1906 1617 1977 principes
1636 1881 1946 1977 potestatis,
1979 1881 2022 1937 Β

371 2005 465 2074 qui
500 2013 623 2057 cum
651 2015 738 2066 co,
776 2014 967 2056 omnes
1004 1997 1264 2068 reliquias
1296 1997 1502 2067 populi,
1548 2011 1688 2068 quas
1733 1996 1951 2053 reduxit

371 2095 443 2150 ab
477 2092 703 2148 Ismaele
732 2092 799 2162 x
831 2089 944 2145 lilio
964 2088 1249 2144 Nathanim
1267 2103 1335 2143 ex
1367 2086 1632 2159 Maspltia,
1658 2096 1948 2159 postquam

371 2185 571 2242 occidit
617 2182 903 2239 Godoliant
944 2181 1114 2236 tilium
1149 2179 1377 2235 Abicam
1413 2179 1474 2247 1,
1515 2187 1766 2250 potentes
1803 2179 1950 2236 viros

370 2278 427 2332 in
449 2275 614 2340 bello,
645 2287 706 2330 σεε
736 2281 792 2329 et
831 2272 856 2341 1
889 2272 1168 2338 mulieres,
1193 2279 1247 2327 et
1272 2269 1350 2340 (ά)
1382 2270 1664 2341 reliquias,
1688 2279 1742 2326 et
1772 2285 1948 2326 ennu-

369 2369 527 2433 cbos,
569 2380 710 2438 quos
759 2364 974 2421 reduxit
1005 2378 1071 2419 ex
1107 2361 1352 2418 Gabaon.
1388 2362 1475 2417 I7.
1509 2361 1572 2418 Et
1604 2363 1675 2434 (ε)
1705 2362 1860 2429 abiit,
1895 2371 1950 2419 et

371 2460 514 2517 sedit
541 2460 751 2513 interra
768 2457 964 2511 Berotlt
985 2454 1343 2522 Cbamaham,
1368 2469 1492 2525 quae
1515 2454 1583 2509 ad
1608 2455 1944 2524 Bethlehem,

372 2561 433 2609 ut
480 2550 657 2606 abiret
701 2549 768 2604 ad
808 2545 1223 2617 Ingrediendum
1280 2546 1334 2599 in
1373 2543 1690 2616 Egyptum,
1749 2546 1836 2601 18.
1878 2547 1948 2603 ab

370 2656 497 2702 ante
536 2645 732 2700 faciem
767 2641 1151 2697 Chaldaorum
1173 2679 1189 2705 ,
1228 2639 1357 2711 quia
1391 2639 1698 2696 timuerunt
1721 2639 1790 2695 ab
1821 2650 1948 2697 ante

371 2738 563 2793 faciem
601 2750 791 2792 eorum
820 2752 834 2788 :
867 2734 994 2804 quia
1017 2732 1214 2789 occidit
1245 2729 1439 2787 Ismael
1470 2734 1539 2801 χ
1569 2731 1717 2788 filius
1747 2729 1948 2788 Natba-

368 2832 474 2886 nite
527 2828 813 2884 Godoliam
850 2825 1019 2880 tilium
1057 2824 1286 2880 Abicam
1343 2822 1406 2892 1,
1454 2838 1618 2895 quem
1663 2825 1949 2881 constituit

369 2938 463 2979 rex
500 2922 791 2995 Babylonis
816 2921 869 2975 in
904 2928 1069 2976 terra.

438 3014 570 3086 Cap.
610 3012 762 3067 XLII.
798 3041 868 3052 —
902 3012 953 3066 1.
980 3010 1049 3065 Ει
1075 3017 1427 3067 accesserunt
1459 3023 1651 3065 omnes
1674 3010 1947 3082 principes

366 3105 675 3176 potestatis,
726 3110 781 3158 et
831 3099 1080 3156 Johanan
1122 3098 1266 3155 filius
1316 3097 1531 3165 Corah,
1579 3107 1633 3155 et
1683 3097 1944 3156 Jezanialt

1532 420 1758 481 CODEX
1798 417 2463 477 SYRO—HEXAPLARIS.

3479 424 3623 479 2572

2261 544 2317 590 et
2351 548 2568 589 omnem
2604 531 2860 604 populum
2903 547 2933 587 a
2973 547 3142 604 parvo
3174 548 3350 605 usque
3382 534 3452 590 ad
3500 551 3623 591 ma-

2049 643 2238 699 gnum,
2260 628 2313 683 9.
2342 637 2396 684 et
2422 628 2559 683 dixit
2581 628 2661 682 eis
2684 625 2816 681 :-Sie
2838 626 2977 682 dixit
3002 626 3265 682 Dominus
3288 626 3429 683 Deus
3450 626 3626 684 Israe-

2044 722 2133 790 lis,
2161 723 2229 792 Χ
2276 722 2343 776 ad
2385 736 2547 793 quem
2579 720 2809 775 misistis
2839 734 2928 775 me
2961 720 3028 776 ad
3066 735 3214 785 eum,
3245 719 3311 774 ad
3342 718 3627 773 effunden-

2044 815 2174 871 dum
2205 814 2643 884 deprecationem
2696 813 2757 885 (ί)
2798 813 2864 881 )t(
2892 826 3079 868 coram
3120 827 3187 867 eo
3220 812 3242 882 1
3281 829 3295 864 :
3329 813 3396 866 to
3444 808 3501 865 Si
3538 825 3628 865 se-

2046 907 2225 963 dendo
2264 906 2514 963 sederitis
2541 905 2595 960 in
2640 914 2784 960 terra
2820 904 2940 970 hac,
2973 904 3137 958 etiam
3183 903 3467 959 aediﬁcabo
3503 917 3624 967 vos,

2044 1008 2099 1055 et
2123 1013 2230 1054 non
2274 999 2574 1064 destruam,
2608 1007 2662 1053 et
2699 998 2957 1068 plantabo
2985 1012 3106 1063 vos,
3131 1004 3185 1052 et
3226 1012 3334 1051 non
3361 995 3626 1060 evellam;

2049 1088 2122 1164 (k)
2152 1089 2281 1161 quia
2326 1089 2573 1161 acquievi
2604 1104 2768 1160 super
2809 1088 2990 1154 malis,
3026 1102 3150 1159 qua:
3177 1087 3287 1143 dixi
3324 1087 3390 1141 ad
3421 1086 3629 1145 facien-

2047 1184 2177 1238 dum
2205 1181 2381 1237 vobis.
2415 1181 2500 1236 11.
2549 1178 2628 1236 Ne
2671 1180 2909 1236 timeatis
2947 1180 3016 1235 ab
3059 1187 3185 1234 ante
3245 1178 3436 1233 faciem
3484 1179 3629 1247 regis

2048 1273 2357 1345 Babylonis,
2376 1272 2535 1342 cujus
2552 1287 2651 1329 vos
2669 1271 2873 1327 timetis
2902 1271 2972 1326 ab
2991 1280 3117 1326 ante
3134 1269 3326 1325 faciem
3358 1270 3480 1340 ejus
3512 1287 3526 1322 :
3558 1284 3629 1324 ne

2050 1367 2289 1423 timeatis
2317 1369 2385 1436 χ
2408 1364 2558 1421 abeo
2591 1366 2648 1434 1,
2678 1364 2809 1419 dicit
2838 1362 3136 1429 Dominus;
3162 1363 3292 1434 quia
3321 1376 3446 1417 eum
3470 1360 3630 1416 vobis

2049 1471 2152 1527 ego
2186 1472 2329 1521 sum,
2375 1456 2438 1526 (Ι)
2483 1455 2549 1510 ad
2583 1453 2922 1524 eripiendum
2953 1467 3073 1518 vos,
3112 1462 3167 1509 et
3205 1453 3271 1508 ad
3301 1453 3626 1507 salvandum

2051 1561 2150 1602 vos
2191 1561 2224 1603 e
2254 1561 2420 1601 manu
2460 1547 2556 1617 (m)
2580 1559 2795 1600 eorum.
2834 1543 2921 1598 12.
2949 1542 3016 1599 Et
3043 1544 3188 1599 dabo
3215 1545 3372 1599 vobis
3411 1544 3627 1600 miseri-

2051 1638 2317 1704 cordiam,
2341 1646 2396 1693 et
2422 1637 2722 1693 miserebor
2753 1636 2940 1701 vestri,
2971 1637 3051 1708 (η)
3083 1646 3138 1692 et
3157 1635 3411 1692 reducam
3441 1651 3540 1691 vos
3572 1637 3629 1691 in

2055 1736 2251 1785 terram
2274 1738 2533 1785 vestram.
2580 1729 2666 1784 15.
2701 1729 2767 1784 Et
2795 1729 2842 1785 si
2872 1727 3053 1785 dicitis
3085 1743 3185 1784 vos
3227 1743 3241 1780 :
3274 1726 3392 1782 Non
3414 1728 3631 1785 sedebi-

2053 1836 2178 1877 mus
2212 1822 2268 1876 in
2309 1829 2454 1877 terra
2491 1820 2612 1886 hac,
2647 1820 2784 1875 adeo
2811 1828 2864 1874 ut
2906 1834 3014 1874 non
3042 1818 3280 1875 audiatis
3297 1833 3485 1873 vocem
3518 1817 3631 1873 Do-

2052 1910 2186 1965 mini
2232 1910 2327 1965 Dei
2361 1911 2554 1975 nostri,
2592 1909 2680 1963 ﬂ.
2706 1908 2951 1965 dicentes
2991 1927 3005 1963 :
3038 1908 3112 1979 (ο)
3136 1907 3293 1974 Quod
3335 1908 3391 1963 itt
3427 1918 3629 1963 terram

2051 2001 2271 2075 Egyptl
2319 2001 2705 2073 ingrediemur,
2745 2009 2800 2056 et
2828 2015 2935 2056 non
2967 2001 3274 2056 videbimus
3318 2000 3544 2067 bellum,
3575 2010 3631 2056 et

2050 2110 2237 2151 vocem
2269 2094 2346 2166 (ρ)
2376 2094 2519 2149 tubae
2539 2108 2647 2149 non
2673 2092 2979 2157 audiemus,
2996 2102 3050 2147 et
3078 2107 3248 2162 panes
3268 2108 3380 2148 non
3409 2093 3632 2147 esurie-

2050 2203 2173 2245 mus
2202 2195 2294 2243 :et
2318 2186 2393 2242 ibi
2438 2184 2829 2242 habitabimus.
2860 2185 2948 2240 15.
2987 2183 3055 2239 Et
3077 2186 3146 2254 χ
3179 2201 3327 2240 nunc
3356 2186 3380 2256 1
3408 2195 3632 2255 propter

2050 2280 2155 2337 ltoc
2176 2279 2359 2335 audite
2389 2278 2555 2334 verba
2583 2276 2820 2343 Domini,
2850 2279 2917 2346 )t(
2939 2277 3184 2348 reliquiae
3208 2276 3410 2332 Judzeae
3448 2278 3471 2346 1
3499 2294 3514 2330 :
3551 2274 3629 2346 (ᾳ)

2051 2370 2143 2427 Sic
2187 2372 2325 2427 dixit
2372 2369 2640 2429 Dominus
2686 2372 2754 2442 χ
2794 2371 3055 2426 virtutum
3108 2371 3253 2426 Deus
3296 2369 3515 2424 Israelis
3553 2369 3576 2439 1
3613 2387 3628 2424 :

2050 2463 2107 2518 Si
2137 2478 2232 2520 vos
2269 2466 2337 2535 χ
2375 2464 2556 2521 dando
2602 2464 2626 2534 1
2663 2464 2923 2520 dederitis
2960 2461 3154 2518 faciem
3182 2471 3418 2519 vestram
3462 2466 3531 2534 χ(
3561 2464 3633 2520 ad

2049 2552 2460 2625 ingrediendum
2492 2553 2514 2623 1
2543 2553 2597 2607 in
2637 2551 2953 2626 Egyptum,
2995 2560 3050 2608 et
3073 2552 3409 2607 intraveritis
3440 2552 3511 2625 (r)
3559 2553 3630 2607 ad

2050 2646 2400 2702 habitandum
2425 2646 2522 2711 ibi,
2546 2644 2629 2701 16.
2662 2654 2719 2701 et
2741 2645 2866 2711 erit,
2894 2644 3041 2716 quod
3075 2644 3309 2715 gladius,
3332 2660 3497 2715 quem
3530 2660 3632 2700 vos

2049 2741 2253 2796 timetis
2276 2740 2346 2795 ab
2373 2747 2500 2795 ante
2521 2737 2715 2794 faciem
2744 2737 2886 2808 ejus,
2916 2739 2982 2806 χ
3007 2737 3079 2793 ibi
3112 2737 3136 2806 1
3168 2737 3409 2793 inveniet
3434 2751 3534 2793 vos
3560 2738 3631 2805 Χ

2049 2832 2102 2887 in
2132 2842 2276 2887 terra
2318 2832 2341 2902 1
2370 2829 2622 2902 Egypti;
2655 2839 2711 2887 et
2743 2829 2938 2897 fames,
2972 2830 3130 2901 cujus
3150 2844 3250 2886 vos
3278 2830 3420 2885 ratio
3450 2831 3518 2901 (ε)
3543 2840 3631 2885 est

2046 2922 2203 2979 vobis
2229 2921 2290 2994 (ι)
2321 2922 2392 2978 ab
2413 2932 2538 2977 ante
2557 2921 2750 2978 faciem
2776 2922 2917 2993 ejus,
2946 2923 3015 2991 χ
3048 2921 3119 2978 ibi
3151 2923 3175 2992 1
3215 2920 3296 2991 (ιι)
3326 2922 3631 2992 apprelteno

2047 3016 2139 3072 det
2168 3029 2266 3070 vos
2294 3015 2347 3069 in
2375 3012 2630 3086 Egypto,
2670 3024 2726 3070 et
2751 3015 2824 3070 ibi
2870 3015 3204 3079 moriemini,
3240 3014 3327 3069 I7.
3363 3014 3432 3069 Et
3468 3024 3631 3070 erunt

2047 3121 2241 3163 omnes
2262 3104 2388 3170 viri,
2409 3105 2501 3193 qui
2531 3112 2837 3176 posuerunt
2868 3105 3062 3160 faciem
3083 3119 3237 3161 suam
3275 3107 3340 3173 χ(
3356 3106 3423 3159 ad
3447 3105 3631 3175 ingre-

367 3198 513 3254 filius
545 3197 608 3269 (ι’)
630 3196 856 3261 Hostem,
881 3201 936 3250 et
959 3191 1141 3248 omnis
1176 3191 1409 3262 populus
1444 3206 1474 3245 a
1503 3205 1672 3261 parvo
1693 3199 1748 3248 et
1771 3207 1946 3263 usque
1971 3209 2016 3268 α
2047 3196 2306 3253 diendum
2344 3198 2367 3267 1
2410 3191 2464 3252 in
2501 3206 2704 3251 terram
2751 3195 2992 3269 Egypti,
3034 3197 3102 3252 ad
3140 3196 3500 3252 habitandum
3529 3198 3626 3262 ibi,

367 3290 435 3345 ad
471 3303 752 3360 magnum,
790 3284 847 3345 2.
874 3293 930 3341 et
976 3284 1236 3340 dixerunt
1283 3282 1349 3339 ad
1382 3281 1677 3338 Ieremiam
1711 3283 1945 3354 prophe-

368 3388 478 3434 tam
519 3399 531 3434 :
566 3377 738 3432 Cadat
780 3377 849 3444 Χ
903 3386 1052 3428 nunc
1098 3373 1122 3442 1
1163 3371 1476 3441 deprecatio
1523 3380 1709 3427 nostra
1757 3386 1943 3428 coram

366 3471 508 3527 faeie
530 3479 622 3525 tua
646 3508 666 3536 ,
697 3478 751 3523 et
778 3482 875 3521 ora
909 3468 977 3535 χ
996 3478 1096 3535 pro
1115 3464 1274 3519 nobis
1303 3465 1328 3535 1
1353 3464 1419 3519 ad
1456 3463 1744 3519 Dominum
1773 3464 1942 3520 Deum

366 3574 544 3629 tuum,
579 3576 678 3631 pro
711 3557 957 3628 reliquiis
992 3556 1076 3611 Itis
1129 3572 1143 3609 :
1187 3554 1311 3626 quia
1350 3554 1524 3611 relicti
1556 3569 1749 3612 sumus
1787 3556 1945 3625 pauci

365 3658 434 3712 de
467 3654 674 3717 multis,
698 3652 838 3708 sicut
858 3649 1001 3707 oculi
1026 3649 1102 3704 tui
1128 3647 1312 3704 vident
1336 3661 1457 3702 nos.
1489 3646 1543 3702 '5.
1570 3645 1634 3702 Et
1657 3647 1947 3702 annuntiat

364 3748 525 3805 nobis
554 3745 817 3800 Dominus
840 3740 981 3798 Deus
1016 3748 1141 3796 tuus
1173 3741 1339 3805 viam,
1373 3753 1483 3810 qua
1530 3752 1724 3793 eamus
1770 3736 1823 3791 in
1857 3752 1961 3802 ea,-

363 3850 420 3895 et
453 3838 698 3901 verbum,
727 3834 873 3906 quod
916 3832 1204 3889 faciamus.
1235 3830 1291 3885 4.
1332 3829 1395 3884 Et
1420 3829 1559 3885 dixit
1598 3829 1681 3886 eis
1710 3827 1946 3884 Jeremia

361 3929 629 4003 propheta
682 3944 698 3982 :
753 3924 973 3989 Audivi,
1019 3936 1146 3978 ecce
1186 3935 1289 3992 ego
1345 3919 1517 3975 orabo
1544 3918 1613 3974 ad
1655 3918 1944 3975 Dominum

365 4026 537 4081 Deum
562 4031 835 4086 nostrum,
850 4019 1005 4091 juxta
1023 4018 1186 4072 verba
1201 4023 1381 4072 vestra
1406 4033 1420 4070 :
1437 4026 1492 4071 et
1513 4014 1623 4083 liet,
1646 4018 1716 4084 χ(
1733 4029 1896 4072 omne
1916 4014 1941 4085 1

363 4116 618 4180 verbum,
685 4111 832 4185 quod
879 4108 1230 4182 respondebit
1278 4106 1545 4165 Dominus
1590 4111 1660 4179 χ
1690 4108 1846 4164 vobis
1884 4108 1940 4177 1,

363 4209 701 4268 annuntiabo
757 4205 933 4275 vobis,
994 4220 1105 4260 non
1160 4204 1350 4261 celabo
1398 4218 1428 4259 a
1480 4204 1638 4260 vobis
1689 4204 1938 4261 verbum.

363 4307 419 4360 5.
453 4303 521 4359 Et
567 4302 672 4373 ipsi
715 4301 973 4357 dixerunt
1007 4297 1260 4355 Ieremia!
1294 4312 1309 4351 :
1349 4296 1433 4353 Sit
1471 4296 1739 4353 Dominus
1783 4297 1943 4353 nobis

365 4399 420 4452 in
450 4405 641 4453 testem
672 4395 747 4466 (g)
774 4394 984 4465 justum
1015 4401 1069 4448 et
1091 4391 1325 4456 fidelem,
1361 4390 1407 4446 si
1439 4405 1567 4453 non,
1593 4389 1749 4459 juxta
1779 4402 1942 4445 omne

364 4488 615 4553 verbum,
642 4485 788 4557 quod
842 4483 1060 4540 miserit
1102 4490 1154 4538 te
1203 4481 1464 4538 Dominus
1485 4483 1553 4550 χ
1584 4480 1728 4536 Deus
1751 4488 1879 4536 tuus
1912 4479 1935 4549 1

2047 3287 2300 3344 deficient
2333 3289 2387 3343 in
2416 3288 2618 3360 gladio,
2646 3297 2700 3343 et
2722 3289 2776 3343 in
2808 3286 2974 3356 fame,
3012 3289 3080 3356 )t(
3108 3298 3163 3341 et
3188 3288 3267 3359 (τε)
3293 3288 3346 3341 in
3382 3298 3554 3343 morte
3575 3289 3626 3357 1,

2047 3389 2102 3435 et
2138 3393 2251 3434 non
2273 3379 2376 3434 erit
2413 3394 2478 3434 ex
2523 3380 2605 3435 eis
2643 3393 2712 3434 ne
2749 3379 2968 3449 quidem
3012 3379 3180 3435 homo
3206 3380 3283 3450 (υἱ
3305 3389 3359 3435 et
3394 3395 3501 3434 non
3529 3383 3625 3451 qui

2047 3471 2243 3528 evadet
2267 3488 2298 3527 a
2328 3472 2508 3539 malis,
2532 3487 2655 3542 qua:
2679 3487 2780 3543 ego
2804 3472 3004 3528 induco
3034 3487 3199 3544 super
3218 3487 3335 3529 eos.
3369 3472 3456 3527 18.
3488 3472 3627 3540 Quia

2047 3565 2128 3618 sic
2144 3562 2283 3618 dixit
2311 3561 2576 3617 Dominus
2597 3561 2866 3617 virtutum
2898 3560 3042 3619 Deus
3075 3560 3292 3620 Israelis
3328 3582 3342 3619 :
3374 3564 3527 3619 Sicut
3552 3564 3627 3635 (ι)

2048 3652 2272 3709 stillavit
2304 3652 2458 3707 furor
2489 3668 2665 3719 meus,
2708 3654 2778 3722 Χ
2814 3661 2869 3708 et
2910 3653 2987 3709 ira
3026 3669 3147 3709 mea
3194 3655 3218 3726 1
3269 3670 3435 3725 super
3482 3655 3631 3710 batti-

2049 3753 2228 3800 tantes
2274 3745 2329 3798 in
2355 3742 2683 3811 Jerusalem,
2717 3745 2803 3801 sic
2839 3745 3067 3801 stillabit
3089 3745 3250 3805 furor
3274 3762 3431 3803 meus
3465 3763 3632 3818 super

2046 3849 2168 3902 vos,
2201 3849 2327 3891 cum
2353 3834 2581 3905 ingressi
2606 3834 2743 3891 estis
2770 3836 2826 3891 iu
2853 3835 3191 3908 Egyptum:
3223 3847 3279 3894 et
3293 3839 3450 3895 eritis
3472 3839 3549 3912 (α)
3571 3841 3627 3895 itt

2047 3925 2393 3992 deletionem,
2422 3935 2478 3982 et
2519 3926 2768 3997 subjecti,
2789 3936 2844 3984 et
2874 3927 2930 3982 in
2973 3929 3428 3998 maledictionem,
3466 3941 3522 3987 et
3572 3932 3627 3988 in
3724 3986 3731 3995 ,

2046 4018 2445 4090 opprobrium,
2513 4028 2569 4075 et
2625 4033 2736 4074 non
2818 4020 3074 4077 videbitis
3144 4022 3382 4092 amplius
3446 4023 3626 4080 locum

2046 4110 2213 4176 hunc,
2276 4110 2359 4166 l9.
2422 4108 2520 4181 (b)
2578 4110 2721 4180 quod
2778 4109 2992 4168 locutus
3052 4119 3139 4169 est
3193 4111 3459 4170 Dominus
3534 4131 3631 4171 su-

2045 4214 2142 4269 per
2181 4213 2280 4255 vos
2319 4198 2571 4256 residuos
2588 4197 2762 4265 Iuda,
2798 4215 2867 4256 ne
2900 4200 3279 4273 ingrediantini
3333 4203 3387 4258 in
3431 4202 3634 4276 Egyp-

2043 4299 2161 4347 tum
2228 4310 2244 4347 :
2317 4299 2372 4348 et
2437 4307 2588 4348 nunc
2664 4293 3048 4364 cognoscendo
3113 4297 3500 4366 cognoscetis,
3560 4300 3629 4366 λ(

2030 4374 2192 4452 ἐιιιοςι
2223 4392 2566 4438 contestatus
2595 4398 2718 4439 sunt
2739 4399 2838 4439 vos
2858 4384 3060 4453 hodie;
3087 4385 3160 4443 20
3187 4388 3317 4458 quia
3342 4390 3366 4460 1
3393 4388 3467 4461 (c)
3491 4391 3632 4446 male

2045 4472 2252 4529 fecistis
2284 4472 2339 4528 itt
2372 4475 2572 4530 animis
2596 4474 2814 4540 vestris,
2849 4477 2917 4544 Χ
2947 4476 3045 4547 qui
3079 4492 3179 4534 vos
3215 4480 3238 4549 1
3275 4480 3509 4536 misistis
3544 4496 3631 4537 me

365 4581 433 4636 ad
474 4594 577 4634 nos
601 4545 681 4632 ita
702 4575 1018 4633 fecerimus.
1049 4574 1101 4629 6.
1146 4573 1272 4630 Sive
1310 4545 1553 4638 bonum,
1570 4573 1685 4629 sive
1714 4545 1941 4638 malum,
1975 4545 2025 4606 θ
2048 4567 2115 4623 ad
2165 4565 2457 4622 Dominum
2493 4568 2662 4623 Deum
2706 4545 2981 4635 vestrum,
3015 4545 3261 4628 dicentes
3297 4590 3314 4630 :
3369 4572 3479 4629 Ora
3528 4589 3631 4644 pro

364 4686 558 4727 vocem
604 4662 830 4724 Domini
865 4665 962 4723 Dei
1015 4667 1212 4731 nostri,
1249 4678 1412 4736 quem
1437 4678 1539 4720 nos
1573 4665 1842 4719 mittimus
1894 4671 1947 4718 te

368 4766 436 4832 λ(
470 4762 539 4817 ad
568 4776 695 4816 eum
743 4761 804 4829 1,
835 4759 1140 4824 audiemus,
1177 4766 1238 4812 ut
1266 4757 1464 4812 melius
1492 4756 1585 4811 fiat
1612 4754 1770 4811 nobis
1797 4754 1947 4824 ,quia

365 4853 657 4909 audiemus
689 4866 876 4908 vocem
913 4850 1129 4905 Domini
1176 4847 1272 4903 Dei
1306 4847 1502 4903 nostri.
1543 4845 1595 4899 7.
1631 4844 1697 4901 Et
1743 4843 1948 4901 factum

365 4957 453 5002 est
481 4954 605 5017 post
632 4945 821 5001 decem
849 4944 991 5009 dies,
1026 4940 1230 4997 factum
1267 4948 1353 4996 est
1388 4939 1614 4995 verbum
1646 4936 1860 4993 Domini
1882 4938 1951 4993 ad

363 5038 682 5094 Jeremiam.
713 5038 765 5095 8.
810 5039 878 5093 Et
901 5036 1119 5091 vocavit
1150 5033 1228 5104 (It)
1257 5030 1505 5087 Johanan
1536 5032 1604 5100 χ(
1635 5029 1803 5086 filium
1837 5027 1945 5085 Co-

366 5131 463 5186 ralt
493 5131 541 5201 1,
566 5132 908 5199 ethmues
939 5127 961 5197 1
986 5127 1260 5199 principes
1286 5123 1593 5197 potestatis,
1619 5125 1688 5193 )t(
1707 5122 1942 5194 quicum

439 5310 511 5382 (c)
549 5310 694 5382 Illius
729 5308 1040 5382 Nathaniaa.
1132 5307 1209 5377 (ιι)
1251 5305 1513 5382 Infantes.

2046 4658 2209 4715 nobis
2225 4659 2293 4713 ad
2318 4657 2612 4715 Dominum
2642 4659 2812 4717 Deum
2835 4671 3086 4718 nostrum
3116 4680 3131 4717 :
3156 4673 3214 4718 et
3236 4663 3393 4735 juxta
3420 4667 3627 4729 omnia,

2046 4765 2171 4821 quae
2210 4750 2429 4807 locutus
2468 4751 2638 4808 fuerit
2668 4752 2766 4808 tibi
2812 4753 3075 4810 Dominus
3121 4753 3265 4811 Deus
3313 4765 3518 4822 noster,
3551 4758 3633 4812 sic

2049 4843 2314 4898 annuntia
2368 4843 2551 4910 nobis,
2608 4854 2663 4902 et
2714 4845 3002 4902 faciemus.
3054 4847 3148 4901 21.
3200 4849 3267 4903 Et
3307 4850 3631 4904 annuntiavi

2050 4934 2207 4989 vobis
2258 4933 2442 4999 hodie,
2486 4945 2540 4990 et
2593 4950 2703 4991 non
2741 4937 3029 4993 audivistis
3067 4952 3252 4993 vocem
3289 4937 3503 4994 Domini
3537 4939 3633 4995 Dei

2052 5026 2238 5091 vestri,
2258 5028 2326 5093 )t(
2342 5035 2394 5080 et
2415 5026 2571 5097 juxta
2595 5029 2778 5083 omnia
2794 5029 2842 5098 1,
2861 5044 2985 5100 qua:
3020 5031 3172 5086 misit
3196 5047 3284 5088 me
3312 5034 3379 5088 ad
3412 5049 3511 5089 vos
3530 5033 3632 5105 (d).

2050 5120 2141 5177 22.
2180 5120 2247 5175 Ει
2279 5125 2510 5191 ιιυιιε>ε<
2546 5121 2729 5179 fuistis
2750 5135 3176 5193 cognoscentes,
3200 5127 3346 5196 quod
3379 5127 3402 5197 1
3440 5128 3494 5181 in
3519 5127 3636 5199 gla-

1618 5304 1690 5376 (ρ)
1742 5303 1832 5370 Α.,
1883 5302 2156 5370 abierunt,
2214 5312 2269 5359 et
2316 5302 2574 5376 sederunt
2626 5302 2681 5358 in
2717 5303 2987 5376 maceriis
3030 5302 3354 5376 Citamoabi,
3391 5321 3516 5376 quae
3567 5322 3635 5362 ex

367 5374 601 5437 adverso
636 5380 967 5434 Bethleltem.
1001 5377 1085 5438 S..
1138 5374 1264 5433 eum
1321 5374 1974 5447 abiissettt,:habitar‘ttnt
2020 5376 2074 5431 in
2114 5374 2679 5447 peregrinationibus,
2714 5374 3041 5447 in_e_a,_qn:e
3066 5374 3525 5447 Chamoaquuae
3566 5395 3635 5432 ex

368 5450 602 5506 adverso
622 5448 977 5519 iBetblehem.
1028 5448 1121 5519 if)
1170 5447 1566 5519 Hananiaetet
1611 5444 1807 5519 Azaria
1859 5442 2021 5519 filius.
2102 5442 2304 5514 (9)111,
2345 5443 2429 5519 S._,
2480 5459 2693 5519 verum.

1434 5517 1495 5587 (I)
1534 5516 1623 5580 Α.,
1661 5513 2318 5587 εᾼιιᾲεθννειηάιιιρύος,ᾼθι
2346 5515 2412 5569 ad
2459 5513 2839 5587 redimendum
2870 5530 2985 5569 vos.

369 5520 441 5593 (lt;
477 5522 568 5593 Α.,
606 5518 688 5593 8.,
723 5519 850 5593 quia
882 5517 1194 5593 satisfactus
1209 5533 1353 5593 sum:

366 5583 421 5645 et
450 5583 639 5646 sedere
662 5583 859 5645 faciam
888 5603 1005 5644 vos.
1082 5588 1156 5658 (0)
1185 5590 1279 5651 Α.,
1321 5586 1403 5649 8.,
1444 5583 1579 5653 non,
1608 5585 1705 5641 sed
1732 5585 1787 5639 in
1813 5593 2018 5658 terram
2035 5583 2275 5658 lEgypti.

1763 5653 1830 5724 (s)
1857 5653 1949 5716 A.,
1980 5654 2063 5719 8.,
2098 5653 2312 5709 solliciti
2334 5653 2490 5710 eStis.
2568 5656 2635 5724 (ι)
2662 5655 2744 5708 Ad
2787 5653 3130 5724 fugiendum.

1891 5726 1967 5794 (ν)
1999 5724 2088 5789 Α..
2114 5725 2391 5788 residuus,
2423 5734 2478 5779 et
2510 5724 2717 5794 salvus.

370 5661 435 5713 ad
466 5674 588 5731 esse
619 5660 954 5731 peregrinos.
991 5658 1077 5722 8.,
1109 5658 1176 5731 ad
1196 5658 1683 5731 commorandum.

371 5724 657 5792 tinabitur,
690 5724 1067 5784 adhaerescens
1090 5726 1263 5782 vobis.
1341 5727 1418 5796 (r)
1453 5724 1607 5789 S.,in
1635 5734 1809 5795 peste.

2771 5442 2849 5514 (h)
2898 5442 3157 5527 Jeremia.
3194 5448 3299 5527 κβ)
3356 5442 3632 5527 Vestrattt.

2354 5516 2412 5569 ad
2459 5516 2839 5568 redimendum
2870 5530 2985 5569 vos.
3064 5516 3161 5639 ῗη)
3194 5516 3349 5585 Ejus.
3429 5518 3509 5588 (η)
3539 5518 3633 5578 Α..

2354 5582 3048 5673 (ﬂeui-acerra;J9)
3090 5586 3374 5673 ,'*"¢,‘“.°‘E:
3451 5588 3634 5673 ww

2816 5657 3130 5724 ugiendum.
3215 5658 3293 5725 (ιι)
3326 5658 3411 5723 8.,
3444 5657 3638 5725 agglu-

2816 5725 2890 5793 (ι)
2912 5724 3003 5790 Α.,
3026 5725 3237 5782 effusus
3258 5737 3343 5791 est
3444 5726 3521 5795 (α)
3542 5727 3634 5791 Α.,

373 5796 917 5868 maledictionem,et
945 5798 999 5851 in
1024 5796 1233 5868 sterile,
1279 5792 1409 5852 etin
1431 5792 1857 5860 execrationem,
1893 5792 1946 5849 et
1975 5797 2029 5848 in
2044 5794 2422 5863 opprobrium.
2502 5794 2579 5866 (b)
2616 5792 2698 5860 S.,
2734 5792 2982 5851 verbum.
3061 5796 3133 5868 (c)
3175 5796 3265 5865 A.,
3309 5792 3633 5853 seduxistis.

373 5863 452 5937 td)
483 5863 551 5919 Ut
580 5866 951 5932 ptettitentiam
982 5865 1175 5937 agatis.
