4134 6428
464 409 606 462 ξεῖ)Ἱὸ

1682 410 1709 465 ,ι
1721 410 1999 465 ΕΒΕΜΙΑΞ
2039 407 2270 465 CAPUT
2310 408 2492 465 XLIV.

3583 410 3726 467 2571

463 524 574 590 dio,
627 532 683 579 et
727 524 781 578 in
821 522 983 589 fame,
1008 526 1074 595 χ
1103 523 1172 596 (ε)
1200 532 1254 579 et
1288 525 1341 579 in
1386 533 1561 582 morte
1605 529 1627 597 1
1664 526 1936 583 deﬁcietis
1981 527 2036 581 iu
2068 531 2112 587 Α
2144 526 2306 581 miam
2331 524 2412 597 (ά)
2446 524 2513 579 ad
2543 538 2734 579 omnes
2760 522 2982 579 Iudaeos
3020 524 3327 579 habitantes
3349 524 3416 590 >t(
3444 521 3498 577 iu
3522 531 3666 578 terra
3698 526 3720 592 1

467 615 730 678 Iocohoc,
763 630 872 684 quo
910 631 1006 670 vos
1032 616 1196 671 vultis
1220 616 1428 686 ingredi
1466 617 1532 672 ad
1559 618 1911 673 habitandum
1949 617 2041 672 ibi.

535 704 670 773 Cap.
699 703 884 757 XLIII.
913 735 982 748 --
1012 705 1062 759 1.
1095 703 1162 759 Ει
1191 706 1393 761 factum
1428 715 1530 774 est,
1553 723 1678 762 cum
1714 707 1782 778 (f)
1804 714 2048 763 cessaset

470 791 708 846 Jeremia
735 792 881 862 loqui
904 793 969 847 ad
992 797 1061 863 Χ
1080 810 1297 850 omnem
1327 797 1350 866 1
1382 797 1642 867 populum
1670 798 1853 853 omnia
1881 798 2046 853 verba

470 882 685 936 Domini
720 882 813 936 Dei
834 898 1047 948 eorum,
1078 899 1200 954 qua:
1229 885 1380 940 misit
1406 885 1672 942 Dominus
1686 886 1831 943 Deus
1854 901 2045 942 eorum

467 975 534 1028 ad
573 989 670 1030 eos
721 975 906 1029 omnia
934 977 1100 1031 verba
1150 977 1295 1043 haec;
1340 978 1394 1031 2.
1427 986 1482 1036 et
1511 979 1648 1034 dixit
1678 978 1874 1034 Azaria
1900 978 2048 1035 ﬁlius

468 1066 698 1130 Iloszeae,
754 1076 807 1121 et
857 1066 1107 1121 .Iohanan
1162 1069 1306 1123 ﬁlius
1354 1068 1556 1136 Corah,
1602 1078 1653 1126 et
1702 1084 1895 1127 omnes
1942 1069 2047 1124 viri

468 1160 710 1229 superbi,
741 1162 815 1231 (g)
851 1161 1092 1217 dicentes
1116 1161 1366 1217 Jeremiae
1402 1178 1415 1214 :
1448 1160 1728 1217 Mendacia
1764 1170 1819 1217 tu
1854 1163 2046 1232 loque-

466 1249 544 1304 ris
578 1267 593 1304 :
646 1264 755 1305 non
808 1251 959 1307 misit
997 1260 1047 1306 te
1079 1251 1345 1307 Dominus
1396 1252 1536 1307 Deus
1575 1260 1764 1309 noster
1804 1253 1874 1308 ad
1919 1268 2042 1321 nos,

465 1338 654 1393 dicens
696 1356 711 1393 :
751 1337 829 1393 Ne
864 1339 1317 1410 ingrediaminiin
1360 1340 1653 1412 Egyptum
1693 1342 1761 1397 ad
1793 1341 2044 1397 habitan-

463 1429 593 1483 dum
624 1429 719 1484 ibi.
760 1429 814 1485 3.
858 1428 965 1485 Sed
1014 1429 1226 1486 Barucb
1268 1432 1412 1488 ﬁlius
1456 1431 1632 1487 Neria;
1674 1432 1750 1504 (It)
1783 1446 2046 1503 provocat

466 1528 517 1575 te
544 1520 810 1578 adversus
838 1536 958 1588 nos,
991 1531 1053 1577 ut
1078 1522 1175 1579 des
1207 1538 1307 1579 nos
1333 1523 1386 1578 in
1412 1540 1610 1580 manus
1634 1523 2040 1593 Chaldarorum,

462 1612 529 1666 ad
572 1612 712 1668 mori
745 1612 1055 1669 faciendum
1081 1630 1202 1681 nos,
1237 1623 1292 1670 et
1319 1615 1387 1670 ad
1423 1616 1818 1686 deportandum
1854 1632 1954 1673 nos
1985 1617 2042 1672 in

462 1700 814 1774 Babylonem.
842 1709 897 1759 4.
918 1703 984 1758 Et
1007 1720 1115 1759 non
1148 1705 1357 1761 audivit
1384 1704 1632 1761 Johanan
1662 1706 1807 1763 ﬁlius
1831 1707 2038 1774 Corab,

459 1801 512 1847 et
536 1807 729 1849 omnes
766 1794 1042 1866 principes
1071 1797 1376 1866 potestatis,
1400 1805 1456 1851 et
1484 1798 1553 1866 Χ
1583 1799 1768 1854 omnis
1807 1799 2042 1869 populus

458 1900 647 1939 vocem
711 1884 953 1953 Domini,
1005 1888 1072 1943 ad
1125 1889 1481 1945 habitandum
1543 1889 1599 1945 in
1658 1896 1804 1945 terra
1861 1889 2036 1945 Iudae.
2078 1871 2119 1926 Β

459 1976 512 2030 5.
547 1975 613 2030 Et
662 1975 862 2033 sumsit
906 1975 1157 2035 Johanan
1207 1980 1351 2037 filius
1400 1980 1605 2048 Corah,
1641 1988 1708 2052 >ς<
1747 1994 1803 2039 et
1848 1999 2042 2042 omnes

458 2068 734 2139 principes
785 2072 1070 2141 potestatis
1113 2073 1135 2143 1
1183 2088 1378 2130 omnes
1416 2074 1669 2131 residuos
1708 2074 1898 2143 Judae,
1944 2077 2037 2147 qui

459 2161 734 2216 redierant
779 2177 843 2217 ex
891 2164 959 2233 κ
1028 2164 1284 2219 omnibus
1323 2166 1598 2236 gentibus,
1653 2182 1764 2236 quo
1809 2166 2042 2237 dispersi

457 2262 613 2308 erant
636 2254 708 2309 ibi
746 2254 809 2324 1,
833 2256 900 2311 ad
935 2257 1287 2312 habitandum
1328 2259 1382 2313 in
1411 2266 1552 2315 terra
1576 2257 1751 2325 Iudae,
1794 2261 1848 2314 6.
1891 2260 2042 2317 viros

459 2354 514 2396 et
536 2345 814 2412 mulieres,
843 2357 895 2403 et
916 2347 1175 2414 infantes,
1203 2355 1259 2404 et
1282 2349 1421 2405 ﬁlias
1451 2352 1616 2422 regis,
1640 2352 1703 2423 (ὅ)
1721 2359 1774 2407 et
1799 2352 2037 2419 animas,

457 2451 597 2504 quas
644 2436 863 2507 reliquit
922 2436 1287 2495 Nabuzardan
1331 2441 1584 2513 princeps
1636 2458 1937 2514 coquorum
1966 2443 2039 2515 (k)

457 2540 583 2580 cum
613 2524 841 2583 Godolia
888 2528 999 2583 lilio
1027 2529 1255 2585 Ahicam
1302 2531 1414 2586 lilio
1445 2530 1688 2603 Sapban,
1711 2544 1766 2589 et
1792 2538 1859 2603 χ(
1882 2534 1972 2588 τὸν
2012 2535 2037 2605 1

457 2616 747 2674 Jcremiam
776 2620 1118 2692 prophetam,
1147 2630 1199 2677 et
1222 2624 1290 2692 >ε<
1318 2622 1413 2677 τὸν
1439 2624 1463 2694 1
1491 2623 1705 2680 Baruch
1737 2625 1911 2681 tilium
1933 2623 2041 2681 Ne—

459 2716 552 2770 rine
581 2730 595 2766 :
625 2715 675 2769 7.
707 2715 769 2786 (ι)
795 2723 849 2771 et
884 2724 1152 2770 venerunt
1190 2716 1245 2771 in
1273 2723 1474 2771 terram
1507 2714 1748 2788 Egypti,
1769 2717 1900 2788 quia
1929 2734 2039 2773 non

456 2805 981 2861 audiveruntvocem
1002 2806 1241 2871 Domini,
1271 2815 1326 2862 et
1351 2815 1620 2862 venerunt
1642 2807 1741 2878 (ιη)
1772 2809 1827 2862 in
1857 2808 2041 2879 Tapb-

456 2899 636 2954 nas.8.
671 2896 735 2952 Et
760 2898 963 2954 factum
1005 2909 1090 2955 est
1123 2899 1347 2955 verbum
1391 2898 1608 2956 Domini
1652 2901 1718 2956 ad
1743 2899 2038 2971 Jeretuiam

458 2992 510 3044 in
554 2989 831 3061 Taphnas,
860 2992 1049 3047 dicens
1082 3010 1095 3046 :
1127 2993 1182 3046 9.
1219 2991 1390 3047 Sume
1429 2991 1525 3047 tibi
1574 2993 1675 3062 ipsi
1707 2993 1785 3065 (η)
1824 2994 2035 3064 lapides

457 3097 705 3153 magnos,
726 3090 782 3138 et
810 3082 1081 3138 absconde
1101 3097 1196 3138 eos
1223 3084 1291 3152 χ
1312 3082 1386 3154 (ο)
1405 3083 1459 3139 in
1486 3082 1699 3140 olﬁcina
1728 3086 1962 3142 lateritia
1988 3088 2038 3157 1,

455 3189 579 3243 quae
637 3185 764 3230 ante
822 3183 1008 3245 portas
1046 3175 1245 3230 domus
1306 3173 1610 3233 Pharaonis
1657 3178 1711 3232 in
1756 3175 2036 3248 Tapbnas,

454 3283 641 3322 coram
706 3268 884 3325 oculis
922 3269 1167 3325 virorum
1217 3268 1391 3326 Judae.
1436 3270 1524 3325 10.
1557 3270 1624 3327 Ει
1666 3271 1817 3328 dices
1861 3275 1930 3343 Χ
1969 3275 2037 3329 ad

454 3374 551 3414 eos
588 3359 612 3430 1
645 3374 659 3411 :
695 3359 789 3415 Sic
809 3359 947 3414 dixit
981 3359 1247 3416 Dominus
1272 3359 1535 3415 virtutum
1578 3361 1721 3417 Deus
1769 3361 1987 3419 Israelis
2025 3381 2043 3420 :

456 3451 595 3506 Ecce
621 3465 722 3521 ego
759 3450 936 3518 mitto,
963 3459 1017 3507 et
1059 3450 1134 3523 (ρ)
1165 3454 1360 3510 ducam
1394 3456 1461 3522 )t(
1485 3454 1575 3508 τὸν
1609 3455 1632 3526 1
1672 3451 2043 3512 Nabuchodo-

456 3557 713 3596 nosorem
737 3557 915 3613 regem
953 3542 1248 3616 Babylonis
1279 3561 1498 3601 servum
1528 3561 1733 3612 meum,
1755 3555 1807 3603 et
1837 3551 1912 3619 (ᾳ)
1946 3562 2043 3619 po-

456 3643 548 3688 net
573 3634 643 3704 (r)
673 3634 871 3689 solium
904 3634 1025 3705 ejus
1056 3652 1221 3708 supra
1255 3637 1461 3708 lapides
1503 3638 1623 3704 hos,
1651 3654 1789 3709 quos
1822 3638 1893 3710 (ε)
1920 3640 2044 3696 abs-

455 3727 774 3793 condidisti,
821 3726 887 3797 (t)
938 3737 993 3784 et
1034 3729 1265 3785 elevabit
1322 3746 1476 3785 arma
1527 3747 1627 3787 sua
1672 3747 1837 3802 super
1896 3747 2042 3790 eos:

465 3819 550 3874 11.
581 3827 636 3874 et
679 3819 1035 3890 ingredietur,
1074 3830 1130 3877 et
1175 3823 1444 3893 percutiet
1493 3827 1562 3892 χ(
1601 3823 1701 3894 τὴν
1761 3824 1785 3896 1
1841 3834 2041 3881 terram

456 3910 694 3983 A‘gypti,
724 3910 845 3977 bos,
873 3910 966 3980 qui
993 3911 1046 3964 iu
1075 3921 1328 3977 mortem,
1356 3913 1409 3967 in
1435 3923 1690 3978 mortem,
1717 3923 1774 3969 et
1801 3915 1920 3982 hos,
1945 3915 2043 3986 qui

456 4000 512 4054 in
561 4000 1033 4071 demigrationem,
1073 4000 1151 4071 (α)
1200 4001 1256 4055 in
1302 4002 1783 4079 demigrationem,
1830 4006 2039 4072 ethos,

457 4091 552 4161 qui
597 4092 652 4146 in
701 4091 961 4161 gladium,
1019 4091 1072 4146 in
1113 4092 1374 4163 gladium.
1418 4094 1506 4149 12.
1546 4095 1612 4149 Ει
1653 4094 1734 4165 (ω)
1786 4095 2042 4153 incendet

458 4183 638 4252 ignem
674 4182 728 4237 in
761 4182 1016 4239 domibus
1038 4183 1265 4239 deorum
1301 4185 1377 4255 (υ)
1414 4201 1628 4251 eorum,
1665 4193 1720 4241 et
1748 4188 2041 4244 comburet

458 4290 574 4340 eos,
607 4276 683 4346 (ι)
709 4284 765 4331 et
786 4275 1098 4346 deportahit
1126 4292 1243 4341 eos,
1267 4274 1343 4346 (a)
1376 4286 1433 4333 et
1457 4278 1711 4348 exquiret
1733 4281 1802 4349 χ(
1832 4288 2038 4335 terram

461 4365 679 4439 Egypti
717 4368 778 4438 1,
805 4368 951 4423 sicut
992 4368 1234 4438 exquirit
1278 4377 1464 4437 pastor
1515 4378 1721 4425 vestem
1766 4386 1946 4436 suam,
1985 4378 2040 4426 et

459 4458 630 4514 exibit
664 4460 731 4529 Ἀ(
769 4458 893 4514 inde
920 4460 943 4528 1
969 4459 1023 4513 in
1055 4474 1207 4529 pace.
1237 4461 1323 4515 I3.
1354 4460 1423 4516 Et
1450 4471 1697 4519 conteret
1721 4463 1796 4535 (b)
1824 4464 2036 4519 colum-

2146 619 2386 689 zEgypti,
2422 626 2478 673 et
2514 617 2768 674 sedentes
2798 616 2852 669 in
2895 614 3130 686 Magdol,
3162 623 3213 669 et
3245 613 3300 667 in
3340 612 3645 683 Thahphis,
3672 624 3729 669 rt

2146 709 2200 763 in
2250 707 2538 778 Memphis,
2589 715 2644 761 et
2695 706 2749 761 in
2793 715 2938 760 terra
2968 703 3227 768 Pathros,
3252 704 3440 759 dicens
3484 722 3498 759 :
3542 704 3598 759 2.
3634 703 3728 758 Sic

2146 797 2286 853 dixit
2315 798 2581 853 Dominus
2604 798 2867 852 virtutum
2905 795 3051 850 Deus
3076 792 3292 849 lsraelis
3324 810 3339 846 :
3378 793 3487 850 Vos
3512 794 3727 851 vidistis

2146 892 2331 949 omnia
2373 892 2534 955 mala,
2565 905 2688 961 qua:
2712 888 2900 943 induxi
2938 903 3103 956 super
3132 886 3457 952 Jerusalem,
3484 896 3537 941 et
3562 903 3728 957 super

2147 986 2216 1052 χ
2240 998 2432 1038 omnes
2468 982 2491 1051 1
2534 981 2695 1035 urbes
2721 978 2876 1035 Iudae
2915 997 2928 1033 :
2965 986 3020 1033 et
3055 992 3185 1033 ecce
3210 985 3340 1033 sunt
3379 978 3610 1033 deserta:
3660 980 3727 1046 Χ

2144 1072 2234 1129 die
2261 1072 2366 1127 hoc
2397 1072 2421 1142 1
2446 1071 2515 1125 ab
2550 1068 3001 1133 inhabitantibus,
3034 1069 3088 1123 3.
3127 1067 3197 1122 ab
3224 1075 3355 1122 ante
3385 1066 3585 1121 faciem
3610 1081 3729 1121 ma-

2145 1166 2276 1221 litiae
2317 1179 2534 1229 eorum,
2559 1177 2724 1233 quam
2763 1161 3011 1217 fecerunt
3052 1161 3118 1215 ad
3149 1159 3586 1216 exacerbandum
3619 1174 3728 1225 me,

2145 1272 2270 1313 cum
2295 1256 2509 1311 iverunt
2530 1254 2597 1309 ad
2624 1253 2970 1318 adolendum,
3010 1254 3078 1320 >ε<
3106 1250 3174 1322 (e)
3207 1262 3260 1306 et
3293 1251 3359 1305 ad
3390 1249 3727 1320 operandum

2150 1352 2172 1421 1
2202 1349 2309 1406 diis
2343 1349 2488 1412 aliis,
2509 1362 2649 1414 quos
2675 1361 2783 1401 non
2812 1345 3146 1416 cognovistis
3170 1347 3236 1412 »ξ
3268 1343 3373 1414 ipsi
3402 1358 3522 1407 vos,
3551 1349 3605 1397 et
3634 1356 3732 1412 pa-

2145 1450 2255 1498 tres
2294 1440 2458 1497 vestri
2506 1439 2563 1509 1.
2596 1437 2649 1493 4.
2681 1436 2747 1492 Et
2770 1436 2894 1491 misi
2925 1435 2994 1491 ad
3028 1449 3127 1491 vos
3159 1436 3227 1503 Χ
3250 1448 3443 1489 omnes
3472 1434 3498 1505 1
3531 1446 3722 1488 servos

2145 1547 2320 1598 meos,
2352 1530 2650 1603 prophetas
2681 1530 2735 1585 in
2777 1526 3066 1593 matutino,
3102 1534 3157 1582 et
3185 1524 3332 1589 misi,
3364 1524 3556 1580 dicens
3590 1539 3604 1577 :
3648 1519 3729 1576 Nc

2146 1626 2382 1695 Xnunc
2419 1623 2443 1694 1
2485 1622 2697 1678 faciatis
2730 1635 2868 1691 opus
2908 1619 2978 1690 (f)
3015 1616 3504 1675 contaminationis
3540 1615 3727 1684 hujus,

2145 1732 2311 1787 quant
2344 1714 2456 1772 odi.
2477 1714 2529 1770 5.
2560 1713 2626 1769 Et
2648 1728 2755 1768 non
2776 1712 3109 1768 audiverunt
3129 1726 3238 1776 me,
3268 1723 3369 1764 nec
3394 1708 3731 1763 inclinarunt

2145 1820 2333 1861 aurem
2357 1820 2534 1870 suam,
2562 1803 2629 1859 ad
2663 1801 3042 1859 revertendum
3068 1815 3099 1854 a
3137 1798 3341 1853 malitia
3371 1812 3492 1862 sua,
3523 1804 3585 1851 ut
3618 1809 3727 1849 non

2145 1896 2423 1952 adolerent
2446 1895 2550 1950 diis
2579 1894 2722 1949 aliis.
2748 1893 2800 1947 6.
2846 1892 2913 1948 Et
2957 1890 3183 1946 stillavit
3210 1890 3292 1944 ira
3318 1902 3462 1952 mea,
3486 1897 3541 1942 et
3573 1886 3731 1940 furor

2145 2002 2324 2052 meus,
2354 1994 2409 2042 et
2437 1987 2644 2041 exarsit
2663 1986 2717 2041 in
2742 1984 2914 2056 portis
2942 1981 3116 2049 Judze,
3146 1984 3221 2053 (g)
3246 1991 3300 2036 et
3324 1990 3476 2036 extra
3506 1978 3730 2034 Jerusa-

2145 2080 2251 2134 lem
2283 2096 2298 2134 :
2332 2087 2386 2135 et
2420 2077 2577 2135 factas
2623 2077 2832 2135 suntin
2873 2076 3290 2141 desolationem,
3317 2083 3367 2129 et
3400 2073 3477 2145 (ἡ)
3521 2073 3579 2128 in
3621 2088 3730 2127 non

2145 2170 2413 2242 pervium,
2432 2170 2573 2226 sicut
2593 2169 2712 2226 dies
2735 2169 2844 2225 hic.
2878 2168 2932 2223 7.
2954 2169 3021 2223 Et
3045 2183 3189 2223 nunc
3207 2167 3290 2222 sic
3304 2165 3443 2221 dixit
3469 2163 3732 2219 Dominus

2147 2263 2215 2331 χ(
2255 2260 2397 2316 Deus
2437 2262 2459 2332 1
2487 2259 2724 2318 Sebaotb
2753 2259 2894 2316 Deus
2918 2258 3137 2316 lsraelis
3173 2277 3186 2313 :
3216 2258 3401 2326 Quare
3427 2271 3528 2312 vos
3551 2254 3734 2310 facitis

2145 2352 2284 2408 mala
2312 2368 2505 2424 magna
2526 2368 2691 2423 super
2715 2351 3005 2407 animabus
3027 2349 3268 2406 vestris?
3295 2348 3359 2420 (ἰ)
3384 2347 3453 2403 ad
3473 2345 3733 2402 exciden-

2143 2444 2272 2500 dum
2304 2459 2333 2499 a
2353 2443 2505 2499 vobis
2529 2443 2704 2498 virum
2725 2450 2780 2498 et
2805 2442 3118 2505 mulierem,
3151 2438 3416 2494 infantem
3442 2446 3498 2493 et
3526 2435 3733 2491 lactan-

2144 2544 2251 2591 tem
2283 2534 2352 2591 de
2376 2534 2558 2590 medio
2603 2532 2779 2600 Iudae,
2821 2533 2958 2589 adeo
3016 2541 3076 2587 ut
3126 2547 3234 2586 non
3273 2530 3616 2599 relinquatur
3661 2541 3733 2583 ex

2145 2627 2300 2682 vobis
2328 2640 2397 2681 ne
2416 2625 2639 2695 quidem
2669 2625 2857 2691 homo,
2884 2622 2938 2678 8.
2968 2622 3041 2694 (lt;
3079 2623 3145 2677 ad
3171 2618 3619 2676 exacerbandum
3644 2631 3734 2672 me

2143 2717 2198 2772 in
2230 2717 2491 2787 operibus
2524 2731 2784 2772 manuum
2813 2726 3144 2781 vestrarum,
3168 2715 3234 2770 ad
3277 2712 3602 2769 adolendnm
3625 2712 3733 2770 diis

2142 2811 2267 2866 aliis
2322 2810 2376 2865 in
2420 2818 2566 2865 terra
2603 2808 2844 2880 Egypti,
2897 2807 2961 2879 (ι)
3008 2823 3118 2878 quo
3162 2809 3231 2877 Ἃ(
3272 2823 3369 2863 vos
3419 2808 3444 2877 1
3496 2805 3732 2877 ingressi

2141 2902 2276 2959 estis
2309 2903 2377 2958 ad
2410 2902 2767 2958 habitandum
2806 2899 2879 2957 ibi
2906 2917 2922 2969 ;
2948 2908 3009 2955 ut
3031 2898 3387 2962 excidamini,
3418 2904 3558 2952 etut
3586 2895 3734 2951 ﬁatis

2142 2996 2198 3051 in
2228 2994 2684 3060 maledictionem,
2714 2993 2850 3049 etin
2879 2991 3265 3063 opprobrium,
3295 2991 3362 3058 >ο<
3392 2991 3447 3044 in
3470 2989 3732 3044 omnibus

2147 3088 2172 3158 1
2212 3087 2462 3158 gentibus
2498 3097 2677 3143 terrae.
2700 3085 2755 3142 9.
2790 3085 2935 3142 Num
2975 3083 3132 3140 obliti
3156 3085 3288 3140 estis
3319 3097 3417 3140 vos
3455 3082 3730 3137 malorum

2145 3189 2363 3249 patrum
2415 3188 2746 3247 vestrorum,
2790 3187 2846 3235 et
2899 3178 3167 3233 malorum
3219 3191 3410 3247 regum
3454 3173 3633 3241 Iuda,
3676 3183 3735 3229 et

2147 3269 2420 3325 malorum
2455 3271 2749 3326 mulierum
2776 3278 3108 3334 vestrarum,
3137 3273 3193 3322 et
3221 3267 3491 3322 malorum
3515 3272 3731 3319 vestro-

2146 3379 2268 3418 rum
2309 3369 2364 3419 et
2413 3363 2685 3418 malorum
2733 3360 3026 3418 mulierum
3069 3368 3395 3423 vestrarum,
3423 3372 3546 3428 quae
3588 3356 3740 3411 fece~

2146 3461 2273 3509 runt
2300 3453 2355 3508 in
2383 3460 2532 3510 terra
2561 3451 2734 3520 Iudas,
2770 3460 2826 3507 et
2857 3459 3011 3507 extra
3045 3447 3390 3506 Jerusalem?
3421 3447 3509 3503 I0.
3534 3445 3601 3501 Et
3623 3461 3731 3501 non

2146 3545 2579 3617 conquieverunt
2628 3560 2806 3615 usque
2846 3544 2915 3599 ad
2951 3542 3096 3598 diem
3133 3541 3298 3606 hunc,
3334 3542 3400 3610 χ(
3434 3548 3489 3596 et
3526 3554 3634 3594 non
3662 3539 3736 3593 ti-

2145 3647 2403 3693 rnuerunt
2452 3636 2547 3710 (m)
2588 3638 2636 3707 1,
2673 3645 2727 3691 et
2767 3651 2877 3691 non
2925 3634 3271 3690 adhaeserunt
3306 3633 3516 3704 legibus
3568 3632 3733 3697 meis,

2144 3740 2201 3786 et
2238 3730 2525 3801 prreceptis
2562 3728 2719 3794 meis,
2751 3743 2875 3799 qua:
2903 3726 3029 3782 dedi
3057 3742 3244 3783 coram
3282 3725 3423 3781 facie
3445 3736 3649 3790 vestra,
3677 3734 3735 3779 et

2145 3836 2329 3876 coram
2359 3819 2499 3874 facie
2523 3828 2830 3875 vestrorum
2859 3826 3097 3890 patrum.
3133 3817 3221 3871 11.
3258 3815 3491 3887 Propter
3513 3816 3621 3871 hoc
3650 3816 3735 3872 sic

2144 3914 2284 3968 dixit
2339 3913 2605 3968 Dominus
2638 3913 2901 3967 virtutum
2955 3910 3097 3967 Deus
3142 3909 3400 3966 lsraelis:
3433 3907 3576 3964 Ecce
3628 3923 3733 3979 ego

2144 4015 2327 4060 statuo
2340 4003 2532 4060 faciem
2553 4018 2725 4058 meam
2742 4006 2809 4072 >4<
2822 4017 2988 4074 super
2997 4019 3094 4059 vos
3106 4003 3159 4058 in
3174 4002 3337 4068 mala,
3353 4000 3422 4057 ad
3442 3999 3731 4057 delendum

2142 4113 2361 4152 omnem
2378 4094 2571 4152 Judam
2594 4114 2607 4150 :
2630 4094 2718 4149 12.
2736 4104 2786 4151 et
2804 4105 3026 4150 sument
3047 4097 3299 4151 residuos
3324 4093 3482 4149 Judae
3514 4096 3608 4165 qui
3641 4108 3737 4163 po-

2141 4198 2367 4245 suerunt
2382 4190 2460 4259 (n)
2483 4203 2514 4242 a
2538 4186 2677 4243 facie
2692 4203 2788 4242 sua
2808 4187 2876 4242 ad
2894 4188 3307 4258 ingrediendum
3329 4188 3382 4241 in
3401 4193 3606 4241 terram
3630 4185 3732 4240 Ai-

2140 4280 2312 4351 gypti,
2328 4280 2396 4335 ad
2415 4279 2863 4336 commorandum
2883 4278 2980 4344 ibi,
3004 4289 3061 4334 et
3077 4278 3148 4350 (o)
3164 4278 3230 4333 ad
3251 4277 3588 4348 perdendum
3603 4291 3728 4331 om-

2140 4386 2236 4426 nes
2274 4370 2297 4441 1
2325 4383 2389 4425 +
2418 4368 2667 4427 residuos
2699 4370 2722 4440 1
2747 4368 2841 4439 qui
2871 4367 2921 4423 in
2944 4366 3182 4439 Egypto
3206 4378 3295 4423 :et
3312 4366 3510 4421 cadent
3532 4366 3586 4420 in
3612 4365 3731 4436 gla-

2139 4461 2252 4526 dio,
2274 4470 2331 4516 et
2360 4461 2413 4515 in
2444 4460 2586 4515 fame
2601 4470 2995 4516 consumentur
3026 4476 3057 4515 a
3090 4473 3260 4530 parvo
3287 4473 3462 4527 usque
3481 4458 3549 4513 ad
3576 4473 3733 4529 mag-

459 4565 560 4604 nas
588 4548 903 4620 Heliopolis,
932 4566 1054 4619 quae
1085 4551 1151 4618 )t(
1177 4551 1231 4605 in
1258 4560 1399 4606 terra
1420 4550 1639 4623 Egypti
1672 4554 1732 4623 1,
1764 4562 1818 4610 et
1842 4554 1912 4626 (ε)
1936 4554 2035 4611 do-
2068 4563 2112 4620 D
2138 4569 2301 4619 num,
2351 4562 2407 4608 et
2433 4556 2500 4621 Χ
2537 4553 2592 4607 in
2629 4550 2844 4623 gladio,
2888 4560 2943 4607 et
2986 4552 3041 4606 in
3085 4551 3230 4606 fame
3263 4549 3569 4605 morientur
3614 4549 3640 4619 1
3678 4558 3737 4605 et

457 4656 609 4695 mum
642 4641 869 4695 deorum
901 4657 1091 4695 eorum
1124 4643 1410 4697 comburet
1446 4643 1502 4697 in
1537 4643 1678 4714 igne.

527 4734 659 4804 Cap.
680 4731 860 4787 XLIV.
877 4733 986 4788 -1
1012 4731 1296 4802 .Verhum,
1314 4733 1459 4805 quod
1480 4733 1687 4789 factum
1703 4742 1787 4791 est
1808 4735 1875 4791 ad
1888 4733 2042 4792 Jere—

554 4892 623 4962 (e)
659 4890 743 4955 8.,
794 4900 850 4946 et
902 4892 957 4946 in
1012 4900 1178 4961 peste.

459 4959 771 5025 Dominum,
824 4959 1102 5016 dixerunt.
1208 4959 1400 5030 (Ιι)”Α.,
1443 4961 1527 5029 8.,
1584 4962 1772 5018 incitat
1825 4969 1896 5030 te.
1973 4959 2036 5030 (ί)

1208 4960 1400 5033 (blla
1438 4961 1527 5033 δι,

458 5003 793 5099 ἤῦἱὶἓὶι’ξ“”ἄ)
822 5003 1400 5167 iii'iiiii2}hnt.""g;£3'
1425 5003 1527 5099 Ξῖ
1547 5003 1911 5101 υέὰῖἱῖἑιιιῖἐι
1953 5003 2061 5083 ιὶὶίει

458 5104 534 5172 (ρ)
588 5102 677 5165 Α.,
743 5100 825 5166 8.,
895 5116 1131 5156 sumam.
1237 5101 1289 5169 (q
1380 5101 1471 5167 Α.,
1531 5117 1754 5172 ponam.
1867 5046 2061 5172 (rl’s.

2144 5003 2412 5097 "(.6343
2440 5003 2655 5092 ὲῗῗῖὶῖ
2673 5003 2798 5081 iiii?

2147 5099 2376 5172 ερέὶυῐιξε
2463 5097 2554 5172 ,(ρ)
2607 5096 2697 5161 Au
2720 5167 2732 5172 _
2758 5096 2798 5151 S

457 5104 534 5172 (p)
588 5102 677 5165 A.,
743 5100 825 5166 8.,
895 5116 1131 5156 sumam.
1237 5100 1311 5169 (ᾳ)
1366 5100 1471 5167 Α.,
1528 5117 1754 5225 sonam.

457 5174 765 5225 scalistron.
829 5172 916 5224 T0
982 5171 1437 5225 ΣΚΑΛΙΣΤΡΟΝ.
1500 5173 1518 5225 l
1572 5188 1641 5225 ox
1688 5171 1754 5225 Gr

456 5171 765 5243 scalistron.
829 5172 916 5224 T0
982 5171 1437 5243 ΣΚΑΛΙΣΤΡΟΝ.
1500 5171 1641 5243 (Vox
1688 5171 1874 5243 Graeca

457 5243 562 5297 nisi
588 5242 777 5296 eadem
813 5243 1036 5296 sitcum
1070 5242 1459 5313 ᾳκαξιιστήριον
1481 5240 1804 5309 ,δανειιιιιηι
1844 5240 1932 5313 (έ).

1281 4890 1350 4972 (Ι)
1410 4891 1500 4972 AL,
1551 4890 1894 4972 absolvisset.
1980 4889 2079 4972 “(9)
2109 4887 2530 4972 ‘Quindixerunt
2582 4886 2833 4970 Ieremia
2874 4906 2887 4942 :

2008 5240 2073 5309 (t)
2106 5248 2160 5309 et
2185 5246 2349 5309 ponet
2378 5237 2541 5291 etiam
2567 5251 2722 5309 arma
2773 5252 2871 5292 sua
2886 5252 3058 5309 super
3086 5250 3201 5309 eos.

2144 4651 2307 4698 erunt
2353 4642 2429 4713 (ρ)
2461 4643 2516 4697 in
2545 4642 2879 4712 iuramenta,
2928 4649 2983 4696 et
3032 4641 3086 4695 in
3130 4639 3517 4711 perditionem,
3566 4648 3623 4694 et
3668 4640 3723 4692 in

2146 4732 2605 4800 maledictionem,
2641 4740 2697 4788 et
2737 4733 2795 4788 in
2839 4732 3217 4804 opprobrium.
3260 4730 3345 4786 I3.
3390 4728 3458 4784 Et
3494 4729 3731 4785 visitabo

2962 4885 3220 4956 Supplica
3275 4900 3377 4956 pro
3455 4886 3631 4956 nobis
3663 4885 3735 4940 ad

2140 4954 2178 5026 ξ,
2234 4958 2321 5021 8.,
2356 4966 2412 5012 et
2437 4972 2655 5012 omnem
2673 4959 2935 5012 animam.
3012 4954 3085 5026 (lt)
3117 4954 3200 5021 8.,
3241 4954 3408 5026 Aapud
3441 4954 3732 5026 Godoliam

2190 5030 2268 5097 (η)
2308 5026 2399 5094 Α.,
2440 5026 2522 5092 8.,
2587 5028 2641 5097 in
2690 5042 2855 5097 manu
2902 5024 3029 5082 tua.
3068 5024 3315 5097 (ολ-8.,
3360 5027 3415 5080 in
3475 5025 3729 5097 occultis.

2927 5095 3245 5152 abscondidi
3272 5132 3288 5156 ,
3354 5103 3410 5150 et
3482 5096 3738 5149 extendet

1935 5137 2396 5233 ὲιὲᾹἈιΞῖἶὸἱῆ,
2463 5137 2554 5221 h‘i'é
2607 5137 2843 5236 satis?
2889 5137 3297 5236 ίηὶῖνῖὲὲῖὖὶἷιῖίῖ
3320 5137 3430 5236 egi
3463 5137 3731 5236 εἶὸιῖἷὶιῖἐζ

3281 5234 3358 5304 (tt)
3394 5232 3598 5305 Reliqui
3632 5253 3645 5288 :
3666 5235 3735 5305 in

457 5313 854 5391 captivitatem.
932 5312 1012 5391 (ξι)
1046 5311 1135 5391 Α.,
1167 5304 1600 5391 8.,‘et1'cap'tivos
1617 5313 1806 5391 ducet._
1851 5304 1955 5391 με)

2144 5304 2568 5391 .,’ἱηί)ειιιιιιιειι)ο
2591 5306 2795 5391 ignem.
2874 5304 3486 5391 (y)’A.,‘S.,IA:‘:gyptli_.‘
3522 5304 3733 5391 "(sl

460 5378 545 5446 8.,
581 5390 636 5436 et
665 5378 911 5446 captivos
941 5382 1125 5435 ducet.

457 5462 668 5507 statuas
696 5449 1117 5520 Domus-Solis.
1188 5449 1267 5520 (ε)
1295 5450 1384 5516 Α.,
1428 5450 1511 5517 8.,
1554 5453 1767 5507 domos.

457 5520 904 5577 abominationis.
981 5520 1058 5589 (g)
1089 5519 1172 5585 8.,
1212 5529 1267 5574 et
1300 5523 1354 5574 in
1405 5522 1619 5589 plateis.
1695 5521 1774 5590 (It)

1200 5381 1278 5451 (a)
1311 5376 1523 5451 Α.,’8.,
1551 5392 1607 5437 et
1628 5381 1867 5436 excutiet
1885 5376 2070 5451 "bolos
2100 5378 2345 5451 mgypti,
2371 5376 2835 5451 quemadmodum
2873 5376 3168 5451 versantur
3194 5377 3338 5451 _boli.

1844 5450 1924 5521 (ά)
1963 5450 2055 5515 Α.,
2088 5447 2328 5531 Domino
2373 5461 2557 5525 super.
2617 5447 2705 5568 Ae)

1844 5519 1926 5568 Α--
1960 5520 2046 5568 8..
2087 5536 2142 5568 m
2187 5528 2439 5568 exitium.
2513 5515 2577 5568 (tl
2668 5555 2705 5568 ..

1836 5515 1926 5585 Α.,
1960 5520 2046 5583 8.,
2087 5519 2143 5573 in
2187 5515 2459 5572 exitium.’
2513 5515 2577 5586 (ὲ)
2617 5515 2707 5581 Α.,
2745 5516 2828 5582 8.,
2864 5517 2933 5571 ad
2964 5515 3279 5586 delendum.

3417 5377 3491 5444 (υ)
3517 5373 3625 5438 Α-ν·
3650 5373 3734 5444 δη

3359 5442 3736 5585 ῗὶῗὲ-Ῐρμῗοὶί

2756 5445 2848 5511 Α.,
2880 5455 2935 5500 et
2972 5446 3040 5500 ad
3080 5445 3462 5500 factitandum.

458 5594 523 5644 ad
552 5595 685 5646 iram
717 5583 1167 5661 provocati's'nte.
1248 5590 1311 5661 (ι)
1344 5583 1469 5645 Ubi.
1548 5592 1645 5661 (νη)
1672 5583 1765 5656 Α.,
1795 5599 1850 5643 et
1897 5583 2006 5661 non
2054 5607 2061 5661 ξ

2150 5590 2411 5661 bularunt
2444 5587 2497 5661 in
2523 5583 2832 5661 legentea,
2855 5596 2911 5641 et
2942 5586 2997 5638 in
3029 5585 3251 5641 statutis
3284 5583 3441 5640 meis.
3517 5583 3597 5655 (η)
3634 5584 3732 5648 Α.,

458 5662 541 5729 8.,
587 5657 803 5716 facient.
878 5662 956 5731 (0)
976 5661 1067 5728 Α.,
1093 5658 1215 5727 ΤΙι.,
1239 5657 1637 5717 censumentur
1669 5676 1883 5716 omnes.
1924 5660 1999 5730 (p)
2032 5659 2128 5727 Α.,
2152 5660 2208 5714 in
2231 5658 2439 5723 sterile,
2467 5658 2521 5711 in
2564 5657 3026 5712 maledictioucm.

533 5777 596 5847 (‘)
634 5774 936 5849 Utrumque
970 5792 1197 5847 prorsus
1223 5777 1461 5832 alienum
1485 5786 1570 5833 est
1597 5794 1625 5831 a
1652 5786 1802 5833 textu
1831 5777 2196 5849 hebraicoqui
2217 5777 2379 5831 habet
2391 5783 2605 5842 ην-πειιῃ,
2633 5776 2911 5849 tentorium
2931 5775 3284 5849 splendidum,
3307 5774 3523 5846 regium.
3549 5771 3739 5829 Potius

459 5847 831 5911 reponendum
864 5858 948 5904 est
971 5863 1095 5904 cum
1137 5849 1521 5917 Schleusnero,
1552 5850 1972 5921 σκεπαστήριον,
2004 5866 2061 5905 ve

2144 5849 2281 5919 iujus
2309 5863 2547 5920 syncope
2581 5847 2949 5918 σκέπαστρον.
2996 5847 3201 5903 ancu.
