4134 6488
355 424 496 478 ι257Ξί

1525 422 1750 478 CODEX
1795 416 2464 474 SYRO—llEXAPL.-\R'S.

3475 419 3612 471 9.376

359 555 523 608 super
547 539 861 597 habitantes
890 543 1025 610 )(in
1052 552 1194 598 terra
1227 544 1249 613 ζ
1285 542 1689 614 .‘Egypti,sicut
1713 541 1928 596 visitavi
1963 545 2007 599 Α
2037 541 2102 594 ad
2130 539 2409 594 libandum
2443 537 2489 590 ei
2525 535 2780 590 libamina
2815 554 2827 588 :
2858 535 2934 605 (a)
2962 535 3326 604 permanendo
3358 551 3612 604 perman-

359 647 524 700 supcr
551 629 874 698 Jerusalem,
901 635 953 688 in
977 635 1178 704 gladio,
1204 635 1330 690 etin
1361 633 1525 698 fame,
1557 645 1612 688 et
1640 635 1694 688 in
1719 643 1892 688 morte
1917 649 1929 683 :

362 721 450 776 M.
493 721 564 792 (q)
605 731 659 777 et
689 739 794 780 non
829 725 1128 779 salvabitur
1150 740 1219 780 ne
1254 724 1474 794 quidem
1515 725 1678 780 homo
1717 740 1782 778 ex
1818 724 1937 778 reli-

359 812 502 880 quiis
529 810 704 878 Judaa,
729 815 822 883 qui
847 824 1254 871 commorantur
1275 818 1340 884 X
1365 815 1437 868 ibi
1471 816 1492 884 ζ
1524 815 1576 868 in
1606 823 1747 869 terra
1768 813 1935 885 Egy-

359 903 463 972 pti,
494 901 563 956 ad
592 903 949 970 redeundum,
1007 906 1060 960 in
1119 916 1315 961 terram
1370 905 1546 972 Judze,
1574 921 1737 976 super
1770 921 1932 975 quam

361 994 463 1062 ipsi
500 1005 718 1063 sperant
752 997 1037 1052 animabus
1066 999 1181 1052 suis
1225 998 1290 1051 ad
1323 997 1724 1062 revertendum,
1768 996 1834 1050 ad
1868 998 1935 1063 Ἀ(

363 1079 718 1136 habitandum
747 1085 768 1152 ζ
797 1083 865 1137 ibi
890 1102 902 1138 :
930 1099 1036 1138 non
1067 1093 1427 1150 revertentur,
1457 1087 1527 1155 (r)
1555 1086 1660 1140 nisi
1691 1085 1782 1154 qui
1809 1101 1938 1139 eva-

361 1171 554 1226 serint.
582 1171 668 1227 15.
701 1175 766 1227 Ει
788 1177 1188 1244 responderunt
1212 1175 1462 1231 Jeremite
1484 1191 1674 1230 omnes
1695 1176 1816 1240 viri,
1843 1175 1937 1244 qui

362 1271 654 1327 noverunt,
687 1263 831 1333 quod
865 1265 1144 1321 adolerent
1167 1266 1421 1322 mulieres
1449 1281 1640 1320 eorum
1669 1267 1773 1322 diis
1791 1267 1934 1332 aliis,

360 1359 415 1406 et
447 1367 638 1406 omnes
671 1354 926 1410 mulieres
963 1357 1030 1424 χ(
1066 1363 1275 1411 stantes
1309 1358 1367 1427 ζ,
1393 1365 1569 1411 cretus
1599 1372 1850 1426 magnus,
1883 1365 1938 1409 et

361 1443 543 1498 omnis
568 1444 800 1513 populus
828 1445 1081 1502 sedentes
1103 1446 1156 1500 in
1184 1455 1326 1501 terra
1350 1446 1569 1517 Egypti
1603 1447 1654 1499 in
1681 1445 1935 1508 Pathros,

362 1535 606 1591 dicentes
637 1552 649 1588 :
688 1536 755 1590 16
790 1537 1046 1602 Verbum,
1083 1540 1228 1607 quod
1271 1541 1482 1595 locutus
1508 1551 1569 1596 es
1599 1539 1665 1593 ad
1705 1555 1806 1595 nos
1837 1554 1938 1594 no-

260 1659 266 1663 -
363 1629 509 1681 mine
541 1627 775 1693 Domini,
829 1646 936 1685 non
971 1632 1258 1687 audiemus
1295 1643 1379 1698 te;
1425 1633 1513 1686 17.
1548 1631 1808 1701 quoniam
1859 1629 1938 1685 fa-

363 1719 557 1774 ciendo
590 1718 852 1776 faciemus
881 1737 1045 1778 omne
1081 1723 1332 1786 verbum,
1364 1724 1507 1792 quod
1546 1722 1713 1778 exibit
1743 1736 1808 1777 ex
1843 1736 1938 1776 ore

363 1823 574 1881 nostro,
616 1816 682 1870 ad
713 1816 1040 1872 adolendum
1068 1817 1268 1887 reginae
1295 1817 1443 1882 caeli,
1469 1826 1521 1872 et
1555 1816 1620 1870 ad
1657 1816 1934 1872 libandum

361 1908 409 1960 ci
450 1907 732 1974 libamina,
766 1910 912 1979 quod
948 1908 1177 1965 fecimus
1201 1925 1322 1972 nos,
1351 1919 1404 1964 et
1433 1918 1616 1979 patres
1643 1908 1838 1973 nostri,
1881 1917 1935 1963 et

365 2011 519 2065 reges
561 1999 754 2063 nostri,
787 2005 840 2054 et
863 1999 1138 2069 principes
1177 2000 1368 2065 nostri,
1419 2002 1473 2053 in
1507 1999 1733 2054 urbibus
1761 1997 1933 2066 .ludaa,

364 2088 434 2158 (ε)
465 2098 520 2143 et
548 2098 698 2144 extra
723 2087 1024 2145 Jerusalem
1060 2107 1073 2144 :
1115 2099 1170 2145 et
1197 2089 1422 2146 saturati
1463 2103 1653 2144 sumus
1682 2090 1934 2160 panibus,

363 2190 418 2234 et
453 2178 580 2234 facti
617 2195 807 2236 sumus
851 2181 1002 2246 boni,
1046 2191 1101 2236 et
1143 2182 1284 2236 mala
1323 2195 1430 2235 non
1462 2180 1718 2236 vidimus.
1753 2179 1839 2234 18.
1875 2179 1940 2234 Ει

364 2285 486 2325 cum
519 2270 856 2325 cessavimus
886 2269 1168 2326 adolentes
1191 2270 1390 2341 regine
1410 2271 1555 2336 cceli,
1590 2272 1658 2338 Χ
1686 2280 1740 2326 et
1773 2271 1939 2326 libare

363 2361 412 2415 ci
444 2361 706 2415 libamina
741 2362 804 2431 ζ,
848 2359 1122 2415 imminuti
1165 2377 1356 2417 sumus
1390 2377 1604 2424 omnes.
1650 2373 1704 2416 et
1739 2361 1794 2415 in
1825 2362 1939 2431 gla-

363 2449 479 2513 dio,
511 2459 566 2503 et
593 2450 647 2504 in
676 2451 817 2504 fame
857 2450 1179 2508 defecimus.
1217 2451 1301 2505 19.
1334 2450 1400 2506 Ει
1435 2452 1580 2522 quod
1617 2467 1718 2507 nos
1749 2452 1938 2506 adole-

365 2555 490 2595 mus
523 2540 723 2611 regina:
751 2543 895 2608 cmli,
926 2553 979 2598 et
999 2543 1232 2599 libamus
1257 2545 1305 2599 ei
1341 2545 1622 2614 libamina,
1657 2561 1785 2600 num
1820 2546 1939 2601 sine

365 2632 496 2687 viris
513 2633 714 2689 nostris
730 2633 960 2691 fecimus
974 2635 1020 2690 ei
1041 2636 1334 2705 placentas,
1361 2641 1428 2706 χ(
1453 2639 1516 2707 (t)
1537 2647 1589 2692 et
1605 2639 1773 2693 sobba
1800 2639 1865 2709 (')
1888 2638 1936 2708 ζ,

363 2732 418 2778 et
447 2723 737 2778 libavimus
756 2725 803 2778 ei
841 2726 1138 2781 libamina?
1168 2727 1256 2783 20.
1283 2728 1347 2783 Et
1373 2729 1507 2783 dixit
1530 2727 1764 2784 Ieremia
1790 2731 1939 2784 omni

366 2816 586 2884 populo,
619 2815 696 2886 (τι)
729 2819 1058 2886 potentibus,
1095 2828 1149 2874 et
1185 2821 1526 2886 mulieribus,
1563 2832 1616 2876 et
1649 2821 1798 2875 omni
1844 2837 1942 2892 po-

367 2908 516 2977 pulo,
552 2909 647 2979 qui
675 2911 1076 2980 responderunt
1100 2913 1148 2966 ei
1183 2913 1366 2978 verba,
1397 2913 1585 2969 dicens
1617 2933 1629 2968 :
1660 2913 1720 2968 2|
1752 2913 1942 2969 Nonne

366 3011 694 3066 aromatum,
714 3017 834 3071 qua:
847 3002 1162 3060 adolevistis
1182 3004 1238 3061 in
1257 3005 1484 3061 urbibus
1507 3005 1680 3073 Judaa,
1706 3018 1760 3062 et
1787 3019 1941 3063 extra

2038 631 2186 684 sistis
2224 629 2278 683 in
2313 627 2753 682 confessionibus
2787 627 3005 691 vestris,
3045 635 3096 680 et
3130 625 3377 680 faciendo
3408 625 3612 679 fecistis

2036 732 2160 776 vota
2196 729 2397 775 vestra.
2449 718 2539 772 26.
2590 717 2815 787 Propter
2853 717 2956 771 hoc
2990 719 3174 772 audite
3214 718 3440 771 verbum
3503 717 3610 771 Do-

2039 813 2169 866 mini
2197 812 2376 866 omnis
2403 808 2611 876 Iudaea,
2647 809 2899 864 sedentes
2929 809 2981 862 in
3007 818 3151 863 terra
3188 806 3406 879 .lEgypti
3437 828 3448 860 :
3476 808 3608 864 Ecce

2032 901 2212 972 juravi
2259 900 2312 953 in
2365 899 2584 954 nomine
2630 911 2753 952 meo
2805 911 3024 966 magno,
3071 895 3201 950 dicit
3259 897 3610 952 Dominus-tv

2040 994 2181 1048 Deus
2215 993 2274 1061 ζ,
2310 992 2355 1045 si
2388 990 2490 1046 erit
2521 989 2755 1058 amplius
2785 1003 2980 1043 nomen
3009 1003 3188 1042 meum
3220 989 3610 1056 Xinvocatum

2043 1083 2142 1153 :in
2182 1098 2276 1138 ore
2299 1081 2482 1136 omnis
2505 1083 2576 1150 »ζ
2615 1080 2714 1134 viri
2751 1080 2773 1148 ζ
2811 1076 2967 1132 Iudae
2996 1078 3062 1132 ad
3097 1078 3384 1134 dicendum
3416 1097 3430 1133 :
3472 1077 3615 1133 Vivit

2039 1174 2304 1228 Dominus
2343 1172 2608 1226 Dominus
2632 1170 2686 1224 in
2715 1169 2862 1224 omni
2901 1179 3046 1224 terra
3077 1169 3317 1240 Aigypti.
3348 1169 3439 1224 27.
3466 1168 3614 1235 Quo-

2037 1265 2184 1318 niam
2225 1279 2352 1319 ecce
2387 1277 2488 1333 ego
2519 1260 2739 1330 vigilavi
2779 1274 2942 1329 super
2969 1275 3086 1323 eos,
3119 1259 3188 1314 ad
3229 1259 3370 1314 male
3410 1259 3615 1315 facien-

2037 1354 2166 1410 dum
2193 1355 2292 1419 eis,
2314 1361 2368 1407 et
2394 1367 2500 1406 non
2526 1351 2592 1406 ad
2619 1352 2754 1405 bene
2778 1349 3082 1405 faciendum
3111 1369 3124 1404 :
3147 1359 3202 1404 et
3221 1360 3614 1406 consumentur

2037 1448 2220 1504 omnis
2259 1450 2326 1514 χ(
2356 1445 2440 1498 vir
2470 1442 2624 1499 Iudae
2658 1443 2720 1513 ζ,
2748 1442 2840 1512 qui
2867 1455 2927 1496 σι-
2959 1442 3267 1497 habitantes
3308 1443 3331 1511 ζ
3359 1442 3411 1496 in
3468 1451 3612 1498 terra

2040 1535 2281 1607 IEgypti,
2323 1533 2377 1588 in
2416 1532 2618 1601 gladio,
2659 1539 2714 1585 et
2766 1529 2819 1582 in
2869 1527 3032 1593 fame,
3075 1529 3250 1583 donec
3291 1528 3609 1585 defecerint.

2037 1629 2126 1683 28.
2162 1627 2224 1681 Et
2254 1624 2347 1695 qui
2381 1623 2657 1678 evaserint
2684 1636 2712 1674 a
2748 1621 2948 1690 gladio,
2990 1628 3329 1674 revertentur
3363 1636 3428 1674 ex
3471 1629 3611 1674 terra

2038 1717 2274 1788 IEgy'pti.
2306 1715 2358 1768 in
2383 1727 2582 1768 terram
2611 1710 2782 1774 Judze,
2810 1713 2875 1777 Χ
2900 1710 3000 1763 viri
3035 1710 3057 1778 ζ
3091 1711 3248 1779 pauci
3280 1725 3532 1775 numero,
3561 1722 3616 1763 et

2039 1814 2369 1877 cognoscent
2399 1818 2590 1860 omnes
2627 1801 2830 1856 residui
2856 1799 3010 1855 Iudae
3036 1799 3109 1870 (ὁ)
3136 1801 3230 1869 qui
3260 1815 3609 1854 commoran-

1970 1873 2008 1926 Β
2039 1873 2133 1952 tur
2160 1899 2212 1951 in
2239 1906 2381 1952 terra
2407 1893 2646 1967 IEgypti,
2680 1893 2746 1946 ad
2781 1890 3136 1945 habitandum
3161 1890 3256 1954 ibi,
3290 1892 3356 1958 χ(
3388 1892 3612 1944 verbum

2037 1989 2196 2060 cujus
2234 1987 2598 2058 permanebit,
2639 1999 2668 2038 a
2707 1999 2816 2048 me,
2858 1982 3043 2037 autab
3072 1982 3152 2037 eis
3184 1983 3236 2050 ζ,
3271 1983 3358 2037 29.
3403 1983 3468 2036 Et
3511 1983 3614 2038 hoc

2036 2077 2195 2132 vobis
2253 2076 2491 2145 signum,
2530 2073 2664 2128 dicit
2704 2071 2986 2134 Dominus,
3021 2071 3148 2140 quia
3219 2070 3456 2125 visitabo
3513 2087 3613 2139 ego

2039 2184 2201 2238 super
2230 2183 2327 2222 vos
2357 2170 2424 2235 χ(
2463 2166 2516 2220 in
2547 2165 2667 2220 loco
2699 2164 2803 2220 hoc
2829 2161 2922 2234 (c),
2960 2171 3019 2215 ut
3055 2161 3262 2228 sciatis,
3301 2161 3442 2230 quod
3483 2176 3615 2215 con-

2041 2261 2282 2317 sistendo
2314 2259 2618 2314 consistant
2653 2256 2817 2310 verba
2852 2269 2969 2309 mea
2997 2268 3160 2322 super
3186 2267 3282 2309 vos
3319 2254 3342 2322 ζ
3374 2255 3424 2307 in
3449 2257 3611 2310 mala.

2039 2355 2128 2408 50.
2156 2352 2244 2407 Sic
2268 2351 2405 2405 dixit
2431 2350 2693 2405 Dominus
2726 2365 2740 2404 :
2766 2346 2906 2402 Ecce
2934 2362 3034 2416 ego
3055 2348 3124 2401 do
3172 2345 3511 2403 Pharaonem
3535 2350 3613 2418 (ά)

2039 2445 2276 2515 Ophram
2321 2458 2500 2511 regem
2534 2441 2752 2511 ngypti
2803 2441 2856 2495 in
2894 2456 3093 2494 manus
3136 2440 3342 2494 inimici
3375 2441 3518 2511 ejus,
3560 2451 3616 2496 et

2041 2534 2095 2588 in
2141 2547 2339 2586 manus
2376 2532 2735 2602 quaerentium
2760 2530 2998 2584 animam
3027 2527 3172 2599 ejus,
3201 2530 3488 2585 sicutdedi
3515 2532 3615 2586 Se-

2038 2626 2248 2680 deciam
2286 2638 2467 2692 regem
2501 2620 2653 2676 Juda:
2691 2622 2744 2676 in
2796 2637 3018 2676 manum
3061 2621 3615 2679 Nabuchodonosoris

2042 2720 2188 2791 regis
2218 2717 2506 2790 Babylonis
2543 2716 2748 2771 inimiri
2786 2715 2926 2786 ejus,
2953 2725 3008 2771 et
3039 2718 3335 2787 quaarentis
3375 2715 3612 2770 animam

2042 2813 2182 2883 ejus.

2111 2903 2243 2973 Cap.
2273 2900 2432 2957 XLV.
2465 2931 2533 2942 ——
2560 2901 2612 2955 1.
2651 2901 2909 2966 Verbum,
2942 2900 3084 2971 quod
3120 2901 3337 2956 locutus
3361 2911 3444 2957 est
3471 2901 3614 2957 Jere-

2043 2996 2149 3049 mia
2185 2996 2444 3064 propheta
2474 2993 2539 3047 ad
2574 2993 2785 3046 Baruch
2820 2992 2988 3046 filium
3009 2990 3204 3054 Neriaa.
3229 2993 3450 3062 quando
3487 2995 3614 3048 scri-

363 3087 690 3158 Jerusalem,
729 3107 846 3157 vos,
879 3104 928 3149 et
966 3104 1148 3164 patres
1186 3096 1371 3160 vestri,
1403 3105 1457 3153 et
1493 3115 1646 3169 reges
1675 3100 1862 3164 vestri,
1887 3109 1942 3155 et
2041 3086 2148 3154 Ρείι
2181 3086 2342 3140 verba
2380 3085 2494 3138 1³³δο
2521 3084 2572 3138 in
2606 3083 2746 3137 “bro
2777 3097 2842 3136 ex
2881 3099 2977 3138 ονε
3007 3082 3252 3138 “rem”?
3285 3084 3353 3153 (θ)
3386 3085 3613 3158 ίι¹,³ηηο

365 3183 642 3253 principes
679 3185 866 3251 vestri,
901 3195 955 3240 et
1000 3187 1230 3257 populus
1262 3197 1437 3254 terrm,
1478 3192 1548 3260 Ἀ(
1576 3206 1760 3244 eorum
1795 3193 1818 3262 ζ
1854 3207 1941 3245 re.
1967 3203 2009 3260 ο
2043 3189 2238 3247 quarto
2266 3176 2474 3231 Joacim
2509 3177 2600 3231 filii
2631 3175 2796 3230 Josize
2837 3175 2978 3245 regis
3013 3173 3190 3238 Iudae,
3227 3180 3291 3243 >ε<
3322 3176 3559 3244 dicens:
3596 3193 3609 3229 :

369 3273 627 3330 cordatus
659 3283 742 3330 est
783 3274 1070 3343 Dominus,
1103 3286 1158 3332 et
1184 3279 1428 3333 ascendit
1458 3294 1624 3350 super
1665 3295 1760 3334 cor
1783 3279 1942 3350 ejuS?
2039 3273 2096 3325 2.
2121 3271 2212 3326 Sic
2236 3270 2372 3324 dixit
2400 3269 2663 3323 Dominus
2686 3268 2829 3322 Deus
2853 3269 3062 3322 Israelis
3087 3283 3248 3336 super
3273 3277 3342 3332 te,
3366 3267 3608 3322 Baruch:

369 3367 448 3435 (ω)
479 3365 545 3420 Et
587 3381 696 3422 non
736 3367 911 3435 potuit
943 3366 1208 3424 Dominus
1251 3369 1487 3438 amplius
1524 3368 1665 3424 ferre
1711 3369 1779 3423 ab
1817 3379 1942 3425 ante

371 3458 566 3514 faciem
617 3459 838 3514 malitiae
876 3458 952 3530 (ῃ)
989 3475 1214 3530 operum
1241 3471 1571 3526 vestrorum,
1611 3470 1665 3517 et
1697 3464 1765 3518 ab
1806 3465 1941 3518 abo-

370 3550 783 3615 minationibus,
810 3566 946 3620 quas
973 3549 1176 3606 fecistis
1203 3569 1216 3602 .
1245 3560 1299 3605 et
1318 3549 1459 3605 facta
1482 3562 1564 3606 est
1596 3561 1738 3608 terra
1763 3563 1942 3610 vestra

370 3642 424 3696 in
456 3641 840 3707 vastationem,
876 3651 929 3695 et
961 3641 1014 3695 in
1054 3656 1162 3696 non
1198 3641 1409 3705 tritum,
1436 3650 1491 3696 et
1520 3642 1572 3695 in
1607 3645 1944 3700 maledictio-

370 3749 517 3796 nem,
551 3737 619 3800 ξι(
640 3748 706 3787 eo
739 3734 885 3804 quod
911 3747 1018 3787 non
1047 3733 1118 3788 sit
1153 3733 1403 3787 habitans
1433 3733 1488 3802 ζ,
1524 3735 1667 3788 sicut
1695 3735 1782 3789 die
1817 3735 1941 3802 hoc,

368 3826 460 3880 ‘25.
478 3825 546 3880 ab
570 3833 695 3880 ante
717 3825 908 3880 faciem
931 3840 1144 3889 eorum,
1169 3841 1289 3894 quae
1304 3825 1637 3890 adolevistis,
1655 3833 1706 3879 et
1730 3843 1941 3891 eorum,

371 3934 492 3986 qua:
514 3917 781 3985 peccastis
807 3916 1053 3969 Domino.
1086 3915 1152 3968 Et
1173 3930 1279 3968 non
1301 3914 1589 3969 audivistis
1621 3930 1806 3968 vocem
1842 3916 1946 3969 Do-

370 4007 526 4062 mini.
552 4005 678 4061 etin
707 4005 822 4074 lege
854 4004 994 4071 ejus,
1018 4004 1140 4058 etin
1168 4004 1448 4073 praeceptis
1478 4003 1595 4072 ejus
1629 4012 1682 4056 et
1707 4006 1758 4057 in
1792 4005 1947 4058 testi-

372 4092 573 4148 moniis
591 4089 712 4160 ejus
734 4107 844 4147 non
873 4104 959 4143 am
971 4089 1198 4146 bulastis
1224 4101 1305 4145 :et
1327 4101 1542 4160 prOpter
1573 4090 1675 4144 hoc
1696 4101 1941 4144 assecuta

369 4191 500 4254 sunt
515 4197 612 4238 vos
632 4182 774 4236 mala
793 4183 926 4248 haec,
949 4184 1015 4250 ζα(
1033 4181 1176 4236 sicut
1191 4183 1276 4236 die
1298 4184 1397 4236 hoc
1419 4183 1463 4251 ζ.
1487 4181 1554 4234 24
1573 4181 1635 4234 Ει
1651 4182 1786 4236 dixit
1801 4180 1945 4237 Jere-

370 4274 479 4329 mia
509 4273 659 4328 omni
695 4275 915 4344 populo,
937 4276 1003 4342 x
1037 4285 1092 4327 et
1118 4273 1413 4342 omnibus:
1454 4274 1803 4328 mulieribus:
1826 4277 1942 4328 Au-

368 4362 480 4418 dite
505 4362 729 4418 verbum
747 4361 979 4427 Domini,
1005 4365 1071 4430 >ί<
1093 4364 1269 4417 omnis
1285 4359 1490 4428 Iudaea,
1506 4364 1596 4434 qui
1618 4365 1669 4418 in
1689 4374 1829 4420 terra
1847 4364 1943 4418 Λῦ-

369 4455 515 4525 gypti
539 4455 586 4524 ζ.
611 4454 704 4509 '25.
739 4452 828 4509 Sic
849 4451 983 4509 dixit
1008 4453 1273 4510 Dominus
1291 4455 1552 4509 virtutum
1583 4455 1726 4512 Deus
1765 4458 1943 4513 Israe-

2042 3363 2094 3416 5.
2129 3361 2322 3415 Dixisti
2376 3379 2389 3415 :
2440 3359 2533 3415 Vae
2582 3361 2738 3424 mihi,
2799 3375 2879 3413 va:
2919 3359 3092 3425 mihi;
3150 3359 3278 3428 quia
3331 3357 3610 3421 addidisti,

2043 3451 2289 3516 Domine,
2324 3451 2388 3521 (r)
2414 3452 2652 3506 laborem
2699 3466 2862 3520 super
2907 3451 3151 3505 dolorem
3191 3465 3372 3504 meum
3426 3467 3439 3504 :
3483 3449 3614 3503 dor—

2044 3545 2173 3599 mivi
2232 3544 2284 3598 in
2331 3543 2603 3612 suspiriis,
2661 3552 2714 3598 et
2764 3543 3006 3611 requiem
3051 3558 3159 3596 non
3191 3543 3394 3596 inveni.
3444 3543 3496 3596 4.
3523 3542 3614 3596 Sic

2043 3637 2131 3692 dic
2179 3635 2228 3692 ei
2280 3653 2295 3690 :
2351 3634 2443 3690 Sic
2490 3635 2627 3689 dixit
2671 3634 2933 3690 Dominus
2977 3652 2990 3688 :
3040 3633 3178 3688 Ecce
3227 3635 3301 3705 (g)
3341 3634 3452 3687 haec
3493 3649 3614 3702 quae

2043 3726 2325 3790 aedificavi,
2378 3739 2478 3793 ego
2508 3723 2809 3787 destruam,
2856 3732 2911 3778 et
2943 3725 3020 3789 (Ιι)
3049 3725 3162 3777 haec
3193 3739 3314 3792 quae
3351 3723 3611 3792 plantavi,

2044 3833 2144 3887 ego
2176 3817 2424 3879 evellam,
2457 3817 2526 3882 x
2547 3823 2600 3868 et
2632 3829 2849 3868 omnem
2884 3824 3081 3868 terram
3116 3813 3262 3867 illam
3289 3813 3309 3882 ζ
3350 3831 3362 3867 :
3398 3812 3450 3866 5.
3479 3821 3532 3866 et
3556 3823 3612 3867 tu

2045 3921 2256 3976 quaeres
2292 3905 2388 3959 tibi
2420 3905 2657 3976 magna?
2694 3920 2761 3959 ne
2801 3921 3047 3975 quaeras;
3086 3905 3213 3974 quia
3251 3919 3378 3958 ecce
3407 3919 3507 3974 ego
3533 3905 3616 3956 in-

2045 3999 2185 4052 duco
2219 3997 2356 4050 mala
2406 4011 2566 4066 super
2603 4011 2820 4049 omnem
2856 4011 3096 4060 carnem,
3123 3994 3256 4048 dicit
3292 3993 3561 4048 Dominus
3597 4011 3612 4048 :

2045 4099 2099 4145 et
2132 4089 2272 4144 dabo
2324 4091 2391 4157 >ε<
2428 4089 2576 4158 tibi:
2635 4088 2873 4142 animam
2923 4097 3073 4140 tuam
3122 4088 3184 4158 (ἱ)
3227 4088 3508 4142 inventum
3560 4087 3614 4141 in

2045 4182 2193 4236 omni
2226 4182 2365 4245 loco,
2399 4196 2746 4251 quocumque
2777 4181 2940 4234 iveris
2970 4179 3066 4232 ibi.

2116 4272 2248 4342 Cap.
2276 4271 2461 4326 XLVI.
2490 4302 2558 4312 —
2585 4273 2634 4326 1.
2666 4272 2921 4335 Verbum,
2953 4271 3096 4339 quod
3124 4269 3323 4324 factum
3351 4277 3433 4324 est
3456 4285 3484 4323 a
3513 4268 3617 4323 Do-

2045 4364 2196 4418 mino
2228 4363 2294 4417 ad
2325 4362 2616 4417 Jercmiam
2650 4367 2717 4430 Χ
2740 4364 3054 4432 prophetam
3081 4363 3103 4432 ζ
3141 4361 3210 4432 (k)
3235 4377 3401 4430 super
3425 4376 3617 4414 omnes

2045 4465 2255 4525 gentes.
2287 4455 2340 4507 Ξ.
2370 4453 2602 4525 Egypto
2633 4471 2794 4524 super
2823 4463 3142 4523 potestatem
3176 4451 3478 4505 Pharaonis
3511 4449 3617 4504 Ne-

369 4545 751 4613 lis,)t(dicens
777 4546 832 4616 ξε
858 4542 988 4610 Vos,
1011 4552 1064 4598 et
1087 4544 1342 4599 mulieres
1367 4554 1558 4600 vestrae
1581 4545 1776 4602 locuta:
1808 4547 1943 4602 estis
1976 4529 2018 4585 ἶ)
2048 4550 2189 4606 chao
2237 4548 2380 4616 regis
2413 4546 2653 4618 Aelgypti,
2691 4546 2753 4614 (ι)
2778 4545 2868 4616 qui
2901 4555 3020 4599 erat
3058 4560 3224 4614 super
3251 4543 3477 4597 ﬂuvium
3510 4541 3618 4595 Eu-

370 4637 426 4690 in
467 4651 562 4690 ore
586 4647 787 4699 vestro,
825 4644 878 4688 et
907 4635 959 4688 in
993 4635 1246 4689 manibus
1279 4635 1471 4690 vestris
1499 4637 1839 4707 implevistis,
1864 4638 1948 4692 di-

375 4736 561 4783 centes
586 4745 600 4782 ;
626 4725 895 4781 Faciendo
918 4724 1182 4781 faciemus
1207 4726 1280 4797 μ)
1307 4727 1681 4785 confessiones
1703 4737 1944 4795 nostras,

369 4832 507 4887 quas
549 4815 818 4872 confessae
853 4832 1064 4881 sumus,
1098 4817 1164 4871 ad
1213 4817 1540 4873 adoleudum
1575 4819 1685 4887 regi
1717 4819 1860 4884 cmli,
1895 4833 1948 4874 et

2043 4645 2290 4711 phratem
2331 4641 2383 4691 in
2411 4639 2815 4702 Charchemus,
2851 4653 3014 4708 quem
3037 4633 3622 4706 percussitNabucho-

2044 4732 2286 4785 donosor
2333 4745 2426 4784 rex
2455 4727 2745 4799 Babylonis
2790 4730 2844 4783 in
2892 4744 3034 4783 anno
3058 4736 3256 4797 quarto
3277 4725 3486 4780 Joacim
3522 4726 3622 4780 lilii

2045 4819 2210 4876 Josiae
2260 4821 2402 4889 regis
2445 4817 2619 4872 Iudae.
2657 4821 2709 4874 5.
2747 4818 2841 4891 (in)
2874 4819 3065 4872 Tollite
3096 4833 3272 4881 arma,
3317 4826 3370 4871 et
3413 4825 3565 4870 scuta
3605 4833 3617 4867 :

443 4974 514 5052 (qi
552 4971 644 5033 Λ..
690 4979 759 5051 (ξι.
796 4986 904 5052 non
933 4969 1262 5052 eritsal'v‘usn.
1293 4981 1342 5024 et
1373 4971 1625 5052 residuus
1656 4972 1713 5052 ⁸ἰιι
1752 4973 1988 5052 reliquiis
2021 4973 2190 5052 .ludte,
2227 4975 2317 5042 qui
2353 4974 2676 5052 veniunt,_ut
2699 4973 3227 5052 sintpereg‘riuijbi.
3296 4970 3372 5052 ((r)
3404 4969 3485 5034 S.,
3514 4971 3621 5052 nisi

370 5039 638 5098 homines.
669 5041 761 5110 qui
795 5039 1069 5108 fugerunt.
1098 5041 1191 5110 4(a)
1225 5040 1306 5105 8.,
1334 5055 1384 5093 et
1414 5042 1466 5093 in
1509 5041 1721 5110 plateis.
1765 5041 1827 5096 Et
1853 5039 2104 5098 mulieres
2138 5039 2410 5097 dixerunt.

2487 5046 2548 5111 (ι)
2583 5037 2671 5107 Α.,
2699 5045 2750 5096 in
2777 5037 2918 5096 mala
2950 5037 3258 5096 affectione.
3289 5037 3370 5105 8.,
3410 5043 3623 5111 sculpto

368 5113 508 5182 ejus.
542 5113 604 5182 (')
631 5108 900 5165 Gi.co€6a
927 5111 1068 5180 apud
1095 5108 1309 5177 Montf.,
1327 5128 1427 5163 vox
1461 5108 1657 5181 ignota:
1693 5114 1824 5166 mihi
1852 5114 2108 5167 notionis.
2146 5111 2343 5184 [Σάϐϐα
2363 5108 2721 5184 desu'mptunr
2735 5125 2816 5167 est
2838 5128 2867 5166 e
2894 5114 3141 5167 versione
3168 5111 3479 5182 Symmachi
3506 5110 3620 5176 qui,

368 5177 430 5248 u't
455 5177 562 5246 non
587 5177 734 5262 raro,
752 5189 925 5262 ipsam
953 5177 1292 5262 transcripsit
1322 5177 1512 5262 graecis
1541 5190 1822 5262 elementis
1850 5207 2037 5246 vocem
2062 5177 2268 5247 Hebraei
2296 5203 2494 5257 textus,
2518 5177 2743 5256 ηέωηῆ
2762 5193 2990 5261 (absque
3021 5177 3271 5262 mappiq),
3294 5189 3623 5262 propriemd

367 5257 899 5333 idololatrnndum.A
922 5260 1138 5333 nomine
1162 5257 1364 5333 eum
1385 5259 1561 5333 idolo.
1589 5257 1712 5333 Haec
1738 5261 1808 5314 ita
1846 5275 2229 5330 nuncupantur
2255 5264 2308 5317 in
2339 5265 2608 5333 scriptura
2643 5281 2671 5316 a
2704 5257 2922 5316 nomine
2943 5272 3075 5324 εῖν.
3109 5257 3624 5333 ’άρίὸν,ἰᾳὺ“οτ,βὶνθ

368 5333 513 5400 quod
547 5329 831 5402 dolori/ica
849 5329 958 5382 sint
987 5329 1299 5402 cultoribus
1314 5330 1613 5402 suis,_sive,
1642 5331 1794 5402 juxta
1828 5329 2144 5396 nonnullos,
2170 5334 2314 5402 quod
2339 5329 2466 5402 cuni
2513 5349 2641 5402 cu_ra
2677 5333 2778 5384 sint
2817 5332 3111 5384 elaborata.
3140 5330 3204 5385 Et
3233 5335 3312 5385 sic
3353 5331 3623 5402 intelliges

368 5398 636 5455 rationem
675 5398 884 5466 Aquilae
907 5408 960 5451 et
992 5398 1302 5466 Symmachi
1341 5400 1636 5452 lectionum
1672 5400 2088 5456 hicallatarum.
2137 5398 2367 5523 Dinon.)
2444 5403 2519 5471 (ιι)
2553 5400 2636 5467 8.,
2665 5417 2828 5470 super
2854 5402 3021 5466 viros,
3054 5410 3108 5455 et
3139 5416 3300 5470 super
3335 5401 3616 5454 mulieres.

370 5471 448 5523 (xl
473 5469 556 5523 8..
588 5477 764 5521 etnon
799 5481 858 5520 se
881 5467 1310 5521 seeommodavit
1343 5469 1660 5523 amnliusad
1688 5470 2086 5523 remittendum.
2166 5475 2238 5523 (ul
2273 5471 2344 5523 Re
2371 5473 2516 5523 iaui:
2582 5473 2910 5523 studiorum.
2989 5475 3062 5523 (χ)
3100 5473 3188 5523 Α..
3215 5470 3297 5523 8..
3337 5480 3457 5522 vola
3494 5484 3616 5522 nos-

370 5471 448 5538 (τ)
473 5469 556 5530 8.,
588 5477 765 5538 etnon
799 5481 858 5520 se
881 5467 1310 5538 accommodavit
1343 5469 1574 5535 amplius
1595 5471 1660 5522 ad
1688 5470 2086 5524 remittendum.

369 5536 472 5602 tra,
499 5553 619 5607 qua}
648 5536 918 5607 vovimns.

374 5605 600 5662 randum
641 5607 736 5662 ibi.
813 5605 884 5672 (ε)
928 5605 982 5657 Ιη
1024 5607 1188 5662 mala.

371 5679 646 5746 miseriam
689 5690 851 5746 super
883 5675 1124 5746 dolorem
1169 5692 1370 5730 meum.
1450 5677 1522 5746 (g)
1550 5675 1636 5740 Α..
1669 5678 1784 5730 hos.

372 5757 472 5822 tes.
501 5745 732 5812 JEgypto
771 5742 984 5799 Nechao
1010 5761 1099 5798 rex
1134 5761 1274 5798 anno
1301 5742 1496 5815 quarto
1525 5748 1774 5801 Juncimi.

371 5824 424 5864 et
451 5829 504 5864 tn
538 5823 713 5864 scuto.

996 5536 1072 5605 (a)
1102 5536 1192 5600 Α.,
1221 5539 1598 5591 constituendo
1635 5539 2015 5592 constituistis.

1266 5607 1339 5674 (Α)
1375 5606 1546 5678 Super
1572 5606 1830 5676 Ophram.
1857 5606 2159 5670 Ul‘A‘hPH,
2187 5606 2414 5678 Uaplrre.

1864 5679 1938 5740 (It)
1965 5681 2060 5749 51.,
2090 5681 2207 5734 hos.
2288 5682 2347 5747 (ἱ)
2383 5681 2471 5749 Α.,
2507 5681 2558 5732 in
2590 5682 2847 5749 praedam.

1860 5750 1919 5815 (Ι)
1951 5748 2031 5810 8.,
2058 5750 2149 5817 qui
2185 5751 2396 5804 vicinus
2425 5748 2545 5804 fuit.

2166 5475 2238 5541 (y)
2273 5470 2516 5539 Reliqui:
2582 5473 2910 5525 studiorum.
2989 5475 3062 5540 (ι)
3100 5473 3188 5535 A.,
3215 5470 3297 5535 8.,
3337 5480 3457 5522 vola
3494 5484 3623 5522 nos-

2093 5541 2166 5614 (ῥ)
2192 5544 2415 5614 _ft.,qui
2449 5541 2671 5614 veniunt
2702 5543 2753 5594 in
2780 5551 2978 5594 terram
3009 5541 3247 5614 x'ligypti,
3275 5541 3339 5614 ad
3370 5554 3620 5614 camino-

2492 5611 2558 5677 (eg)
2592 5610 2647 5663 In
2685 5619 2883 5679 quarto
2923 5627 3068 5663 anno
3087 5608 3338 5664 loacimi.
3417 5608 3486 5677 (ί)
3523 5609 3616 5670 Α.,

2925 5679 2996 5750 (k)
3044 5680 3217 5748 Super
3255 5695 3458 5750 omnes
3485 5693 3621 5745 gen-

2622 5749 2717 5820 (m)
2775 5748 2864 5814 A.,
2911 5748 3164 5804 ordinate
3193 5765 3288 5805 vos
3323 5751 3376 5802 in
3411 5748 3620 5818 clypeo,
