4134 6420
405 358 548 415 2577

406 567 660 622 scendite
703 567 920 636 equites
957 584 970 620 :
1006 566 1281 636 disponite
1312 580 1411 621 vos
1442 567 1495 621 in
1528 566 1700 635 galeis
1739 567 1935 622 vestris
1967 584 1980 618 :

406 658 483 726 (ο)
533 658 766 713 emittite
821 658 1063 723 lanceas,
1124 666 1181 713 et
1232 656 1447 713 induite
1504 657 1707 714 loricas
1752 668 1982 714 vestras.

405 748 460 804 5.
494 750 569 818 (p)
584 748 724 816 Quid
751 749 898 819 quod
928 748 1033 819 ipsi
1068 757 1285 820 pavent,
1314 757 1370 803 et
1402 758 1747 805 revertentur
1776 753 1984 803 r'etror-

404 841 568 895 sum?
616 840 746 910 quia
808 838 1021 894 robusti
1075 853 1265 894 eorum
1326 838 1607 894 caadentur
1658 855 1673 892 :
1725 837 1986 909 fugiendo

406 932 684 1003 fugerunt,
719 942 774 988 et
797 948 905 987 non
934 932 1140 988 reversi
1167 938 1319 997 sunt,
1340 930 1726 1002 comprehensi
1747 929 1986 986 circnm-

406 1025 575 1085 circa,
637 1023 767 1078 dicit
820 1022 1107 1081 Dominus.
1168 1023 1225 1078 6.
1261 1022 1342 1078 Ne
1382 1022 1559 1093 fugiat
1602 1022 1767 1086 celer,
1805 1036 1985 1091 neque

405 1113 602 1169 evadat
658 1115 922 1170 robustus
975 1130 1142 1185 super
1187 1114 1503 1185 aquilonem
1544 1131 1558 1168 :
1594 1128 1718 1183 quae.
1760 1113 1829 1169 ad
1877 1111 1986 1168 Eu-

404 1209 676 1276 phratem,
713 1206 985 1262 inﬁrmata
1021 1215 1170 1273 sunt,
1226 1207 1563 1263 ceciderunt.
1604 1206 1654 1259 7.
1691 1204 1828 1271 Quis
1863 1204 1977 1269 hic,

405 1298 499 1368 qui
535 1308 594 1354 ut
640 1298 842 1354 ﬂuvius
885 1299 1168 1365 ascendet,
1206 1297 1282 1369 (ιι)
1308 1308 1364 1353 et
1398 1306 1459 1353 ut
1499 1297 1651 1352 fluvii
1699 1298 1983 1352 volventes

407 1389 646 1456 aquam?
677 1388 730 1444 8.
753 1389 921 1459 Aquae
948 1389 1167 1462 [Egypti
1202 1388 1274 1459 (r)
1301 1387 1445 1443 sicut
1471 1390 1538 1456 Χ
1562 1386 1764 1442 ﬂumen
1793 1402 1986 1442 ascen-

406 1479 564 1543 dunt,
605 1489 660 1534 et
706 1480 851 1535 sicut
895 1478 1124 1537 ﬂumina
1166 1489 1584 1535 commoventur
1619 1493 1777 1550 aqua!
1796 1477 1983 1549 ejus:.

408 1567 474 1625 Et
501 1569 639 1626 dixit
669 1589 682 1624 :
711 1571 1040 1638 Ascendam,
1070 1581 1124 1627 et
1150 1572 1391 1643 operlam
1422 1581 1646 1637 terram,
1674 1581 1729 1627 et
1750 1570 1978 1642 perdam

408 1662 618 1731 urbem,
651 1674 707 1720 et
734 1664 1041 1720 habitantes
1064 1664 1120 1719 in
1144 1679 1231 1720 ea.
1281 1663 1338 1719 9.
1359 1663 1650 1720 Ascendite
1683 1678 1744 1719 -ι-
1767 1662 1979 1733 super:

406 1767 600 1821 equos,
635 1762 691 1809 et
724 1753 795 1826 (r)
820 1763 1121 1825 praeparate
1161 1770 1358 1810 currus
1401 1771 1414 1809 :
1447 1756 1617 1821 exite,
1647 1763 1985 1826 pugnatores

408 1845 473 1916 (ι)
498 1844 817 1915 Ᾱῐιιιίοριιηι
852 1855 907 1900 et
936 1845 1191 1917 Libyum,
1226 1844 1303 1918 (ιι)
1327 1845 1521 1904 armati
1550 1846 1745 1910 armis,
1792 1853 1848 1900 et
1875 1843 1979 1915 Ly-
2017 1828 2057 1883 Β

407 1937 507 2003 dii,
543 1938 624 2008 (ω)
648 1937 948 2003 ascendite,
997 1938 1204 1994 tendite
1252 1953 1441 1992 arcum
1476 1956 1490 1993 :
1530 1937 1614 1992 10.
1654 1946 1710 1993 et
1738 1936 1858 1992 dies
1895 1936 1985 1991 ille.

411 2026 644 2082 Domino
690 2026 800 2083 Deo
844 2039 1036 2083 nostro
1084 2027 1203 2084 dies
1246 2028 1523 2093 vindictae,
1555 2028 1623 2083 ad
1653 2027 1985 2084 sumendum

408 2117 706 2173 vindictam
746 2117 815 2173 de
844 2118 1086 2176 inimicis
1115 2119 1233 2175 suis
1259 2137 1273 2174 :
1296 2126 1351 2174 et
1380 2120 1631 2175 comedet
1657 2118 1893 2190 gladius,
1933 2127 1989 2174 et

408 2209 768 2275 saturabitur,
831 2219 887 2265 et
939 2209 1302 2265 inebriabitur
1349 2224 1381 2264 a
1432 2208 1703 2281 sanguine
1746 2222 1985 2276 eorum;

406 2300 537 2370 quia
587 2299 915 2355 sacriﬁcium
949 2299 1180 2355 Domino
1235 2296 1468 2356 Domino
1495 2301 1736 2356 Sebaoth
1766 2316 1797 2355 a
1828 2310 1975 2355 terra

408 2391 691 2461 aquilonis
749 2407 915 2460 super
964 2389 1172 2447 flumen
1210 2391 1479 2463 Euphrat.
1520 2393 1606 2448 II.
1633 2393 1707 2464 (y)
1738 2391 1989 2448 Ascende

408 2483 639 2551 Galaad,
689 2494 748 2541 et
779 2499 938 2540 sume
962 2484 1205 2542 resinam
1240 2484 1314 2557 (λ)
1341 2485 1537 2556 virgini
1564 2487 1689 2540 tiliae
1713 2483 1933 2555 Egypti
1964 2499 1980 2537 :

409 2576 464 2629 in
491 2591 691 2630 vanum
714 2577 1089 2647 multiplicasti
1118 2578 1357 2633 medelas
1377 2588 1521 2643 tuas,
1549 2578 1758 2633 utilitas
1774 2593 1884 2632 non
1904 2585 1989 2632 est

406 2665 528 2721 tibi.
572 2665 660 2721 I2.
688 2666 1031 2722 Audiverunt
1053 2677 1244 2736 gentes
1278 2668 1359 2738 (α)
1382 2683 1571 2724 vocem
1600 2677 1772 2732 tuam,
1803 2676 1860 2723 et
1880 2669 1985 2723 cla-

409 2773 562 2813 more
594 2765 690 2813 tuo
724 2758 948 2829 impleta
975 2770 1061 2813 est
1101 2766 1281 2825 terra;
1317 2761 1447 2830 quia
1480 2770 1753 2831 pugnator
1782 2759 1850 2814 ad
1883 2775 1988 2829 pu-

409 2858 692 2919 gnatorem
743 2850 1052 2905 infirmatus
1095 2859 1203 2915 est,
1248 2852 1416 2906 simul
1446 2852 1764 2907 ceciderunt
1791 2851 1979 2907 ambo.

412 2940 497 2993 15.
520 2941 588 3009 Χ
610 2939 844 2996 Verbum
871 2942 894 3012 :
928 2942 1074 3012 quod
1103 2943 1321 2998 locutus
1338 2950 1425 2998 est
1446 2942 1714 2998 Dominus
1736 2943 1791 2997 in
1817 2958 1987 2997 manu

407 3029 657 3087 Jeremia-
701 3034 999 3103 prophetat,
1059 3049 1183 3088 cum
1233 3034 1444 3090 veniret
1468 3031 1980 3089 Nabuchodonosor

1611 356 1929 413 JEREMUE
1968 355 2195 414 CAPUT
2237 354 2442 411 XLVII.

403 474 645 531 accedite
704 474 756 529 in
807 474 1008 530 bellum
1056 492 1070 527 :
1114 474 1167 528 4.
1199 474 1275 544 (n)
1319 472 1608 528 insternite
1637 488 1811 544 equos
1861 491 1876 528 :
1924 489 1985 528 a-
2014 480 2058 536 Α
2087 471 2386 542 Egyptus,
2433 468 2507 541 (ο)
2550 468 2868 537 exstirpatio
2923 468 2992 523 ab
3036 470 3293 540 aquilone
3325 471 3473 527 venit
3498 488 3665 542 super
3752 486 3755 487 '

3519 359 3660 416 2378

2084 578 2204 618 eam
2237 561 2368 618 :QI.
2394 571 2449 617 et
2478 561 2802 617 mercenarii
2826 559 2946 630 ejus
2981 561 3036 616 in
3063 577 3127 617 ea
3160 563 3303 619 sicut
3331 565 3486 620 vituli
3513 566 3660 634 sagio

2084 656 2237 722 nati;
2276 654 2405 725 quia
2433 662 2490 710 et
2513 653 2617 723 ipsi
2655 652 2860 709 reversi
2884 660 3036 717 sunt,
3065 664 3121 708 et
3153 655 3411 727 fugerunt
3439 658 3605 713 simul
3641 675 3656 713 :

2086 762 2195 802 non
2231 754 2535 813 Steterunt;
2570 745 2704 815 quia
2726 745 2840 800 dies
2877 744 2954 817 (p)
2979 745 3305 816 perditionis
3327 749 3471 804 venit
3495 765 3665 820 super

2083 853 2202 901 eos,
2254 846 2311 892 et
2360 845 2576 907 tempus
2611 834 2934 907 (q)nltionis
2977 852 3192 892 eorum.
3241 837 3333 892 2‘2.
3360 837 3478 895 Vox
3519 840 3663 911 ejus,

2086 929 2230 984 sicut
2249 928 2519 998 serpentis
2545 929 2615 1000 (r)
2632 928 2905 984 sibilantis
2928 946 2943 995 ;
2976 929 3108 999 quia
3131 929 3199 1001 (ε)
3215 929 3270 983 in
3298 945 3465 985 arena
3484 931 3666 999 ibunt,

2088 1020 2142 1075 in
2170 1020 2460 1076 securibus
2488 1020 2709 1076 venient
2733 1036 2899 1091 super
2921 1035 3064 1075 eam.
3096 1021 3187 1077 2'5.
3216 1020 3372 1077 Sicut
3395 1023 3668 1079 caedentes

2086 1111 2254 1181 ligna,
2311 1112 2549 1168 exeidite
2604 1110 2799 1167 silvam
2851 1111 2992 1183 ejus,
3041 1110 3176 1168 dicit
3204 1111 3471 1170 Dominus
3498 1113 3666 1176 Deus.

2094 1204 2226 1273 quia
2259 1203 2327 1275 it)
2352 1209 2460 1258 non
2495 1203 2912 1268 assimilabitnr,
2941 1203 3070 1274 quia
3099 1203 3325 1274 copiosa
3350 1205 3479 1273 plus
3496 1221 3664 1275 quam

2090 1293 2323 1362 locusta,
2373 1302 2428 1349 et
2460 1308 2569 1349 non
2600 1303 2685 1350 est
2710 1293 2792 1350 eis
2822 1308 3103 1350 numerus.
3159 1293 3254 1348 24.
3297 1293 3531 1350 Erubuit
3556 1295 3668 1351 lilia

2086 1385 2329 1458 Egypti,
2385 1385 2585 1441 tradita
2615 1394 2700 1442 est
2743 1385 2800 1440 in
2829 1400 3028 1442 manus
3064 1387 3251 1456 populi
3285 1386 3356 1442 ab
3386 1387 3664 1457 aquilone.

2085 1475 2180 1532 25.
2229 1477 2299 1544 Χ
2327 1473 2476 1530 Dixit
2518 1474 2786 1531 Dominus
2838 1474 3107 1530 virtutum
3159 1475 3303 1531 Deus
3346 1474 3613 1548 lsraelis:
3650 1495 3665 1532 :

2085 1565 2229 1623 Ecce
2284 1582 2389 1638 ego
2447 1565 2525 1640 (ιι)
2571 1567 2807 1623 ulciscar
2862 1571 3097 1623 Ammon
3140 1567 3316 1623 lilium
3349 1568 3470 1638 ejus
3502 1584 3669 1641 super

2085 1657 2455 1724 Pharaonem,
2486 1668 2542 1715 et
2561 1675 2729 1730 super
2752 1659 3069 1733 Egyptum,
3100 1668 3155 1715 et
3186 1675 3351 1730 super
3368 1661 3501 1716 deos
3523 1661 3666 1731 ejus,

2087 1760 2143 1806 et
2178 1767 2344 1822 super
2373 1766 2527 1822 reges
2559 1751 2702 1823 ejus.
2744 1761 2799 1807 et
2824 1766 2990 1822 super
3011 1751 3384 1819 Pharaonem,
3415 1761 3470 1807 ct
3503 1767 3670 1823 super

2085 1843 2423 1899 confidentes
2475 1858 2638 1912 super
2682 1857 2769 1899 eo.
2824 1843 2916 1899 26.
2973 1846 3039 1912 Χ
3078 1843 3144 1898 Et
3194 1843 3407 1898 tradam
3461 1858 3559 1899 eos
3610 1844 3665 1898 in

2089 1951 2312 1989 manum
2347 1934 2712 2005 quaerentium
2757 1936 3000 1990 animam
3036 1950 3251 2000 eorum,
3310 1944 3367 1991 et
3412 1935 3465 1989 in
3498 1951 3665 1989 manu

2087 2024 2649 2082 Nabuchodonosoris
2676 2027 2822 2095 regis
2845 2025 3165 2098 Babylonis,
3199 2037 3252 2082 et
3278 2026 3335 2080 in
3363 2041 3528 2081 manu
3553 2041 3663 2080 ser-

2088 2131 2277 2172 vorum
2323 2116 2463 2186 ejus,
2524 2128 2578 2172 et
2624 2126 2747 2187 post
2786 2117 2900 2173 haec
2928 2119 3173 2188 quiescet
3222 2117 3299 2187 (as)
3319 2117 3462 2173 sicut
3488 2117 3556 2172 ab
3574 2132 3672 2176 an-

2089 2208 2263 2280 tiquo,
2311 2208 2445 2264 dicit
2489 2208 2761 2266 Dominus
2786 2209 2835 2281 :.
2886 2208 3042 2265 Finis
3085 2211 3387 2281 prophetiae
3413 2209 3661 2282 Egypti.

2088 2301 2179 2355 ΞΤ.
2213 2300 2295 2356 'I‘u
2324 2311 2533 2367 autem,
2584 2317 2653 2356 ne
2688 2302 2903 2368 timeas,
2959 2317 3116 2359 serve
3151 2301 3227 2357 mi
3255 2300 3448 2367 Jacob,
3492 2317 3669 2372 neque

2088 2408 2307 2463 paveas,
2338 2391 2543 2459 Israel;
2575 2394 2701 2463 quia
2730 2408 2858 2449 ecce
2886 2409 2989 2465 ego
3023 2394 3175 2449 salvo
3208 2403 3259 2449 le
3283 2408 3313 2449 e
3341 2393 3669 2464 longinquo,

2087 2495 2142 2540 et
2175 2500 2362 2539 semen
2402 2495 2557 2539 tuum
2592 2502 2660 2540 ex
2696 2494 2843 2542 terra
2878 2486 3217 2558 captivitatis
3246 2502 3439 2542 eorum
3474 2494 3671 2541 :etre-

2088 2585 2329 2630 vertetur
2375 2573 2567 2642 Iacob,
2622 2587 2676 2632 et
2720 2578 3094 2648 conquiescet,
3132 2590 3187 2634 et
3219 2577 3296 2650 (y)
3320 2578 3579 2643 dormiet,
3616 2585 3674 2633 et

2088 2683 2197 2722 non
2249 2668 2354 2723 erit
2388 2668 2462 2737 (ι)
2486 2669 2580 2739 qui
2638 2678 2836 2725 noceat
2881 2670 2953 2725 ei.
3011 2670 3106 2725 98.
3135 2668 3202 2725 Et
3232 2682 3312 2737 tu,
3346 2685 3416 2725 ne
3449 2671 3670 2737 timeas,

2090 2776 2248 2817 serve
2302 2761 2378 2816 mi
2424 2759 2616 2828 Jacob,
2674 2761 2806 2818 dicit
2846 2761 3136 2829 Dominus,
3174 2761 3301 2834 quia
3333 2769 3512 2817 tecum
3548 2776 3670 2817 smn

2090 2868 2212 2924 ego,
2271 2853 2403 2924 quia
2463 2852 2677 2908 faciam.
2713 2855 3250 2911 consummationem
3289 2855 3344 2909 in
3390 2852 3541 2910 omni
3574 2866 3675 2923 po-

2090 2946 2241 3016 pulo,
2301 2944 2355 2998 in
2413 2959 2555 3014 quos
2593 2945 2776 3016 depuli
2818 2946 2983 3012 illuc;
3023 2954 3075 3000 te
3104 2954 3286 3001 autem
3326 2960 3435 3000 non
3467 2944 3666 3000 faciam

2089 3039 2345 3106 deﬁcere,
2382 3048 2437 3094 et
2481 3038 2764 3111 castigabo
2800 3049 2852 3095 te
2885 3039 2939 3094 in
2968 3039 3264 3110 judicium,
3299 3039 3375 3109 (α)
3399 3048 3454 3095 et
3482 3039 3673 3095 inson-

412 3137 508 3177 Νι
541 3121 854 3193 Babylmtis,
909 3124 986 3194 (b)
1020 3124 1089 3179 ad
1116 3125 1480 3181 excidendum
1510 3134 1710 3205 terram
1740 3123 1984 3196 Egypli-
2014 3126 2057 3185 C
2092 3137 2199 3185 tem
2229 3129 2555 3185 dimittenda
2585 3145 2694 3184 non
2725 3131 2998 3185 insontem
3025 3129 3294 3185 dimittam
3316 3139 3386 3185 te.

410 3216 499 3271 14.
527 3216 947 3287 ΔιιηιιηιίαιθΧ
971 3218 1026 3273 in
1046 3217 1301 3290 Egypto,
1329 3227 1384 3273 et
1412 3218 1686 3288 praecipite
1711 3219 1735 3289 :
1769 3219 1823 3273 in
1843 3217 1992 3289 Mag-

409 3305 523 3373 dol,
571 3319 625 3362 et
653 3308 726 3378 (c)
749 3310 1025 3379 prmeipite
1070 3310 1125 3364 in
1160 3309 1449 3380 Memphis,
1502 3320 1555 3365 et
1583 3310 1641 3364 in
1672 3308 1932 3380 Taphnas
1964 3327 1978 3363 :

406 3401 574 3455 dicite
608 3420 622 3455 :
652 3401 964 3473 lntelligite,
1001 3412 1056 3459 et
1089 3419 1336 3475 praepara
1373 3413 1426 3461 te
1455 3405 1654 3476 ipsam,
1687 3405 1815 3474 quia
1838 3419 1993 3460 com-

405 3492 524 3546 edit
570 3492 785 3563 gladius
825 3495 903 3566 (d)
929 3496 1120 3550 orbem
1175 3504 1356 3551 tuum.
1418 3497 1503 3552 I5.
1533 3496 1604 3568 (ε)
1627 3496 1812 3563 Quare
1853 3495 1995 3566 fugit

409 3585 619 3640 vitulus
674 3587 885 3644 electus
932 3588 1103 3643 tuus?
1160 3604 1269 3643 non
1307 3589 1533 3655 mansit,
1565 3590 1693 3660 quia
1726 3588 1994 3645 Dominus

411 3671 667 3727 dissolvit
711 3689 861 3729 eum.
926 3676 1014 3730 16.
1044 3675 1114 3746 (Ῑ)
1136 3675 1203 3731 Et
1233 3677 1528 3732 multitudo
1574 3678 1842 3733 inﬁrmata
1874 3687 1980 3742 est,

412 3771 467 3816 ct
519 3763 752 3827 cecidit,
811 3767 1190 3836 unusquisque
1235 3767 1303 3822 ad
1349 3769 1655 3837 proximum
1707 3784 1869 3823 suum
1908 3770 1990 3824 lo-

410 3851 525 3905 cuti
573 3851 791 3923 snnt(g)
829 3871 845 3908 :
878 3852 1204 3922 Surgamus,
1250 3864 1307 3909 et
1344 3865 1685 3911 revertamur
1710 3857 1778 3911 ad
1809 3872 1985 3926 popu-

410 3942 525 3997 lum
555 3953 838 4009 nostrum,
877 3956 933 3999 et
962 3944 1038 4014 (Ιι)
1064 3945 1116 3998 in
1156 3946 1436 4015 regionem
1474 3957 1724 4003 nostram
1766 3951 1838 4004 ab
1868 3958 1998 4005 ante

404 4036 613 4091 faciem
661 4034 824 4106 gladii
861 4034 923 4106 (ἰ)
946 4033 1143 4091 Graeci.
1176 4035 1264 4089 I7.
1288 4034 1494 4091 Vocate
1518 4052 1720 4092 nomen
1747 4038 1996 4093 Pharao-

416 4129 504 4182 nis
562 4127 708 4197 regis
747 4125 994 4197 IEgypti,
1045 4125 1119 4197 (It)
1145 4126 1291 4181 Saon
1318 4124 1479 4181 )Ehir
1506 4126 1682 4183 Moed.
1732 4128 1821 4183 l8.
1856 4127 1996 4185 Vivo

410 4233 536 4287 ego,
580 4216 712 4273 dicit
750 4232 847 4273 rex
890 4217 1158 4272 Dominus
1193 4217 1461 4272 virtutum
1494 4233 1695 4272 nomen
1732 4220 1819 4287 ei;
1866 4220 1996 4289 quia

416 4309 562 4364 sicut
620 4307 685 4379 (ι)
729 4306 1009 4364 Itaburion
1061 4308 1115 4361 in
1159 4309 1463 4372 montibus,
1500 4319 1556 4363 et
1589 4309 1734 4365 sicut
1778 4309 1996 4364 Carmel

2162 3220 2291 3291 Cap.
2343 3219 2555 3277 XLVII.
2602 3250 2673 3260 —
2706 3219 2758 3276 I.
2811 3247 2884 3278 ω
2938 3218 3112 3290 Super
3146 3221 3535 3291 alienigenas:
3570 3220 3662 3291 (').

2096 3312 2416 3382 XVerbum
2460 3312 2698 3379 Domini,
2753 3312 2899 3383 quod
2929 3311 3134 3368 factum
3158 3322 3244 3368 est
3271 3313 3339 3367 ad
3365 3310 3659 3367 Jeretniam

2094 3404 2467 3476 prophetam:
2529 3405 2603 3475 (b)
2646 3420 2813 3474 super
2867 3403 3222 3474 alienigenas,
3275 3406 3343 3472 Χ
3378 3414 3673 3473 antequam

2095 3504 2405 3564 percuteret
2452 3494 2668 3549 Pharao
2716 3493 2920 3549 Gazam
2950 3493 2998 3565 :.
3035 3491 3161 3547 Ilaec
3186 3492 3319 3548 dicit
3350 3491 3622 3546 Dominus
3657 3509 3671 3545 :

2092 3585 2148 3641 2.
2183 3585 2326 3642 Ecce
2370 3602 2528 3657 aqua:
2570 3586 2876 3642 ascendunt
2909 3586 2981 3640 ab
3020 3585 3301 3655 aquilone,
3334 3595 3389 3640 et
3429 3592 3592 3639 erunt
3618 3582 3673 3638 in

2097 3688 2400 3735 torrentem
2460 3676 2818 3733 inundantem
2877 3694 2894 3732 :
2948 3685 3003 3733 et
3043 3676 3333 3732 iuundabit
3360 3685 3588 3742 terram,
3622 3681 3678 3729 et

2098 3770 2492 3842 plenitudinem
2533 3770 2678 3841 ejus,
2718 3770 2931 3836 urbem,
2967 3777 3022 3825 et
3053 3770 3430 3825 inhabitantes
3466 3767 3519 3822 in
3555 3783 3618 3822 ea
3658 3786 3671 3820 :

2096 3871 2152 3919 et
2183 3860 2500 3919 clamabunt
2555 3861 2831 3926 homines,
2862 3870 2917 3916 et
2950 3861 3241 3917 ululabunt
3272 3875 3467 3916 omnes
3500 3860 3672 3915 habi-

2098 3959 2277 4008 tantes
2302 3952 2356 4007 in
2386 3960 2560 4017 terra,
2595 3950 2651 4005 3.
2681 3966 2712 4005 a
2741 3965 2876 4006 voce
2906 3950 2975 4022 (ε)
3002 3952 3236 4023 impetus
3259 3952 3399 4023 ejus,
3422 3951 3491 4006 ab
3508 3950 3677 4005 armis

2098 4042 2324 4096 fortium
2385 4042 2545 4111 ejus,
2598 4052 2652 4096 et
2709 4056 2742 4096 a
2790 4043 3157 4098 concussione
3205 4055 3469 4098 curruum
3523 4041 3677 4111 ejus,

2100 4134 2177 4199 (ά)
2211 4134 2482 4188 tumultus
2536 4143 2780 4188 rotarum
2830 4134 2952 4203 ejus
2986 4151 3000 4188 :
3039 4150 3146 4189 non
3192 4149 3253 4190 se
3282 4142 3681 4190 converterunt

2099 4233 2280 4294 patres
2308 4239 2474 4294 super
2497 4224 2641 4279 ﬁlios
2666 4239 2858 4279 eorum
2888 4240 2999 4293 prae
3027 4225 3391 4282 dissolutione
3413 4241 3677 4280 manuum

2098 4331 2314 4383 eorum,
2381 4316 2435 4370 4.
2487 4316 2542 4371 in
2587 4315 2698 4381 die,
2727 4317 2822 4386 qui
2855 4317 3002 4372 venit
3037 4317 3102 4371 ad
3131 4317 3457 4371 abolendum
3484 4333 3679 4373 omnes

414 4399 469 4454 in
524 4415 676 4455 mare
730 4400 930 4456 veniet.
993 4401 1080 4454 l9.
1111 4400 1256 4456 Vasa
1301 4401 1718 4470 demigrationis
1767 4400 1855 4457 fac
1890 4402 1988 4456 tibi
2023 4468 2062 4480 ﬁ
2103 4406 2463 4477 alienigenas.
2523 4405 2591 4460 Et
2644 4409 2868 4477 perdam
2917 4407 3147 4480 Tyrum,
3187 4419 3241 4463 et
3292 4408 3577 4474 Sidonem,
3624 4418 3682 4464 et

414 4491 543 4561 ipsi,
577 4491 874 4546 habitatrix
902 4491 1012 4546 tilia
1039 4490 1285 4563 Egypti,
1327 4468 1757 4563 quia‘Memphis
1792 4493 1891 4563 (in)
1930 4492 1986 4546 in
2023 4468 2070 4526 θ
2100 4468 2303 4552 omnes
2350 4496 2597 4567 reliquos
2644 4468 2843 4552 auxilii
2895 4468 3291 4570 eorum;'quia
3323 4500 3524 4557 delebit
3565 4468 3679 4558 Do-

413 4582 826 4653 corruptionem
857 4584 985 4647 erit,
1025 4594 1079 4640 ct
1110 4584 1395 4639 vocabitur
1424 4582 1536 4651 Vae,
1570 4585 1698 4655 quia
1728 4600 1837 4639 non
1862 4594 1997 4640 sunt

415 4675 726 4731 habitantes
753 4677 808 4731 in
841 4692 925 4731 ea.
958 4675 1049 4730 20.
1080 4676 1261 4732 Vitula
1294 4678 1372 4749 (η)
1396 4687 1591 4733 ornata
1622 4679 1689 4745 Χ
1718 4677 1986 4750 pulchra:

488 4830 565 4900 (η)
611 4831 703 4897 Α.,
753 4831 990 4904 alligate.
1048 4830 1132 4890 S..
1188 4831 1325 4901 jngo
1382 4833 1614 4904 jnngite.

1725 4833 1800 4903 (ο)
1851 4834 1943 4900 Α.,
1999 4835 2237 4907 expolite
2281 4834 2521 4901 lanceas.

2102 4587 2286 4641 minus
2322 4590 2390 4656 Χ
2411 4588 2793 4660 alienigenas:
2829 4590 3072 4661 reliquos
3104 4591 3433 4658 insularum,
3463 4601 3518 4646 et
3537 4595 3681 4663 Cap-

2102 4679 2363 4749 padocizc.
2399 4679 2455 4735 5.
2479 4678 2641 4736 Venit
2664 4681 2910 4738 calvities
2941 4696 3107 4754 super
3134 4681 3338 4738 Gazam
3377 4702 3392 4739 :
3430 4686 3679 4755 projecta

2629 4836 2702 4907 (p)
2741 4835 2825 4911 8.,
2881 4853 3053 4908 quare
3105 4838 3318 4896 vidistis
3372 4856 3487 4906 eos,
3533 4841 3679 4911 quod

411 4902 714 4973 vincentes,
771 4902 916 4970 quod
969 4910 1299 4973 revertentes
1349 4902 1688 4970 retrorsum,
1734 4902 1788 4957 et
1854 4902 2110 4963 robustos
2179 4921 2371 4961 eorum
2434 4904 2580 4973 quod
2638 4902 2932 4968 cadentes.
2998 4923 3104 4963 non
3158 4923 3217 4964 se
3266 4902 3677 4972 convertentes,

414 4970 575 5025 turba
607 4973 986 5037 circumcirca,
1027 4973 1157 5027 dicit
1200 4972 1479 5029 Dominus.

412 5041 698 5110 trepidate.
775 5041 840 5110 (ι)
900 5044 988 5110 A.,
1027 5042 1110 5103 8.,
1139 5042 1289 5095 Chus
1323 5053 1376 5097 et
1405 5043 1567 5100 Phut.

412 5113 488 5167 tis
513 5125 724 5167 arcum.

417 5180 501 5244 8.,
551 5182 620 5235 ab
642 5183 1077 5250 percutiendum.
1155 5182 1224 5250 (ε)
1261 5180 1344 5246 8.,
1385 5187 1630 5240 auditum
1662 5180 1842 5241 facile.

417 5329 637 5396 nostra.
715 5320 887 5396 (04.,
931 5319 1311 5396 S.,i_ne.briati.
1392 5324 1442 5396 (k

414 5460 494 5529 (p)
550 5463 636 5525 Α.,
670 5459 979 5532 ραυεῑοηίε.
1025 5459 1108 5532 8.,
1142 5459 1530 5532 corruptionis.

1585 4976 1658 5047 (q)
1708 4975 1771 5028 Et
1800 4984 1859 5047 ut
1892 4976 2037 5032 fluvii
2070 4977 2344 5032 volventes
2376 4991 2548 5047 aquas
2579 4977 2718 5047 ejus.

2797 4979 2867 5046 (ri
2903 4979 2996 5050 4.,
3042 4979 3382 5050 sicutirivus.
3479 4979 3549 5050 (δ)
3589 4979 3676 5043 8.,

1671 5046 1749 5119 (ιι)
1779 5045 1870 5119 ΑΔ.,
1902 5049 1988 5119 obl

2090 5057 2217 5119 :ntes
2250 5059 2344 5119 vos
2378 5046 2572 5119 scutis.
2602 5045 2619 5119 ς
2653 5048 2745 5119 (x)_
2766 5048 2855 5119 A.,
2892 5045 2978 5109 8.,
3008 5048 3100 5119 qui
3131 5049 3338 5113 tollitis,
3375 5050 3469 5119 qui
3489 5045 3679 5104 tendi-

802 5109 879 5190 (ει)
916 5109 999 5190 S_.,
1047 5112 1364 5190 ascendeﬁin
1397 5113 1610 5190 Giigad,
1668 5109 1761 5190 μ)
1793 5117 1883 5180 ΑῚ
1932 5117 1988 5190 δ.

2090 5118 2226 5190 virgo
2259 5115 2387 5190 ﬁlia.
2425 5186 2435 5190 _
2465 5117 2542 5184 (α)
2579 5109 2671 5178 Α..
2707 5117 2746 5171 8
2779 5157 2797 5184 ,
2833 5109 3190 5190 ignominiam
3230 5109 3409 5190 tuam:
3476 5120 3550 5190 (b)
3582 5123 3676 5185 .4.,
3755 5162 3767 5175 .

1920 5187 1999 5257 (ά)
2033 5189 2124 5253 Λ.,
2159 5184 2241 5248 8.,
2269 5186 2557 5258 circuitum
2584 5193 2763 5242 tuum.
2838 5184 2913 5258 (ἢ)
2944 5187 3028 5253 8.,
3063 5204 3236 5258 quare
3278 5184 3543 5245 detrusus
3594 5202 3679 5243 est

415 5251 578 5303 simul
602 5252 863 5327 robustus
893 5260 1048 5327 tuus.
1117 5252 1306 5327 (Af)_A.,
1331 5257 1715 5327 multiplicavit
1738 5251 2150 5327 impingenteni.

1445 5327 1470 5398 )_
1495 5330 1585 5398 A.,
1634 5325 1865 5382 tinnitus
1903 5325 2181 5384 transtulit
2210 5326 2646 5398 promissionem.
2672 5325 2755 5394 8.,
2780 5325 3009 5398 tempus
3042 5330 3207 5386 venit.

416 5387 657 5445 Tltabor.
760 5387 831 5462 in)
861 5391 915 5444 In
976 5392 1323 5446 deletionem.
1399 5387 1482 5465 (ἡ)
1514 5387 1604 5459 Αξ,
1697 5397 1906 5461 ulchra,
1971 5410 2025 5453 et
2087 5387 2310 5469 pulchra
2356 5397 2585 5451 reddita.

416 5460 494 5537 (ρ)
532 5463 636 5537 _A.,
670 5394 979 5537 egusionis.
1142 5465 1553 5537 corruptionis._
1608 5413 1692 5537 (qi)
1721 5467 1813 5533 Α.,
1841 5466 1927 5532 8.,
1963 5468 2297 5523 visitationis
2326 5482 2538 5522 eorum.

1721 5466 1927 5533 A.,S.,
1963 5484 1988 5521 v

2090 5466 2297 5523 Ettionis
2326 5482 2538 5538 eorum.
2615 5467 2685 5538 (r)
2705 5468 2797 5528 Α..
2825 5466 2907 5531 8.,
2942 5466 3062 5522 ibit.
3087 5466 3105 5469 θ
3142 5470 3211 5537 (ε)
3238 5472 3325 5529 Α..
3357 5470 3409 5524 in
3441 5466 3662 5525 robore.

2229 5258 2303 5325 (g)
2354 5253 2725 5342 EtJdicentes‘.
2794 5253 3002 5342 _(h)’A.,
3033 5253 3095 5311 in"
3125 5260 3678 5342 terram,“nativitatis

2672 5328 2755 5394 8.,
2793 5336 3009 5398 tempus
3042 5330 3207 5386 venit.
3319 5328 3382 5400 (ι)
3419 5330 3618 5399 Reliqui
3657 5350 3671 5385 :

2663 5398 2737 5469 (ο)
2775 5396 3214 5469 Tres,pungens
3264 5398 3334 5454 ab
3389 5401 3666 5469 aquilone.

414 5531 482 5596 (ε)
512 5534 600 5596 Α.,
631 5545 738 5584 non
773 5531 1208 5598 investigabitur.
1286 5531 1365 5603 (It)
1394 5534 1480 5598 Α.,
1516 5531 1884 5600 S.,'visitabo.
1915 5531 1919 5532 ί
1964 5539 1988 5608 (.

417 5599 683 5664 tiplicabit
732 5615 886 5664 opes.
964 5602 1037 5664 (z)
1075 5602 1160 5664 Α..
1209 5600 1292 5664 8.,
1341 5605 1433 5664 qui
1501 5615 1719 5660 terreat.
1797 5607 1988 5664 (alA..

2090 5538 2287 5620 4.,.S.,
2323 5538 2463 5592 sicut
2489 5531 2683 5619 diebus
2705 5538 2799 5607 qui
2845 5539 2911 5591 ab
2946 5531 3204 5607 antiquo.
3274 5539 3351 5664 (ἵ)
3386 5542 3472 5621 ειν
3527 5542 3675 5593 mul-

2090 5618 2119 5662 :t
2177 5618 2451 5664 insontem
2510 5607 2853 5664 dnmttendo.
2931 5609 3006 5664 (bl
3050 5609 3143 5664 A..
3186 5612 3252 5664 ad
3347 5610 3665 5664 lulistliazos.

417 5599 683 5668 tiplicabit
732 5615 886 5669 opes.

419 5673 489 5740 (υ)
529 5672 617 5736 A.,
646 5684 842 5726 cursus
868 5685 1159 5740 equorum.
1233 5673 1312 5744 (ιι)
1345 5675 1433 5740 Α.,
1465 5674 1548 5739 8.,
1614 5672 2001 5732 multitudinis.

964 5602 1037 5670 (π)
1075 5602 1160 5666 Α.,
1341 5600 1433 5680 qui
1475 5615 1720 5680 “terreat.
1756 5677 1764 5680 _
1797 5600 1996 5680 (a_)_.l_.‘,
2025 5600 2036 5608 ’
2063 5618 2119 5662 et
2154 5600 2451 5664 'insontcm
2510 5600 2853 5664 ditnitteiido.
2931 5609 3006 5680 (b)
3050 5600 3143 5675 AI,
3186 5612 3252 5665 ad

3347 5610 3665 5668 hilistliacos.

490 5788 555 5858 (')
584 5787 627 5842 l.
662 5800 711 5842 e.
752 5785 1116 5855 Pliilisthwos,
1157 5802 1294 5858 quos
1328 5805 1436 5844 ιιι
1472 5806 1665 5860 grmcc,
1700 5790 2055 5861 ἀλλοφύλους,
2083 5789 2405 5861 alienigenas
2443 5802 2775 5864 nuncupant.
2803 5791 3006 5848 Drucu.
