4134 6450
318 355 459 413 2385

1602 359 1913 416 ΠίιὶῐίΜιιλΕ
1956 360 2181 417 CAPUT
2235 364 2294 416 l..

3448 373 3586 426 2386

322 490 522 533 rentes.
581 478 631 532 5.
657 478 844 548 Usque
883 479 949 533 ad
1007 479 1228 534 Sionem
1283 482 1691 551 ittlt’:l‘t‘0g:lbttltl
1727 482 1893 543 viam,
1931 485 1968 538 Λ
2005 481 2289 535 restituam
2325 481 2575 535 lsrat-lcm
2614 483 2664 534 in
2695 497 2955 551 pascuum
2991 500 3174 550 suum,
3207 495 3261 541 et
3298 501 3480 556 pascet
3523 493 3578 546 in

319 570 391 642 (It)
429 572 516 626 bic
559 572 704 625 enim
748 571 940 627 faciem
991 588 1144 626 suam
1182 586 1242 626 οι-
1291 572 1352 640 (ι)
1387 571 1592 625 dabunt
1622 573 1669 639 ζ,
1707 583 1759 627 et
1799 589 1891 627 ve-

320 663 490 725 nient,
531 671 586 717 et
637 663 954 733 confugient
1006 665 1071 717 ad
1121 665 1448 726 Dominum;
1505 673 1887 719 testamentum

318 753 464 807 enim
503 763 766 810 :rternum
803 771 910 808 non
947 756 1206 810 oblivioni
1239 755 1500 809 tradetur.
1525 756 1578 808 6.
1611 760 1890 824 Uvesper-

317 845 442 899 ditte
481 844 659 901 factus
686 857 768 900 est
807 847 1038 917 populus
1075 862 1250 908 meus,
1283 854 1530 916 pastores
1564 861 1754 901 eorum
1789 847 1884 918 (m)

315 936 646 1004 expulerunt
676 951 792 1002 eos,
839 953 1005 1005 super
1040 945 1256 990 montes
1288 936 1366 1007 (η)
1402 937 1738 991 seduxerunt
1767 953 1882 998 eos.

316 1027 381 1080 de
414 1037 596 1082 monte
627 1046 792 1098 super
824 1031 1016 1084 collem
1054 1030 1325 1093 abierunt,
1361 1029 1510 1083 obliti
1541 1037 1669 1084 sunt
1693 1030 1887 1083 cubilis

235 1133 241 1139 '
315 1120 420 1174 sui.
452 1120 500 1174 7.
530 1119 734 1176 Omnes
765 1123 1105 1178 invenientes
1135 1137 1231 1176 eos
1259 1129 1722 1191 consumpserunt
1751 1136 1844 1174 eos
1869 1139 1882 1174 :

313 1211 386 1282 (0)
417 1210 623 1267 inimici
657 1228 846 1269 eorum
875 1217 1130 1270 dixerunt
1158 1233 1172 1269 :
1204 1213 1280 1269 Ne
1313 1215 1598 1283 quiescere
1620 1213 1886 1269 faciamus

310 1314 427 1364 cos,
461 1317 559 1371 pro
591 1318 656 1357 eo
680 1305 825 1374 quod
861 1313 1157 1376 peccarunt
1194 1305 1464 1359 Domino:
1499 1304 1574 1373 (p)
1617 1319 1881 1374 pascuum

307 1390 534 1459 justitize
561 1394 633 1458 ei,
661 1396 753 1464 qui
787 1405 1080 1468 congregat
1128 1407 1308 1466 patres
1351 1412 1562 1460 eorum,
1595 1396 1881 1451 Dominus.

310 1481 361 1534 8.
397 1483 470 1552 (qi
498 1484 892 1541 Abalienamini
927 1503 957 1541 e
995 1488 1173 1542 medio
1219 1487 1532 1559 Babylonis,
1579 1497 1633 1542 et
1662 1505 1692 1542 e
1735 1497 1879 1542 terra

308 1571 712 1644 Chaldaeorum,
747 1587 802 1631 et
835 1579 999 1644 exite,
1033 1587 1086 1632 et
1128 1588 1300 1634 estote
1341 1580 1410 1650 (r)
1438 1579 1578 1634 sicut
1618 1580 1882 1634 dracones

309 1678 495 1718 coram
545 1665 684 1720 facie
727 1668 931 1722 ovium.
974 1669 1027 1724 9.
1073 1668 1211 1734 Quia
1261 1685 1387 1725 ecce
1424 1685 1524 1738 ego
1575 1672 1777 1733 excito,
1825 1678 1881 1724 et

309 1755 607 1811 ascendere
656 1756 798 1813 facio
848 1773 1013 1828 super
1059 1759 1386 1827 Babylonem
1427 1762 1877 1830 congre,.~ationes

307 1847 548 1914 gentium
580 1864 899 1920 magnarum
930 1859 1125 1907 eterra
1158 1853 1564 1921 septentrionis,
1595 1861 1650 1907 et
1697 1867 1756 1908 se
1797 1854 1879 1907 in-

307 1945 520 1992 struent
577 1940 841 1995 adversus
888 1957 1050 2006 eam;
1104 1943 1228 1998 inde
1281 1943 1564 2013 capietur:
1614 1944 1758 2000 sicut
1809 1945 1877 2013 (ε)

306 2029 471 2081 telum
506 2032 824 2099 pugnaturis
855 2032 1204 2101 intelligentis
1243 2050 1344 2089 nec
1373 2036 1572 2090 redibit
1621 2051 1874 2089 vacuum.

305 2119 393 2174 10.
441 2119 505 2174 Ει
532 2121 636 2176 erit
668 2121 918 2178 Chaltltca
951 2125 1003 2178 itt
1038 2125 1294 2194 praedam,
1331 2135 1384 2180 et
1408 2142 1601 2181 omnes
1636 2126 1876 2196 prtedano

305 2221 385 2265 tes
429 2226 551 2266 eam
600 2214 1013 2279 saturabuntur,
1078 2217 1210 2270 dicit
1268 2217 1553 2272 Dominus.
1601 2217 1682 2271 ll.
1739 2217 1876 2283 Quia

301 2299 474 2367 gavisi
501 2301 634 2356 estis
668 2311 723 2357 et
753 2304 991 2373 gloriati,
1027 2321 1150 2361 cum
1176 2305 1481 2374 diripuistis
1511 2307 1874 2361 hereditatem

303 2404 504 2457 meam,
529 2393 657 2462 quia
693 2395 1035 2464 exsultastls,
1068 2397 1209 2452 sicut
1237 2398 1379 2452 tauri
1407 2398 1462 2453 in
1495 2398 1686 2464 herba,
1731 2412 1778 2454 et
1812 2400 1874 2470 (ι)

301 2493 470 2534 cornu
495 2482 745 2550 petiistis,
765 2484 906 2538 sicut
929 2485 1132 2540 bubali.
1153 2485 1237 2539 i2.
1259 2484 1486 2540 Erubuit
1507 2496 1678 2540 mater
1698 2499 1874 2541 vestra

299 2570 475 2635 valde,
527 2573 603 2642 (tt)
654 2583 827 2628 mater
878 2577 933 2631 iu
975 2577 1156 2631 bona:
1203 2593 1333 2632 ecce
1384 2579 1574 2632 ultima
1631 2579 1871 2648 gentium

298 2659 575 2716 desertum
611 2664 677 2730 »ζ
708 2664 826 2718 sine
856 2680 1018 2734 aqua,
1059 2675 1113 2720 et
1143 2681 1250 2720 non
1282 2667 1549 2722 calcatum
1589 2668 1638 2736 ζ.
1667 2669 1754 2722 15.
1787 2669 1871 2722 ΑΙ)

300 2751 378 2806 ira
400 2750 612 2806 Domini
633 2769 739 2807 non
766 2755 1096 2810 habitabitur
1117 2775 1130 2810 :
1152 2767 1204 2810 et
1223 2758 1324 2813 erit
1347 2758 1400 2812 in
1422 2759 1647 2814 exitium
1669 2761 1868 2825 omnis,

297 2851 351 2897 et
376 2845 578 2909 omnis,
609 2846 702 2915 qui
760 2847 1039 2902 transierit
1072 2863 1234 2918 super
1265 2847 1618 2920 Babylonem,
1659 2850 1738 2918 (π)
1776 2850 1873 2904 tri-

297 2934 554 3000 stabitur,
586 2947 641 2990 et
687 2937 930 2992 sibilabit
983 2955 1150 3009 super
1199 2955 1416 2994 omnem
1471 2941 1680 3010 plagam
1727 2941 1867 3007 ejus.

300 3021 386 3077 11.
442 3022 697 3079 lnstruite
751 3040 851 3081 vos
905 3042 1071 3096 super
1119 3027 1449 3098 Babylonem
1491 3029 1869 3092 ctreumcirca,

294 3127 487 3167 omnes
533 3114 818 3169 tendentes
864 3131 1076 3180 arcum,
1126 3117 1376 3184 sagittate
1412 3131 1573 3186 super
1604 3131 1746 3178 eam,
1803 3131 1868 3170 ne
1895 3152 1936 3210 ϐ

298 3203 536 3270 parcatis
569 3219 735 3274 super
763 3205 884 3260 telis
910 3207 1128 3271 vestris,
1161 3209 1230 3277 )t(
1256 3207 1385 3277 quia
1419 3208 1647 3262 Domino
1677 3223 1870 3276 pecca-

295 3295 372 3348 vit
398 3295 445 3362 ζ.
476 3295 566 3348 15.
591 3296 667 3366 (g)
692 3295 758 3351 Et
781 3296 995 3352 fortiter
1015 3298 1157 3368 agite
1185 3314 1349 3368 super
1367 3314 1485 3353 eam
1515 3299 1568 3352 in
1595 3299 1826 3353 circuitu
1851 3317 1864 3352 :

296 3384 372 3454 (ι)
400 3385 683 3440 dissoluta:
709 3393 837 3440 sunt
869 3401 1065 3442 manus
1107 3386 1248 3456 ejus,
1277 3389 1593 3444 ceciderunt
1633 3390 1712 3458 (a)
1744 3404 1869 3457 pro-

293 3474 599 3544 pugnacula
629 3475 767 3543 ejus.
805 3483 859 3530 et
883 3477 1190 3532 eradicatus
1221 3487 1305 3534 est
1333 3493 1523 3534 murus
1551 3478 1712 3548 ejus;
1739 3476 1864 3546 quia

293 3565 532 3620 vindicta
563 3580 592 3620 a
634 3566 745 3621 Deo
775 3576 878 3632 est,
922 3568 998 3639 (b)
1037 3570 1366 3625 ulciscimini
1409 3585 1552 3635 eam,
1600 3570 1868 3640 quemad-

297 3659 522 3712 modum
573 3657 722 3724 fecit,
777 3660 937 3714 facile
986 3662 1056 3715 ei.
1097 3662 1185 3716 16.
1226 3660 1405 3716 Delete
1449 3663 1522 3732 (ε)
1567 3677 1751 3718 semen
1799 3676 1865 3715 ex

295 3749 592 3820 Babylone,
623 3759 676 3805 et
703 3758 976 3806 tenentem
1005 3752 1196 3807 falcem
1227 3752 1280 3807 in
1311 3762 1553 3822 tempore
1583 3754 1778 3810 messis
1799 3755 1869 3809 ah

295 3849 420 3894 ante
453 3838 644 3894 faciem
694 3841 858 3910 gladii
896 3843 974 3911 (ά)
1010 3840 1207 3908 Gratci,
1255 3843 1637 3912 unusquisque
1671 3843 1725 3898 in
1773 3859 1871 3912 po-

295 3931 485 3999 pulum
524 3944 683 3984 suum
731 3939 1098 3996 revertentur,
1136 3939 1190 3984 et
1231 3933 1608 4000 unusquisque
1647 3933 1699 3987 itt
1748 3933 1873 4001 (ter-

295 4019 433 4089 ram)
460 4019 524 4090 (')
554 4035 709 4075 suam
739 4020 928 4090 fugiet.
962 4021 1050 4074 17.
1083 4021 1208 4076 Ovis
1234 4036 1426 4076 errans
1455 4020 1640 4083 Israel,
1685 4022 1868 4081 leones

292 4111 622 4180 expulerunt
651 4128 774 4167 eum
799 4129 813 4168 :
838 4113 1046 4181 primus
1068 4113 1300 4168 comedit
1323 4129 1447 4168 eum
1471 4130 1562 4167 rex
1593 4113 1864 4184 Assyriis:

292 4211 343 4256 et
374 4201 461 4257 hic
491 4203 757 4272 posterior
787 4203 854 4274 (e)
878 4219 1000 4259 ossa
1032 4204 1152 4273 ejus
1173 4201 1751 4273 (ﬂNabuchodonosor
1774 4219 1864 4258 rex

298 4293 610 4364 Babylonis.
644 4294 731 4348 18.
767 4295 990 4364 Propter
1031 4296 1136 4351 hoc
1167 4297 1281 4350 haec
1309 4295 1439 4350 dicit
1464 4294 1726 4350 Dominus
1758 4296 1868 4350 vir-

296 4393 470 4438 tutum
511 4385 650 4439 Deus
700 4383 953 4441 lsraelis:
995 4385 1137 4442 Ecce
1167 4401 1268 4457 ego
1302 4387 1372 4456 (g)
1409 4386 1642 4442 ulciscor
1677 4388 1746 4455 )t(
1773 4403 1867 4442 su-

1994 571 2270 637 Carmclo,
2301 585 2352 626 et
2384 573 2434 625 itt
2470 572 2666 638 Basan,
2700 583 2754 627 et
2783 575 2835 627 in
2870 586 3056 630 monte
3106 576 3379 646 Ephrzem,
3424 592 3476 634 et
3518 581 3572 636 in

1991 665 2220 729 Galaad,
2255 675 2308 721 et
2332 667 2727 721 saturabuntur
2751 668 2949 722 anima:
2984 685 3200 726 eorum.
3236 671 3327 726 20.
3365 672 3419 725 lu
3449 673 3572 728 dic-

1991 757 2095 812 bus
2145 759 2286 822 istis,
2335 767 2388 812 et
2432 758 2485 811 in
2539 767 2782 826 tempore
2829 760 2940 824 illo,
2987 761 3120 816 dicit
3163 762 3448 828 Dominus,
3503 763 3566 832 (t')

1990 858 2234 917 quaerent
2267 848 2589 917 injustitiam
2619 848 2859 914 lsraelis,
2880 859 2934 904 et
2973 867 3080 905 non
3101 852 3228 917 erit,
3264 861 3320 907 et
3347 862 3567 922 peccata

1988 937 2160 1003 Iudae,
2181 949 2234 994 et
2262 956 2366 993 non
2392 940 2740 994 invenientur
2764 955 2779 1006 ;
2803 941 2931 1010 quia
2956 943 3222 1011 propitius
3243 959 3336 998 ero
3364 945 3566 999 relictis

1987 1027 2076 1081 2|.
2121 1029 2191 1099 (ιι)
2223 1045 2388 1099 super
2419 1039 2595 1084 terra:
2633 1046 2818 1085 amare
2855 1031 2916 1101 (ι)
2957 1033 3191 1086 ascende
3221 1049 3386 1101 super
3418 1051 3561 1098 eam,

1987 1128 2041 1173 et
2073 1135 2234 1187 super
2297 1120 2606 1176 habitantes
2661 1137 2825 1190 super
2872 1137 2933 1175 ea
2988 1122 3129 1190 (m):
3173 1131 3222 1176 et
3276 1123 3562 1190 ulciscere,

1987 1211 2180 1280 gladie.
2215 1211 2290 1280 (η)
2316 1221 2367 1266 et
2398 1213 2554 1268 abole
2586 1216 2652 1282 Χ
2679 1222 2802 1282 post
2834 1228 2928 1268 eos
2962 1214 3106 1267 mala
3143 1214 3191 1281 ζ,
3221 1214 3355 1269 dicit
3382 1215 3564 1270 Domi-

1987 1317 2110 1365 nus,
2149 1310 2202 1355 et
2243 1301 2325 1356 fac
2355 1304 2653 1358 secundum
2690 1304 2894 1369 omnia,
2944 1320 3064 1375 quae
3094 1321 3401 1378 pracepero
3439 1309 3558 1363 tibi.

1983 1394 2072 1449 22.
2113 1394 2223 1449 Vox
2267 1395 2390 1448 belli
2436 1397 2662 1452 interra
2695 1399 3096 1466 Chaldaeorum,
3151 1412 3204 1456 et
3255 1403 3560 1458 confractio

1985 1501 2200 1556 magna.
2257 1485 2348 1540 25.
2382 1486 2670 1554 Quomodo
2700 1489 3012 1546 confractus
3056 1501 3161 1557 est,
3195 1501 3250 1547 et
3291 1495 3558 1548 contritus

1982 1585 2066 1632 cst
2101 1577 2330 1631 malleus
2381 1579 2562 1635 omnis
2600 1582 2796 1635 terrae?
2853 1583 3130 1651 quomodo
3186 1583 3328 1638 facta
3373 1594 3456 1640 est
3501 1585 3554 1638 in

1981 1666 2371 1724 desolationem
2408 1668 2566 1724 Babel
2615 1671 2670 1724 in
2723 1673 3026 1741 gentibus?
3093 1672 3182 1727 24.
3237 1673 3312 1744 (ο)
3375 1675 3554 1744 Impo-

1982 1767 2111 1811 ttcnt
2143 1757 2259 1822 tibi,
2297 1768 2349 1813 et
2379 1759 2633 1828 capieris,
2667 1759 2850 1826 Bahel,
2880 1763 2954 1830 (p)
2990 1771 3044 1817 et
3070 1779 3177 1817 non
3210 1779 3510 1834 cognosces
3538 1783 3551 1819 :

1984 1848 2201 1904 inventa
2230 1865 2308 1913 es,
2347 1859 2401 1904 et
2428 1859 2585 1921 capta
2607 1867 2687 1918 es,
2718 1854 2845 1924 quia
2869 1854 3131 1910 adversus
3153 1854 3444 1910 Dominum
3479 1857 3552 1926 (ᾳ)

1982 1934 2200 1989 stetisti.
2233 1934 2323 1990 25.
2353 1939 2582 2006 Aperuit
2632 1940 2891 1995 Dominus
2927 1941 3243 1997 thesaurum
3289 1957 3471 2005 suum,
3500 1953 3555 1998 et

1980 2024 2204 2093 protulit
2229 2041 2356 2080 vasa
2386 2027 2481 2082 ira:
2514 2043 2649 2094 suae,
2689 2031 2817 2097 quia
2865 2046 3001 2101 opus
3031 2034 3098 2100 Χ
3127 2041 3211 2086 est
3249 2031 3270 2099 ζ
3321 2031 3554 2088 Βοηιίηο

1981 2112 2050 2183 (r)
2093 2113 2326 2168 Domino
2358 2116 2616 2172 virtutum
2647 2118 2699 2172 in
2738 2129 2880 2174 terra
2907 2119 3304 2176 Chaldaeorum.
3357 2122 3450 2177 26.
3480 2123 3550 2193 (a)

1980 2201 2117 2267 Quia
2142 2213 2410 2258 venerunt
2433 2207 2501 2272 Ἀ(
2523 2208 2571 2260 ei
2600 2206 2622 2274 ζ
2659 2215 2897 2277 tempora
2925 2207 3046 2276 ejus
3071 2226 3084 2262 :
3121 2209 3326 2277 aperite
3351 2209 3546 2265 horrea

1977 2291 2124 2361 ejus,
2185 2293 2250 2364 (ι)
2307 2295 2628 2349 scrutatnini
2679 2312 2837 2362 eam,
2888 2299 3032 2352 sicut
3094 2299 3447 2367 speluncam,
3493 2307 3549 2354 et

1976 2383 2149 2439 delete
2242 2400 2404 2440 eam:
2464 2401 2533 2440 ne
2618 2386 2690 2440 sit
2751 2388 3028 2442 residuum
3090 2388 3237 2458 ejus:
3314 2389 3404 2444 27.
3469 2390 3546 2460 (lt)

1975 2475 2247 2530 exsiccate
2293 2491 2486 2530 omnes
2540 2475 2748 2532 fructus
2797 2478 2955 2548 ejus:
3019 2487 3074 2535 et
3120 2480 3456 2536 descendant
3492 2483 3546 2535 in

1977 2567 2357 2620 mactationem
2385 2587 2397 2620 :
2432 2583 2512 2622 vce
2539 2569 2642 2633 eis,
2675 2569 2802 2638 quia
2832 2571 2978 2624 venit
3006 2572 3122 2626 dies
3163 2586 3378 2636 eorum,
3414 2582 3549 2627 tent-

1975 2673 2076 2726 pus
2113 2658 2190 2727 tx)
2253 2659 2479 2712 ultionis
2539 2673 2753 2713 eorum.
2808 2661 2896 2715 28.
2959 2660 3071 2716 Vox
3113 2662 3436 2732 fugientium
3494 2673 3546 2719 et

1973 2747 2316 2802 evadentium
2347 2762 2378 2801 e
2410 2757 2551 2801 terra
2581 2747 2892 2820 Babylonis,
2923 2751 2988 2804 ad
3023 2753 3458 2806 annuntiandum
3491 2753 3542 2807 in

1976 2839 2194 2894 Sionem
2228 2839 2513 2905 ultionem,
2548 2855 2667 2909 quae
2719 2855 2749 2894 a
2797 2839 3030 2895 Domino
3081 2842 3191 2897 Deo
3222 2850 3432 2907 nostro,
3477 2848 3542 2912 >κ

1974 2929 2235 2983 ultionem
2273 2929 2456 2998 templi
2487 2929 2606 2998 ejus
2637 2929 2686 2998 ζ.
2718 2930 2809 2985 29.
2848 2930 3132 3000 Praecipite
3168 2947 3335 3002 super
3363 2932 3544 3003 Baby-

1973 3021 2150 3076 lonem
2185 3021 2391 3085 tnultis,
2424 3022 2574 3075 omni
2606 3023 2842 3076 tendenti
2872 3037 3084 3086 arcum,
3133 3033 3312 3077 castra
3365 3032 3542 3077 meta-

1973 3113 2105 3166 mini
2138 3127 2302 3181 super
2329 3127 2449 3167 eam
2479 3112 2875 3168 circumcirca:
2919 3129 2986 3168 ne
3026 3107 3096 3169 sit
3125 3116 3362 3169 evadens
3399 3114 3540 3182 ejus,

1971 3203 2252 3258 retribuite
2267 3204 2315 3258 ei
2338 3204 2637 3259 secundum
2659 3219 2823 3274 opera
2844 3205 2964 3274 ejus
2985 3225 2996 3260 :
3019 3199 3315 3262 secundum
3335 3207 3540 3270 omnia,

1969 3309 2091 3364 qum
2125 3293 2270 3359 fecit,
2307 3292 2473 3350 facite
2516 3295 2588 3358 ei,
2621 3294 2747 3365 quia
2802 3297 3064 3352 adversus
3101 3295 3391 3350 Dominum
3452 3297 3532 3366 (gl

1969 3382 2138 3447 stetit,
2166 3381 2237 3450 (ι)
2277 3381 2444 3436 Deum
2495 3391 2743 3437 sanctum
2778 3381 3014 3439 Israelis.
3043 3385 3131 3441 50.
3167 3384 3395 3452 Propter
3441 3387 3544 3437 hoc.

1969 3472 2414 3541 cadentjuveues
2443 3470 2563 3542 ejus
2618 3473 2672 3526 in
2721 3473 2914 3542 plateis
2943 3473 3082 3540 ejus,
3127 3482 3179 3525 et
3208 3487 3398 3526 omnes
3443 3471 3541 3523 viri

1969 3563 2256 3618 bellatores
2281 3564 2400 3633 ejus
2424 3565 2499 3633 (a)
2548 3565 2908 3634 projicientur
2940 3567 3006 3632 >ε<
3031 3567 3082 3617 in
3113 3563 3314 3618 dieillo
3339 3563 3386 3633 ζ,
3411 3564 3544 3618 dicit

1971 3653 2250 3709 Dominus.
2289 3655 2376 3708 51.
2399 3653 2536 3709 Ecce
2570 3670 2671 3725 ego
2707 3670 2874 3724 super
2894 3663 2943 3708 te
2963 3653 3036 3726 (b)
3061 3653 3538 3713 contumeliosam.

1969 3746 2092 3801 dicit
2122 3746 2382 3800 Dominus
2413 3747 2698 3813 virtutum,
2719 3747 2844 3815 quia
2876 3745 3021 3798 venit
3057 3745 3172 3800 dies
3198 3744 3267 3814 (ε)
3304 3753 3454 3807 tuus,
3489 3753 3542 3796 ct

1974 3846 2185 3905 tempus
2223 3837 2298 3907 (ά)
2331 3837 2552 3892 ultionis
2585 3846 2708 3903 tute,
2743 3837 2829 3891 52.
2855 3848 2906 3892 et
2943 3836 3312 3891 inftrmabitur
3345 3844 3540 3889 contu-

1972 3927 2132 3982 melia
2166 3937 2280 3991 tua,
2313 3936 2368 3982 et
2397 3928 2578 3992 cadet,
2613 3936 2667 3982 et
2695 3943 2801 3982 non
2836 3928 2940 3982 erit
2969 3929 3262 3982 restituens
3294 3941 3412 3979 eam
3440 3943 3453 3979 :
3490 3935 3543 3978 et

1969 4021 2260 4074 accendam
2294 4019 2472 4089 ignem
2493 4019 2562 4090 (ε)
2590 4019 2644 4072 1η
2669 4017 2804 4074 silva
2834 4020 2975 4088 ejus,
3008 4027 3060 4072 ct
3084 4017 3330 4072 comedet
3353 4029 3543 4069 omnes

1967 4111 2234 4165 circuitus
2262 4111 2404 4179 ejus.
2459 4111 2547 4165 55.
2602 4110 2725 4166 llaec
2755 4111 2891 4165 dicit
2944 4109 3205 4164 Dominus
3237 4109 3496 4162 virtutum
3526 4123 3541 4160 :

1968 4202 2228 4273 Oppressi
2264 4203 2359 4256 lilii
2390 4201 2628 4266 lsraelis,
2657 4211 2710 4257 ct
2745 4203 2842 4256 lilii
2890 4200 3046 4256 Judae
3091 4201 3252 4254 simul
3284 4217 3297 4254 :
3332 4213 3542 4265 omnes,

1967 4295 2060 4364 qui
2092 4294 2338 4364 captivos
2366 4293 2647 4350 duxerunt
2676 4309 2789 4358 eos,
2836 4300 3228 4362 oppresserunt
3272 4305 3392 4354 eos,
3448 4287 3542 4357 qui

1968 4401 2078 4441 non
2111 4385 2403 4440 voluerunt
2431 4385 2706 4439 dimittere
2740 4399 2852 4439 eos.
2881 4384 2971 4438 54.
3012 4383 3077 4451 (f)
3107 4381 3173 4436 Et
3199 4381 3292 4451 qui
3328 4379 3545 4434 redimit

294 4487 388 4542 per
415 4473 436 4541 ζ
473 4489 653 4545 regem
684 4477 998 4547 Babylonis,
1038 4487 1092 4532 et
1120 4493 1284 4548 super
1325 4489 1522 4534 terram
1556 4479 1692 4548 ejus,
1726 4479 1866 4534 sicut
1899 4477 1940 4532 D
1968 4493 2064 4534 eos
2091 4476 2264 4542 fortis,
2309 4476 2576 4532 Dominus
2603 4478 2950 4547 omnipotens
2981 4491 3179 4530 nomen
3210 4475 3260 4528 ei
3290 4491 3304 4528 :
3354 4473 3428 4544 (g)
3454 4471 3546 4541 ju-

297 4563 376 4630 (h)
409 4565 555 4621 ultus
602 4581 723 4622 sum
764 4570 830 4634 >κ
859 4569 1073 4637 super:
1110 4583 1290 4639 regem
1345 4569 1604 4638 Assyriae.
1663 4570 1744 4624 l9.
1802 4570 1868 4626 Et

1973 4567 2465 4638 diciumjudicabit
2487 4569 2747 4622 adversus
2778 4567 3120 4622 adversarios
3151 4565 3292 4636 ejus,
3324 4573 3381 4619 ut
3407 4563 3545 4618 levet

367 4786 439 4864 (Ii)
473 4785 564 4864 Α.,
597 4798 737 4864 ecce
756 4782 921 4837 facies
946 4782 1396 4864 corum‘venie'pt,
1420 4792 1475 4838 et
1499 4799 1556 4839 se
1583 4783 1875 4864 adjungent
1903 4781 2146 4864 Domino.
2218 4781 2741 4864 (l)§ommutah_t‘tnt.
2777 4780 2906 4864 .(ln)
2932 4779 3020 4846 A.,
3058 4779 3140 4844 8.,
3183 4783 3539 4864 εειιιὶικιςετιιιηι.

295 4855 470 4926 (n)S.,
499 4855 1001 4926 circumduxerunt.

293 4921 532 4980 bitaculo
558 4923 726 4990 justo.
799 4924 870 4993 (q)
894 4922 994 4993 3L,
1017 4921 1099 4986 8.,
1133 4933 1469 4993 cotnntovete
1493 4921 1641 4993 ῖυὲ.Δ
1683 4924 1752 4991 (r)
1785 4921 1873 4985 A.,

296 4998 358 5055 (tl
391 5001 479 5059 Α.,
515 4991 847 5046 hiunivistis.
881 4991 963 5057 8.,
997 4992 1294 5046 clamastis.

292 5065 377 5130 S.,
417 5063 640 5117 ululate.
726 5063 800 5128 (χ)
833 5061 926 5125 Α.,
961 5062 1108 5116 dedit
1137 5077 1358 5115 manum
1388 5078 1564 5130 suam.

293 5138 363 5204 (cf)
411 5131 500 5196 Α.,
527 5130 644 5204 *8.,
687 5133 1092 5204 setninat‘orem.

294 5199 362 5274 (ε)
400 5206 490 5267 Α.,
517 5199 599 5266 8.,
632 5202 955 5274 comminuit
984 5217 1129 5255 eum.
1203 5201 1270 5271 (Γ)
1311 5202 1580 5274 Comedit.

293 5269 577 5343 iniquitas.
613 5338 620 5343 _
658 5270 728 5343 (It)
753 5269 836 5343 8.,
870 5287 1036 5339 super
1070 5269 1266 5343 terram
1309 5269 1719 5343 iracundorum.

294 5338 477 5396 visita.
555 5338 631 5408 (η)
668 5338 754 5402 Α.,
787 5339 872 5405 8.,
899 5338 949 5394 et
975 5341 1265 5409 perditioni
1296 5339 1520 5394 devove.

294 5413 366 5482 (ιι)
401 5413 487 5475 Α.,
521 5409 602 5474 8.,
629 5411 774 5482 litem
806 5413 1040 5464 movisti.
1102 5413 1191 5482 7(r)
1226 5409 1351 5482 Deo.

294 5560 347 5603 et
376 5551 709 5605 descendant
733 5550 798 5602 ad
826 5550 1232 5603 mactationem.

295 5617 530 5674 lsraelis.
609 5617 1223 5686 (a)S.,0bllllll€SCt'lll.
1301 5617 1373 5688 (b)
1440 5619 1528 5683 Α.,
1592 5617 1675 5682 8.,

295 5660 567 5758 superbia.
610 5660 712 5760 ὶ(ἓ)
751 5660 838 5756 Ᾰ.,
866 5660 926 5744 in
963 5689 1192 5745 urbibus
1226 5660 1373 5760 eju‘s.’
1443 5660 1528 5759 (r),
1551 5687 1638 5754 Α.,
1662 5660 1757 5754 ’8.,
1786 5660 1848 5743 |ct
1871 5687 1964 5752 qui
2002 5660 2339 5758 propinquus
2367 5660 2468 5743 cis‘.

295 5773 426 5812 θυι-ιι
435 5775 484 5813 m
493 5798 508 5814 ο

1601 5342 1676 5409 (ο)
1711 5339 1844 5394 Steti
1880 5339 2143 5394 adversus
2180 5351 2249 5393 te.

1432 5415 1499 5478 (ε)
1526 5408 1619 5474 Α.,
1656 5412 1835 5463 venite
1873 5410 1921 5462 ei
1951 5425 1980 5462 a
2023 5408 2516 5463 cottsttttttttati0tte.
2555 5408 2641 5473 8.,
2672 5409 2869 5462 intrate
2897 5423 3037 5471 eam,
3064 5423 3276 5478 omnes.

294 5477 518 5560 d'efigite
541 5497 682 5543 eam,
713 5477 1291 5560 sicutaccutnulantes.
1326 5477 1419 5560 8.,
1443 5481 1612 5560 tollite
1630 5495 1774 5560 eam,
1807 5480 1948 5559 sicut
1975 5481 2330 5560 mttrsttpitttn.

1318 5550 1396 5618 (ω)
1429 5548 1517 5614 Α.,
1543 5549 1887 5602 visitationis.
1969 5549 2042 5616 (τι)
2077 5548 2160 5610 Α.,
2199 5548 2284 5613 8.,
2319 5551 2552 5618 superbe
2601 5549 2728 5617 egit.
2812 5549 2882 5615 (ι)
2918 5548 3006 5611 Α.,
3064 5548 3230 5600 Deum
3293 5558 3548 5602 sanctum

1323 5619 1373 5688 ὑ)
1573 5617 1990 5696 ‘S.,_superbia.
2069 5625 2151 5696 (cf
2171 5620 2363 5673 Casus.
2403 5689 2412 5696 ν
2441 5618 2516 5687 (d)
2656 5618 3000 5696 'visitationis
3022 5626 3156 5696 tute.
3191 5615 3254 5668 Et
3283 5617 3554 5696 impinget

1081 4854 1154 4922 (0)
1183 4851 1270 4916 A.,
1307 4851 1427 4915 Tli.,
1457 4864 1511 4908 et
1540 4850 2102 4922 quildréuumgehant
2135 4868 2250 4915 eos,
2282 4852 2532 4904 dixerunt
2562 4869 2574 4904 :
2605 4850 2722 4903 Non
2758 4852 3156 4919 delinquemus.
3235 4853 3310 4921 (ρ)
3334 4852 3416 4917 5.,
3446 4855 3543 4906 Ita-

1086 4962 1099 4974 .
1133 4933 1469 4974 cotnmovete
1493 4939 1607 4974 vos.
1683 4924 1752 4974 (rl
1785 4921 1873 4974 Α..
1911 4922 1993 4974 8..
2037 4923 2177 4974 sicut
2208 4922 2464 4974 basilisci.
2501 4921 2620 4974 Tlt..
2650 4921 2790 4973 sicut
2819 4921 2976 4973 litedi.
3055 4924 3120 4974 (sl
3161 4919 3290 4974 Tela
3321 4939 3538 4974 eorttm.

1373 4933 1469 4978 tete
1493 4939 1607 4976 vos.
1683 4924 1752 4991 (r)
1785 4923 1873 4985 A.,
1911 4923 1993 4987 8.,
2037 4923 2177 4976 sicut
2208 4923 2464 4975 basilisci.
2501 4923 2620 4984 Tlt.,
2650 4923 2790 4973 sicut
2819 4923 2976 4973 hzedi.

1373 4992 1449 5061 (α)
1487 4991 1570 5056 8.,
1601 4990 1722 5054 Tlt.,
1759 4993 2046 5060 putlefacta
2071 5003 2174 5056 est,
2204 5009 2325 5059 qua:
2349 4992 2531 5057 genuit
2559 5007 2676 5061 vos.
2715 5058 2732 5061 _
2758 4992 2834 5059 (π)
2868 4989 2950 5051 8.,

1657 5062 2234 5139 (it)_.§l.,_funtlamenta
2260 5061 2398 5139 ejus.
2483 5062 2554 5139 (ir)
2577 5061 2667 5124 Α.,
2703 5061 3038 5139 8.,)’ἰιιιιίειξ

1173 5132 1249 5199 (d)
1300 5131 1385 5186 Α..
1420 5129 1504 5194 8.,
1550 5128 1707 5185 ebrii.
1741 5134 1806 5199 (')
1836 5131 1959 5184 “EBG
1992 5148 2092 5185 vox
2126 5133 2214 5185 hic
2238 5128 2439 5184 omissa
2464 5131 2697 5191 videtur,
2725 5129 2924 5182 habent
2954 5129 3098 5180 enitn
3129 5128 3299 5183 Hebr.
3325 5138 3380 5182 et
3410 5147 3541 5186 Lxx.

1203 5201 1270 5270 (Γ)
1312 5202 1580 5254 Comedit.
1675 5201 1747 5270 (g)
1773 5201 1863 5262 Α.,
1897 5199 1980 5263 8.,
2017 5203 2199 5254 visite.
2283 5203 2359 5270 (It)
2389 5201 2478 5264 Α.,
2505 5199 2586 5262 8.,
2621 5200 2854 5270 visitavi.
2898 5199 2996 5270 7(i)
3025 5197 3113 5260 Α.,
3149 5197 3232 5262 8.,
3266 5211 3541 5270 quaeretur

1696 5218 1747 5270 g)
1773 5218 1863 5262 Α.,
1897 5218 1980 5263 5.,

1796 5271 1857 5339 (ι)
1888 5271 2028 5323 Dicit
2063 5268 2520 5339 Dotninus'supct'
2554 5281 2750 5339 terram
2815 5269 3167 5322 irritantiutn.
3211 5271 3306 5338 (m)
3338 5269 3427 5330 Α.,
3457 5268 3552 5334 8.,,

3055 4924 3120 4985 (sl
3161 4919 3297 4975 Tela
3321 4939 3538 4977 eorum.

2758 4992 2834 5059 (π)
2868 4989 2950 5051 8.,
2980 4990 3268 5044 Ιιανεὶιειιιίι.
3349 4993 3425 5060 (y;
3447 4993 3548 5055 A.,

2483 5062 2554 5128 (b)
2577 5059 2667 5124 Α.,
2703 5058 2783 5121 8.,
2815 5060 3109 5112 vindictam
3143 5059 3340 5114 sumite
3363 5058 3430 5114 de
3453 5079 3548 5116 ea.

2017 5203 2199 5254 visite.
2283 5203 2359 5265 (It)
2389 5201 2478 5264 Α.,
2505 5199 2586 5262 8.,
2621 5200 2854 5253 visitavi.
2933 5199 2996 5265 (ἱ)
3025 5197 3113 5260 Α.,
3149 5197 3232 5262 5.,

2283 5203 2359 5270 (It)
2389 5201 2478 5264 Α.,
2505 5199 2586 5262 8.,
2621 5200 2854 5270 visitavi.
2898 5199 2996 5270 7(1')
3025 5199 3113 5260 Α.,
3149 5199 3232 5262 5.,
3266 5211 3554 5270 quaeretur

2329 5340 2402 5410 (p)
2431 5336 2522 5403 Α.,
2579 5336 2661 5401 8.,
2701 5338 2824 5396 ΊἸι..
2857 5347 2910 5391 ιιι
2944 5348 3124 5392 autem
3175 5336 3296 5392 non
3314 5340 3544 5393 novisti.

2329 5412 2516 5463 itione.
2555 5408 2641 5473 8.,
2672 5409 2869 5462 intrate
2897 5423 3037 5471 eam,
3064 5423 3276 5478 omnes.
3357 5407 3544 5478 (0A.,

2407 5480 2484 5548 (ιι)
2512 5477 2576 5533 Α.
2598 5450 2852 5542 ,’vastate
2879 5448 3094 5548 omnem
3125 5448 3376 5531 fructum\
3399 5450 3548 5543 ejus:

1969 5549 2042 5616 (τι)
2077 5546 2170 5610 Α.,
2199 5547 2284 5613 8.,
2319 5546 2576 5618 superbe
2601 5549 2728 5617 egit.
2812 5549 2882 5615 (ι)
2918 5547 3006 5611 Α.,
3064 5546 3230 5618 Deum
3288 5558 3548 5618 sanctum

2552 5688 2625 5756 (θ)
2650 5685 2735 5753 8.,
2763 5688 3041 5758 puniendo
3073 5687 3251 5758 exiget
3276 5685 3551 5758 judicium
