  <div class='ocr_page' id='page_1' title='image "/cluster/home/n/w/nwhite01/storage/ocr_20150623/16:no.6:pt.2/coo.31924054872951/577.png"; bbox 0 0 4134 6398; ppageno 0'>
   <div class='ocr_carea' id='block_1_1' title="bbox 538 305 697 360">
    <p class='ocr_par' dir='ltr' id='par_1_1' title="bbox 538 305 697 360">
     <span class='ocr_line' id='line_1_1' title="bbox 538 305 697 360; baseline 0 -1"><span class='ocrx_word' id='word_1_1' title='bbox 538 305 697 360; x_wconf 73' lang='grc' dir='ltr'><strong>-258Ἰ</strong></span> 
     </span>
    </p>
   </div>
   <div class='ocr_carea' id='block_1_2' title="bbox 1728 308 2674 366">
    <p class='ocr_par' dir='ltr' id='par_1_2' title="bbox 1728 308 2674 366">
     <span class='ocr_line' id='line_1_2' title="bbox 1728 308 2674 366; baseline 0.002 -3"><span class='ocrx_word' id='word_1_2' title='bbox 1728 310 1954 363; x_wconf 68' lang='grc' dir='ltr'><strong>(ΣΟΠΕΧ</strong></span> <span class='ocrx_word' id='word_1_3' title='bbox 1998 308 2674 366; x_wconf 67' lang='lat' dir='ltr'><strong>SYliO-IIEXAPLARIS.</strong></span> 
     </span>
    </p>
   </div>
   <div class='ocr_carea' id='block_1_3' title="bbox 3663 323 3813 379">
    <p class='ocr_par' dir='ltr' id='par_1_3' title="bbox 3663 323 3813 379">
     <span class='ocr_line' id='line_1_3' title="bbox 3663 323 3813 379; baseline 0.02 -3"><span class='ocrx_word' id='word_1_4' title='bbox 3663 323 3813 379; x_wconf 75' lang='lat'><strong>‘2383</strong></span> 
     </span>
    </p>
   </div>
   <div class='ocr_carea' id='block_1_4' title="bbox 549 420 3818 496">
    <p class='ocr_par' dir='ltr' id='par_1_4' title="bbox 549 420 3818 496">
     <span class='ocr_line' id='line_1_4' title="bbox 549 420 3818 496; baseline 0.004 -20"><span class='ocrx_word' id='word_1_5' title='bbox 549 434 788 476; x_wconf 79' lang='lat' dir='ltr'><strong>terram:</strong></span> <span class='ocrx_word' id='word_1_6' title='bbox 823 420 899 491; x_wconf 81' lang='grc' dir='ltr'>(Ιι)</span> <span class='ocrx_word' id='word_1_7' title='bbox 945 430 996 476; x_wconf 90' lang='lat' dir='ltr'><strong>et</strong></span> <span class='ocrx_word' id='word_1_8' title='bbox 1029 421 1263 476; x_wconf 89' lang='lat' dir='ltr'><strong>irritabit</strong></span> <span class='ocrx_word' id='word_1_9' title='bbox 1317 422 1684 480; x_wconf 90' lang='lat' dir='ltr'><strong>inhabitantes</strong></span> <span class='ocrx_word' id='word_1_10' title='bbox 1749 426 2078 496; x_wconf 81' lang='lat' dir='ltr'><strong>Babylonem</strong></span> <span class='ocrx_word' id='word_1_11' title='bbox 2109 445 2122 482; x_wconf 76' lang='grc' dir='ltr'>ε</span> <span class='ocrx_word' id='word_1_12' title='bbox 2159 430 2201 486; x_wconf 77' lang='grc' dir='ltr'>Α</span> <span class='ocrx_word' id='word_1_13' title='bbox 2233 427 2471 481; x_wconf 79' lang='lat' dir='ltr'><strong>confossi</strong></span> <span class='ocrx_word' id='word_1_14' title='bbox 2496 427 2573 495; x_wconf 83' lang='lat' dir='ltr'><strong>(d)</strong></span> <span class='ocrx_word' id='word_1_15' title='bbox 2601 443 2629 479; x_wconf 92' lang='lat' dir='ltr'><strong>a</strong></span> <span class='ocrx_word' id='word_1_16' title='bbox 2663 426 2797 480; x_wconf 77' lang='lat' dir='ltr'><strong>foris</strong></span> <span class='ocrx_word' id='word_1_17' title='bbox 2819 427 2958 496; x_wconf 87' lang='lat' dir='ltr'><strong>ejus.</strong></span> <span class='ocrx_word' id='word_1_18' title='bbox 2990 428 3042 483; x_wconf 83' lang='lat'><strong>5.</strong></span> <span class='ocrx_word' id='word_1_19' title='bbox 3069 428 3207 494; x_wconf 93' lang='lat' dir='ltr'><strong>Quia</strong></span> <span class='ocrx_word' id='word_1_20' title='bbox 3240 447 3347 484; x_wconf 90' lang='lat' dir='ltr'><strong>non</strong></span> <span class='ocrx_word' id='word_1_21' title='bbox 3381 432 3624 488; x_wconf 80' lang='lat' dir='ltr'><strong>viduavit</strong></span> <span class='ocrx_word' id='word_1_22' title='bbox 3650 434 3818 489; x_wconf 78' lang='lat' dir='ltr'><strong>Israel</strong></span> 
     </span>
    </p>
   </div>
   <div class='ocr_carea' id='block_1_5' title="bbox 550 514 2128 583">
    <p class='ocr_par' dir='ltr' id='par_1_5' title="bbox 550 514 2128 583">
     <span class='ocr_line' id='line_1_5' title="bbox 550 514 2128 583; baseline 0.004 -18"><span class='ocrx_word' id='word_1_23' title='bbox 550 514 638 566; x_wconf 72' lang='lat'><strong>55.</strong></span> <span class='ocrx_word' id='word_1_24' title='bbox 691 514 928 583; x_wconf 77' lang='lat' dir='ltr'><strong>gladium</strong></span> <span class='ocrx_word' id='word_1_25' title='bbox 979 529 1142 583; x_wconf 89' lang='lat' dir='ltr'><strong>super</strong></span> <span class='ocrx_word' id='word_1_26' title='bbox 1183 515 1490 578; x_wconf 77' lang='lat' dir='ltr'><strong>Chabheos,</strong></span> <span class='ocrx_word' id='word_1_27' title='bbox 1543 516 1677 570; x_wconf 89' lang='lat' dir='ltr'><strong>dicit</strong></span> <span class='ocrx_word' id='word_1_28' title='bbox 1723 515 2004 582; x_wconf 76' lang='lat' dir='ltr'><strong>Dominus,</strong></span> <span class='ocrx_word' id='word_1_29' title='bbox 2071 526 2128 572; x_wconf 90' lang='lat' dir='ltr'><strong>et</strong></span> 
     </span>
    </p>
   </div>
   <div class='ocr_carea' id='block_1_6' title="bbox 552 605 2128 680">
    <p class='ocr_par' dir='ltr' id='par_1_6' title="bbox 552 605 2128 680">
     <span class='ocr_line' id='line_1_6' title="bbox 552 605 2128 680; baseline 0.004 -23"><span class='ocrx_word' id='word_1_30' title='bbox 552 620 716 670; x_wconf 89' lang='lat' dir='ltr'><strong>super</strong></span> <span class='ocrx_word' id='word_1_31' title='bbox 748 605 1060 660; x_wconf 91' lang='lat' dir='ltr'><strong>habitantes</strong></span> <span class='ocrx_word' id='word_1_32' title='bbox 1088 606 1140 659; x_wconf 93' lang='lat' dir='ltr'><strong>in</strong></span> <span class='ocrx_word' id='word_1_33' title='bbox 1173 605 1476 677; x_wconf 76' lang='lat' dir='ltr'><strong>Babylone,</strong></span> <span class='ocrx_word' id='word_1_34' title='bbox 1518 618 1573 661; x_wconf 92' lang='lat' dir='ltr'><strong>et</strong></span> <span class='ocrx_word' id='word_1_35' title='bbox 1626 624 1789 677; x_wconf 86' lang='lat' dir='ltr'><strong>super</strong></span> <span class='ocrx_word' id='word_1_36' title='bbox 1846 618 2128 680; x_wconf 85' lang='lat' dir='ltr'><strong>magnates</strong></span> 
     </span>
    </p>
   </div>
   <div class='ocr_carea' id='block_1_7' title="bbox 553 697 2123 770">
    <p class='ocr_par' dir='ltr' id='par_1_7' title="bbox 553 697 2123 770">
     <span class='ocr_line' id='line_1_7' title="bbox 553 697 2123 770; baseline 0.003 -22"><span class='ocrx_word' id='word_1_37' title='bbox 553 697 696 763; x_wconf 89' lang='lat' dir='ltr'><strong>ejus,</strong></span> <span class='ocrx_word' id='word_1_38' title='bbox 729 707 782 750; x_wconf 85' lang='lat' dir='ltr'><strong>et</strong></span> <span class='ocrx_word' id='word_1_39' title='bbox 808 711 972 766; x_wconf 83' lang='lat' dir='ltr'><strong>super</strong></span> <span class='ocrx_word' id='word_1_40' title='bbox 1002 697 1062 764; x_wconf 80' lang='grc' dir='ltr'>(ἰ)</span> <span class='ocrx_word' id='word_1_41' title='bbox 1097 697 1728 767; x_wconf 67' lang='grc' dir='ltr'><strong>ἰιιιυιιίςριιιοερῇιιεεὸϐ.</strong></span> <span class='ocrx_word' id='word_1_42' title='bbox 1750 699 2071 770; x_wconf 56' lang='lat' dir='ltr'><strong>)(glatlium</strong></span> <span class='ocrx_word' id='word_1_43' title='bbox 2101 700 2123 767; x_wconf 72' lang='grc' dir='ltr'>ζ</span> 
     </span>
    </p>
   </div>
   <div class='ocr_carea' id='block_1_8' title="bbox 554 789 2124 860">
    <p class='ocr_par' dir='ltr' id='par_1_8' title="bbox 554 789 2124 860">
     <span class='ocr_line' id='line_1_8' title="bbox 554 789 2124 860; baseline 0.003 -20"><span class='ocrx_word' id='word_1_44' title='bbox 554 789 626 857; x_wconf 82' lang='lat' dir='ltr'><strong>(k)</strong></span> <span class='ocrx_word' id='word_1_45' title='bbox 670 804 834 858; x_wconf 90' lang='lat' dir='ltr'><strong>super</strong></span> <span class='ocrx_word' id='word_1_46' title='bbox 861 799 1010 842; x_wconf 90' lang='lat' dir='ltr'><strong>vates</strong></span> <span class='ocrx_word' id='word_1_47' title='bbox 1059 789 1200 857; x_wconf 88' lang='lat' dir='ltr'><strong>ejus,</strong></span> <span class='ocrx_word' id='word_1_48' title='bbox 1236 799 1290 842; x_wconf 86' lang='lat' dir='ltr'><strong>et</strong></span> <span class='ocrx_word' id='word_1_49' title='bbox 1319 789 1637 844; x_wconf 76' lang='lat' dir='ltr'><strong>aul‘erentur</strong></span> <span class='ocrx_word' id='word_1_50' title='bbox 1672 807 1686 844; x_wconf 90' lang='lat'><strong>:</strong></span> <span class='ocrx_word' id='word_1_51' title='bbox 1725 795 1789 855; x_wconf 72' lang='grc' dir='ltr'><strong>&gt;ε&lt;</strong></span> <span class='ocrx_word' id='word_1_52' title='bbox 1825 791 2063 860; x_wconf 84' lang='lat' dir='ltr'><strong>gladium</strong></span> <span class='ocrx_word' id='word_1_53' title='bbox 2101 791 2124 858; x_wconf 73' lang='grc' dir='ltr'>ζ</span> 
     </span>
    </p>
   </div>
   <div class='ocr_carea' id='block_1_9' title="bbox 556 879 2126 952">
    <p class='ocr_par' dir='ltr' id='par_1_9' title="bbox 556 879 2126 952">
     <span class='ocr_line' id='line_1_9' title="bbox 556 879 2126 952; baseline 0.001 -20"><span class='ocrx_word' id='word_1_54' title='bbox 556 895 720 948; x_wconf 89' lang='lat' dir='ltr'><strong>super</strong></span> <span class='ocrx_word' id='word_1_55' title='bbox 768 890 1096 947; x_wconf 85' lang='lat' dir='ltr'><strong>pugnatores</strong></span> <span class='ocrx_word' id='word_1_56' title='bbox 1146 879 1282 945; x_wconf 87' lang='lat' dir='ltr'><strong>ejus,</strong></span> <span class='ocrx_word' id='word_1_57' title='bbox 1324 890 1376 934; x_wconf 90' lang='lat' dir='ltr'><strong>et</strong></span> <span class='ocrx_word' id='word_1_58' title='bbox 1431 879 1841 936; x_wconf 86' lang='lat' dir='ltr'><strong>dissolvcntur:</strong></span> <span class='ocrx_word' id='word_1_59' title='bbox 1887 883 2126 952; x_wconf 78' lang='lat' dir='ltr'><strong>gladium</strong></span> 
     </span>
    </p>
   </div>
   <div class='ocr_carea' id='block_1_10' title="bbox 556 969 2126 1040">
    <p class='ocr_par' dir='ltr' id='par_1_10' title="bbox 556 969 2126 1040">
     <span class='ocr_line' id='line_1_10' title="bbox 556 969 2126 1040; baseline 0.001 -18"><span class='ocrx_word' id='word_1_60' title='bbox 556 985 719 1038; x_wconf 86' lang='lat' dir='ltr'><strong>super</strong></span> <span class='ocrx_word' id='word_1_61' title='bbox 759 969 820 1038; x_wconf 83' lang='grc' dir='ltr'><strong>(ι)</strong></span> <span class='ocrx_word' id='word_1_62' title='bbox 859 984 1030 1037; x_wconf 88' lang='lat' dir='ltr'><strong>equos</strong></span> <span class='ocrx_word' id='word_1_63' title='bbox 1085 985 1299 1037; x_wconf 90' lang='lat' dir='ltr'><strong>eorum,</strong></span> <span class='ocrx_word' id='word_1_64' title='bbox 1350 982 1405 1026; x_wconf 90' lang='lat' dir='ltr'><strong>et</strong></span> <span class='ocrx_word' id='word_1_65' title='bbox 1451 988 1618 1040; x_wconf 87' lang='lat' dir='ltr'><strong>super</strong></span> <span class='ocrx_word' id='word_1_66' title='bbox 1673 988 1868 1027; x_wconf 85' lang='lat' dir='ltr'><strong>currus</strong></span> <span class='ocrx_word' id='word_1_67' title='bbox 1913 989 2126 1036; x_wconf 90' lang='lat' dir='ltr'><strong>eorum,</strong></span> 
     </span>
    </p>
   </div>
   <div class='ocr_carea' id='block_1_11' title="bbox 552 1061 2129 1131">
    <p class='ocr_par' dir='ltr' id='par_1_11' title="bbox 552 1061 2129 1131">
     <span class='ocr_line' id='line_1_11' title="bbox 552 1061 2129 1131; baseline 0.004 -19"><span class='ocrx_word' id='word_1_68' title='bbox 552 1061 640 1112; x_wconf 78' lang='lat'><strong>37.</strong></span> <span class='ocrx_word' id='word_1_69' title='bbox 675 1064 742 1127; x_wconf 55' lang='grc' dir='ltr'><strong>ᾖε(</strong></span> <span class='ocrx_word' id='word_1_70' title='bbox 791 1069 844 1114; x_wconf 86' lang='lat' dir='ltr'><strong>et</strong></span> <span class='ocrx_word' id='word_1_71' title='bbox 891 1076 1058 1129; x_wconf 84' lang='lat' dir='ltr'><strong>super</strong></span> <span class='ocrx_word' id='word_1_72' title='bbox 1103 1079 1320 1118; x_wconf 91' lang='lat' dir='ltr'><strong>omnem</strong></span> <span class='ocrx_word' id='word_1_73' title='bbox 1359 1064 1380 1131; x_wconf 73' lang='grc' dir='ltr'>ζ</span> <span class='ocrx_word' id='word_1_74' title='bbox 1427 1066 1782 1120; x_wconf 81' lang='lat' dir='ltr'><strong>commixtum</strong></span> <span class='ocrx_word' id='word_1_75' title='bbox 1833 1065 1887 1119; x_wconf 90' lang='lat' dir='ltr'><strong>in</strong></span> <span class='ocrx_word' id='word_1_76' title='bbox 1951 1066 2129 1120; x_wconf 81' lang='lat' dir='ltr'><strong>medio</strong></span> 
     </span>
    </p>
   </div>
   <div class='ocr_carea' id='block_1_12' title="bbox 551 1150 2130 1226">
    <p class='ocr_par' dir='ltr' id='par_1_12' title="bbox 551 1150 2130 1226">
     <span class='ocr_line' id='line_1_12' title="bbox 551 1150 2130 1226; baseline 0.005 -23"><span class='ocrx_word' id='word_1_77' title='bbox 551 1150 693 1216; x_wconf 87' lang='lat' dir='ltr'><strong>ejus,</strong></span> <span class='ocrx_word' id='word_1_78' title='bbox 725 1159 778 1204; x_wconf 89' lang='lat' dir='ltr'><strong>et</strong></span> <span class='ocrx_word' id='word_1_79' title='bbox 805 1160 966 1204; x_wconf 87' lang='lat' dir='ltr'><strong>erunt</strong></span> <span class='ocrx_word' id='word_1_80' title='bbox 1012 1153 1157 1206; x_wconf 82' lang='lat' dir='ltr'><strong>sicut</strong></span> <span class='ocrx_word' id='word_1_81' title='bbox 1190 1154 1482 1209; x_wconf 89' lang='lat' dir='ltr'><strong>mulieres:</strong></span> <span class='ocrx_word' id='word_1_82' title='bbox 1517 1156 1757 1224; x_wconf 80' lang='lat' dir='ltr'><strong>gladium</strong></span> <span class='ocrx_word' id='word_1_83' title='bbox 1805 1172 1971 1226; x_wconf 87' lang='lat' dir='ltr'><strong>super</strong></span> <span class='ocrx_word' id='word_1_84' title='bbox 2007 1158 2130 1211; x_wconf 85' lang='lat' dir='ltr'><strong>the-</strong></span> 
     </span>
    </p>
   </div>
   <div class='ocr_carea' id='block_1_13' title="bbox 552 1243 2128 1318">
    <p class='ocr_par' dir='ltr' id='par_1_13' title="bbox 552 1243 2128 1318">
     <span class='ocr_line' id='line_1_13' title="bbox 552 1243 2128 1318; baseline 0.005 -22"><span class='ocrx_word' id='word_1_85' title='bbox 552 1257 744 1296; x_wconf 89' lang='lat' dir='ltr'><strong>sauros</strong></span> <span class='ocrx_word' id='word_1_86' title='bbox 773 1243 914 1312; x_wconf 92' lang='lat' dir='ltr'><strong>ejus,</strong></span> <span class='ocrx_word' id='word_1_87' title='bbox 929 1253 982 1297; x_wconf 88' lang='lat' dir='ltr'><strong>et</strong></span> <span class='ocrx_word' id='word_1_88' title='bbox 1000 1244 1325 1314; x_wconf 89' lang='lat' dir='ltr'><strong>diripientur</strong></span> <span class='ocrx_word' id='word_1_89' title='bbox 1347 1267 1357 1300; x_wconf 90' lang='lat'>:</span> <span class='ocrx_word' id='word_1_90' title='bbox 1379 1247 1468 1300; x_wconf 76' lang='lat'><strong>58.</strong></span> <span class='ocrx_word' id='word_1_91' title='bbox 1489 1247 1727 1317; x_wconf 77' lang='lat' dir='ltr'><strong>gladium</strong></span> <span class='ocrx_word' id='word_1_92' title='bbox 1747 1263 1910 1318; x_wconf 90' lang='lat' dir='ltr'><strong>super</strong></span> <span class='ocrx_word' id='word_1_93' title='bbox 1927 1265 2128 1318; x_wconf 88' lang='lat' dir='ltr'><strong>aquam</strong></span> 
     </span>
    </p>
   </div>
   <div class='ocr_carea' id='block_1_14' title="bbox 561 1334 2130 1410">
    <p class='ocr_par' dir='ltr' id='par_1_14' title="bbox 561 1334 2130 1410">
     <span class='ocr_line' id='line_1_14' title="bbox 561 1334 2130 1410; baseline 0.006 -24"><span class='ocrx_word' id='word_1_94' title='bbox 561 1334 681 1400; x_wconf 87' lang='lat' dir='ltr'><strong>ejus</strong></span> <span class='ocrx_word' id='word_1_95' title='bbox 702 1335 824 1403; x_wconf 83' lang='lat' dir='ltr'><strong>(ut),</strong></span> <span class='ocrx_word' id='word_1_96' title='bbox 851 1345 903 1389; x_wconf 89' lang='lat' dir='ltr'><strong>et</strong></span> <span class='ocrx_word' id='word_1_97' title='bbox 921 1337 1401 1407; x_wconf 89' lang='lat' dir='ltr'><strong>erubescent,quia</strong></span> <span class='ocrx_word' id='word_1_98' title='bbox 1423 1347 1565 1392; x_wconf 91' lang='lat' dir='ltr'><strong>terra</strong></span> <span class='ocrx_word' id='word_1_99' title='bbox 1587 1339 1919 1410; x_wconf 88' lang='lat' dir='ltr'><strong>sculptilium</strong></span> <span class='ocrx_word' id='word_1_100' title='bbox 1948 1351 2053 1406; x_wconf 88' lang='lat' dir='ltr'><strong>est,</strong></span> <span class='ocrx_word' id='word_1_101' title='bbox 2076 1351 2130 1396; x_wconf 89' lang='lat' dir='ltr'><strong>et</strong></span> 
     </span>
    </p>
   </div>
   <div class='ocr_carea' id='block_1_15' title="bbox 553 1425 2130 1502">
    <p class='ocr_par' dir='ltr' id='par_1_15' title="bbox 553 1425 2130 1502">
     <span class='ocr_line' id='line_1_15' title="bbox 553 1425 2130 1502; baseline 0.006 -26"><span class='ocrx_word' id='word_1_102' title='bbox 553 1426 632 1494; x_wconf 78' lang='lat' dir='ltr'><strong>(tt)</strong></span> <span class='ocrx_word' id='word_1_103' title='bbox 674 1425 725 1479; x_wconf 92' lang='lat' dir='ltr'><strong>in</strong></span> <span class='ocrx_word' id='word_1_104' title='bbox 769 1426 964 1482; x_wconf 82' lang='lat' dir='ltr'><strong>insulis</strong></span> <span class='ocrx_word' id='word_1_105' title='bbox 994 1442 1055 1483; x_wconf 74' lang='grc' dir='ltr'><strong>οε-</strong></span> <span class='ocrx_word' id='word_1_106' title='bbox 1094 1444 1201 1482; x_wconf 90' lang='lat' dir='ltr'><strong>non</strong></span> <span class='ocrx_word' id='word_1_107' title='bbox 1235 1430 1257 1498; x_wconf 73' lang='grc' dir='ltr'>ζ</span> <span class='ocrx_word' id='word_1_108' title='bbox 1313 1430 1710 1500; x_wconf 80' lang='lat' dir='ltr'><strong>gloriabantur.</strong></span> <span class='ocrx_word' id='word_1_109' title='bbox 1759 1431 1846 1486; x_wconf 78' lang='lat'><strong>39.</strong></span> <span class='ocrx_word' id='word_1_110' title='bbox 1899 1431 2130 1502; x_wconf 87' lang='lat' dir='ltr'><strong>Propter</strong></span> 
     </span>
    </p>
   </div>
   <div class='ocr_carea' id='block_1_16' title="bbox 553 1515 2130 1589">
    <p class='ocr_par' dir='ltr' id='par_1_16' title="bbox 553 1515 2130 1589">
     <span class='ocr_line' id='line_1_16' title="bbox 553 1515 2130 1589; baseline 0.007 -22"><span class='ocrx_word' id='word_1_111' title='bbox 553 1516 660 1570; x_wconf 87' lang='lat' dir='ltr'><strong>hoc</strong></span> <span class='ocrx_word' id='word_1_112' title='bbox 685 1515 1005 1572; x_wconf 90' lang='lat' dir='ltr'><strong>habitabuut</strong></span> <span class='ocrx_word' id='word_1_113' title='bbox 1032 1518 1106 1589; x_wconf 89' lang='grc' dir='ltr'>(ο)</span> <span class='ocrx_word' id='word_1_114' title='bbox 1143 1529 1354 1589; x_wconf 89' lang='lat' dir='ltr'><strong>spectra</strong></span> <span class='ocrx_word' id='word_1_115' title='bbox 1386 1521 1439 1574; x_wconf 94' lang='lat' dir='ltr'><strong>iu</strong></span> <span class='ocrx_word' id='word_1_116' title='bbox 1474 1523 1704 1577; x_wconf 88' lang='lat' dir='ltr'><strong>insulis:</strong></span> <span class='ocrx_word' id='word_1_117' title='bbox 1736 1523 2130 1578; x_wconf 88' lang='lat' dir='ltr'><strong>ethabitabunt</strong></span> 
     </span>
    </p>
   </div>
   <div class='ocr_carea' id='block_1_17' title="bbox 551 1610 2126 1681">
    <p class='ocr_par' dir='ltr' id='par_1_17' title="bbox 551 1610 2126 1681">
     <span class='ocr_line' id='line_1_17' title="bbox 551 1610 2126 1681; baseline 0.003 -20"><span class='ocrx_word' id='word_1_118' title='bbox 551 1622 714 1674; x_wconf 83' lang='lat' dir='ltr'><strong>super</strong></span> <span class='ocrx_word' id='word_1_119' title='bbox 750 1625 812 1662; x_wconf 89' lang='lat' dir='ltr'><strong>ea</strong></span> <span class='ocrx_word' id='word_1_120' title='bbox 842 1610 962 1664; x_wconf 66' lang='lat' dir='ltr'><strong>tiliae</strong></span> <span class='ocrx_word' id='word_1_121' title='bbox 989 1612 1064 1679; x_wconf 87' lang='lat' dir='ltr'><strong>(p)</strong></span> <span class='ocrx_word' id='word_1_122' title='bbox 1097 1612 1337 1666; x_wconf 83' lang='lat' dir='ltr'><strong>sirenum</strong></span> <span class='ocrx_word' id='word_1_123' title='bbox 1371 1630 1384 1665; x_wconf 90' lang='lat'><strong>:</strong></span> <span class='ocrx_word' id='word_1_124' title='bbox 1444 1625 1514 1654; x_wconf 67' lang='grc' dir='ltr'><strong>νι-</strong></span> <span class='ocrx_word' id='word_1_125' title='bbox 1562 1612 1634 1681; x_wconf 80' lang='lat' dir='ltr'><strong>(q)</strong></span> <span class='ocrx_word' id='word_1_126' title='bbox 1662 1621 1716 1666; x_wconf 89' lang='lat' dir='ltr'><strong>et</strong></span> <span class='ocrx_word' id='word_1_127' title='bbox 1762 1629 1867 1666; x_wconf 90' lang='lat' dir='ltr'><strong>non</strong></span> <span class='ocrx_word' id='word_1_128' title='bbox 1905 1613 1928 1680; x_wconf 73' lang='grc' dir='ltr'>ζ</span> <span class='ocrx_word' id='word_1_129' title='bbox 1957 1613 2126 1667; x_wconf 65' lang='lat' dir='ltr'><strong>{ediﬁ-</strong></span> 
     </span>
    </p>
   </div>
   <div class='ocr_carea' id='block_1_18' title="bbox 550 1700 2122 1770">
    <p class='ocr_par' dir='ltr' id='par_1_18' title="bbox 550 1700 2122 1770">
     <span class='ocr_line' id='line_1_18' title="bbox 550 1700 2122 1770; baseline 0.003 -18"><span class='ocrx_word' id='word_1_130' title='bbox 550 1700 763 1754; x_wconf 88' lang='lat' dir='ltr'><strong>cabitur</strong></span> <span class='ocrx_word' id='word_1_131' title='bbox 784 1703 1020 1770; x_wconf 85' lang='lat' dir='ltr'><strong>amplius</strong></span> <span class='ocrx_word' id='word_1_132' title='bbox 1054 1703 1108 1757; x_wconf 91' lang='lat' dir='ltr'><strong>in</strong></span> <span class='ocrx_word' id='word_1_133' title='bbox 1140 1703 1446 1766; x_wconf 84' lang='lat' dir='ltr'><strong>victoriam,</strong></span> <span class='ocrx_word' id='word_1_134' title='bbox 1481 1711 1535 1756; x_wconf 86' lang='lat' dir='ltr'><strong>et</strong></span> <span class='ocrx_word' id='word_1_135' title='bbox 1563 1718 1670 1756; x_wconf 92' lang='lat' dir='ltr'><strong>non</strong></span> <span class='ocrx_word' id='word_1_136' title='bbox 1703 1705 2040 1759; x_wconf 90' lang='lat' dir='ltr'><strong>habitabitur</strong></span> <span class='ocrx_word' id='word_1_137' title='bbox 2070 1706 2122 1757; x_wconf 93' lang='lat' dir='ltr'><strong>in</strong></span> 
     </span>
    </p>
   </div>
   <div class='ocr_carea' id='block_1_19' title="bbox 2231 517 3819 596">
    <p class='ocr_par' dir='ltr' id='par_1_19' title="bbox 2231 517 3819 596">
     <span class='ocr_line' id='line_1_19' title="bbox 2231 517 3819 596; baseline 0.006 -25"><span class='ocrx_word' id='word_1_138' title='bbox 2231 527 2284 572; x_wconf 92' lang='lat' dir='ltr'><strong>et</strong></span> <span class='ocrx_word' id='word_1_139' title='bbox 2312 517 2448 571; x_wconf 75' lang='lat' dir='ltr'><strong>Jutla</strong></span> <span class='ocrx_word' id='word_1_140' title='bbox 2478 533 2508 569; x_wconf 92' lang='lat' dir='ltr'><strong>a</strong></span> <span class='ocrx_word' id='word_1_141' title='bbox 2545 518 2653 571; x_wconf 90' lang='lat' dir='ltr'><strong>Deo</strong></span> <span class='ocrx_word' id='word_1_142' title='bbox 2691 534 2812 582; x_wconf 91' lang='lat' dir='ltr'><strong>suo,</strong></span> <span class='ocrx_word' id='word_1_143' title='bbox 2851 535 2880 572; x_wconf 90' lang='lat' dir='ltr'><strong>a</strong></span> <span class='ocrx_word' id='word_1_144' title='bbox 2916 519 3146 574; x_wconf 87' lang='lat' dir='ltr'><strong>Domino</strong></span> <span class='ocrx_word' id='word_1_145' title='bbox 3173 523 3242 590; x_wconf 90' lang='lat' dir='ltr'><strong>(e)</strong></span> <span class='ocrx_word' id='word_1_146' title='bbox 3273 525 3819 596; x_wconf 89' lang='lat' dir='ltr'><strong>omnipotente,quia</strong></span> 
     </span>
    </p>
   </div>
   <div class='ocr_carea' id='block_1_20' title="bbox 2235 611 3818 680">
    <p class='ocr_par' dir='ltr' id='par_1_20' title="bbox 2235 611 3818 680">
     <span class='ocr_line' id='line_1_20' title="bbox 2235 611 3818 680; baseline 0.008 -20"><span class='ocrx_word' id='word_1_147' title='bbox 2235 616 2376 662; x_wconf 80' lang='lat' dir='ltr'><strong>terra</strong></span> <span class='ocrx_word' id='word_1_148' title='bbox 2409 625 2596 663; x_wconf 89' lang='lat' dir='ltr'><strong>eorum</strong></span> <span class='ocrx_word' id='word_1_149' title='bbox 2631 611 2847 679; x_wconf 87' lang='lat' dir='ltr'><strong>impleta</strong></span> <span class='ocrx_word' id='word_1_150' title='bbox 2877 621 2961 665; x_wconf 88' lang='lat' dir='ltr'><strong>est</strong></span> <span class='ocrx_word' id='word_1_151' title='bbox 2981 613 3265 680; x_wconf 78' lang='lat' dir='ltr'><strong>iniquitate</strong></span> <span class='ocrx_word' id='word_1_152' title='bbox 3285 632 3310 666; x_wconf 89' lang='lat' dir='ltr'><strong>a</strong></span> <span class='ocrx_word' id='word_1_153' title='bbox 3333 618 3539 671; x_wconf 81' lang='lat' dir='ltr'><strong>sanctis</strong></span> <span class='ocrx_word' id='word_1_154' title='bbox 3569 617 3818 672; x_wconf 88' lang='lat' dir='ltr'><strong>lsraelis.</strong></span> 
     </span>
    </p>
   </div>
   <div class='ocr_carea' id='block_1_21' title="bbox 2230 699 3822 778">
    <p class='ocr_par' dir='ltr' id='par_1_21' title="bbox 2230 699 3822 778">
     <span class='ocr_line' id='line_1_21' title="bbox 2230 699 3822 778; baseline 0.006 -24"><span class='ocrx_word' id='word_1_155' title='bbox 2230 699 2283 754; x_wconf 84' lang='lat' dir='ltr'><strong>(i.</strong></span> <span class='ocrx_word' id='word_1_156' title='bbox 2319 700 2508 770; x_wconf 85' lang='lat' dir='ltr'><strong>Fugite</strong></span> <span class='ocrx_word' id='word_1_157' title='bbox 2536 703 2758 756; x_wconf 86' lang='lat' dir='ltr'><strong>emedio</strong></span> <span class='ocrx_word' id='word_1_158' title='bbox 2776 701 3090 772; x_wconf 80' lang='lat' dir='ltr'><strong>Babylonis,</strong></span> <span class='ocrx_word' id='word_1_159' title='bbox 3121 714 3173 758; x_wconf 92' lang='lat' dir='ltr'><strong>et</strong></span> <span class='ocrx_word' id='word_1_160' title='bbox 3202 706 3409 760; x_wconf 87' lang='lat' dir='ltr'><strong>salvate</strong></span> <span class='ocrx_word' id='word_1_161' title='bbox 3432 711 3822 778; x_wconf 83' lang='lat' dir='ltr'><strong>unusquisque</strong></span> 
     </span>
    </p>
   </div>
   <div class='ocr_carea' id='block_1_22' title="bbox 2231 791 3818 867">
    <p class='ocr_par' dir='ltr' id='par_1_22' title="bbox 2231 791 3818 867">
     <span class='ocr_line' id='line_1_22' title="bbox 2231 791 3818 867; baseline 0.007 -26"><span class='ocrx_word' id='word_1_162' title='bbox 2231 791 2468 842; x_wconf 88' lang='lat' dir='ltr'><strong>animatn</strong></span> <span class='ocrx_word' id='word_1_163' title='bbox 2519 805 2672 844; x_wconf 88' lang='lat' dir='ltr'><strong>suam</strong></span> <span class='ocrx_word' id='word_1_164' title='bbox 2697 830 2712 854; x_wconf 93' lang='lat'><strong>,</strong></span> <span class='ocrx_word' id='word_1_165' title='bbox 2765 801 2819 844; x_wconf 92' lang='lat' dir='ltr'><strong>et</strong></span> <span class='ocrx_word' id='word_1_166' title='bbox 2853 807 2920 845; x_wconf 91' lang='lat' dir='ltr'><strong>ne</strong></span> <span class='ocrx_word' id='word_1_167' title='bbox 2951 793 3019 861; x_wconf 78' lang='grc' dir='ltr'>(Ῑ)</span> <span class='ocrx_word' id='word_1_168' title='bbox 3053 793 3418 862; x_wconf 89' lang='lat' dir='ltr'><strong>projiciamini</strong></span> <span class='ocrx_word' id='word_1_169' title='bbox 3458 797 3510 850; x_wconf 93' lang='lat' dir='ltr'><strong>in</strong></span> <span class='ocrx_word' id='word_1_170' title='bbox 3545 798 3818 867; x_wconf 88' lang='lat' dir='ltr'><strong>injttstitia</strong></span> 
     </span>
    </p>
   </div>
   <div class='ocr_carea' id='block_1_23' title="bbox 2229 882 3826 955">
    <p class='ocr_par' dir='ltr' id='par_1_23' title="bbox 2229 882 3826 955">
     <span class='ocr_line' id='line_1_23' title="bbox 2229 882 3826 955; baseline 0.006 -20"><span class='ocrx_word' id='word_1_171' title='bbox 2229 883 2381 949; x_wconf 86' lang='lat' dir='ltr'><strong>ejus;</strong></span> <span class='ocrx_word' id='word_1_172' title='bbox 2412 882 2540 952; x_wconf 91' lang='lat' dir='ltr'><strong>quia</strong></span> <span class='ocrx_word' id='word_1_173' title='bbox 2571 893 2782 952; x_wconf 88' lang='lat' dir='ltr'><strong>tempus</strong></span> <span class='ocrx_word' id='word_1_174' title='bbox 2822 885 3050 940; x_wconf 88' lang='lat' dir='ltr'><strong>ultionis</strong></span> <span class='ocrx_word' id='word_1_175' title='bbox 3081 887 3202 955; x_wconf 90' lang='lat' dir='ltr'><strong>ejus</strong></span> <span class='ocrx_word' id='word_1_176' title='bbox 3230 897 3314 941; x_wconf 80' lang='lat' dir='ltr'><strong>est</strong></span> <span class='ocrx_word' id='word_1_177' title='bbox 3334 904 3362 940; x_wconf 89' lang='lat' dir='ltr'><strong>a</strong></span> <span class='ocrx_word' id='word_1_178' title='bbox 3404 889 3634 944; x_wconf 88' lang='lat' dir='ltr'><strong>Domino</strong></span> <span class='ocrx_word' id='word_1_179' title='bbox 3660 931 3674 955; x_wconf 96' lang='lat'><strong>,</strong></span> <span class='ocrx_word' id='word_1_180' title='bbox 3739 906 3826 944; x_wconf 83' lang='lat' dir='ltr'><strong>re-</strong></span> 
     </span>
    </p>
   </div>
   <div class='ocr_carea' id='block_1_24' title="bbox 2231 973 3817 1041">
    <p class='ocr_par' dir='ltr' id='par_1_24' title="bbox 2231 973 3817 1041">
     <span class='ocr_line' id='line_1_24' title="bbox 2231 973 3817 1041; baseline 0.006 -16"><span class='ocrx_word' id='word_1_181' title='bbox 2231 973 2579 1026; x_wconf 86' lang='lat' dir='ltr'><strong>tributionem</strong></span> <span class='ocrx_word' id='word_1_182' title='bbox 2611 973 2726 1041; x_wconf 89' lang='lat' dir='ltr'><strong>ipse</strong></span> <span class='ocrx_word' id='word_1_183' title='bbox 2757 976 3018 1029; x_wconf 88' lang='lat' dir='ltr'><strong>retribuet</strong></span> <span class='ocrx_word' id='word_1_184' title='bbox 3043 978 3114 1032; x_wconf 92' lang='lat' dir='ltr'><strong>ei.</strong></span> <span class='ocrx_word' id='word_1_185' title='bbox 3151 978 3207 1032; x_wconf 87' lang='lat'><strong>7.</strong></span> <span class='ocrx_word' id='word_1_186' title='bbox 3232 978 3382 1032; x_wconf 79' lang='lat' dir='ltr'><strong>Calix</strong></span> <span class='ocrx_word' id='word_1_187' title='bbox 3415 981 3532 1033; x_wconf 88' lang='lat' dir='ltr'><strong>auri</strong></span> <span class='ocrx_word' id='word_1_188' title='bbox 3565 980 3729 1034; x_wconf 90' lang='lat' dir='ltr'><strong>Babcl</strong></span> <span class='ocrx_word' id='word_1_189' title='bbox 3760 981 3817 1034; x_wconf 92' lang='lat' dir='ltr'><strong>in</strong></span> 
     </span>
    </p>
   </div>
   <div class='ocr_carea' id='block_1_25' title="bbox 2233 1064 3820 1129">
    <p class='ocr_par' dir='ltr' id='par_1_25' title="bbox 2233 1064 3820 1129">
     <span class='ocr_line' id='line_1_25' title="bbox 2233 1064 3820 1129; baseline 0.005 -11"><span class='ocrx_word' id='word_1_190' title='bbox 2233 1081 2395 1118; x_wconf 87' lang='lat' dir='ltr'><strong>manu</strong></span> <span class='ocrx_word' id='word_1_191' title='bbox 2427 1064 2681 1129; x_wconf 90' lang='lat' dir='ltr'><strong>Domini,</strong></span> <span class='ocrx_word' id='word_1_192' title='bbox 2745 1065 3024 1123; x_wconf 85' lang='lat' dir='ltr'><strong>inebrians</strong></span> <span class='ocrx_word' id='word_1_193' title='bbox 3052 1084 3267 1122; x_wconf 88' lang='lat' dir='ltr'><strong>onmem</strong></span> <span class='ocrx_word' id='word_1_194' title='bbox 3304 1081 3500 1124; x_wconf 89' lang='lat' dir='ltr'><strong>terram</strong></span> <span class='ocrx_word' id='word_1_195' title='bbox 3530 1091 3542 1125; x_wconf 91' lang='lat'><strong>:</strong></span> <span class='ocrx_word' id='word_1_196' title='bbox 3580 1072 3646 1126; x_wconf 88' lang='lat' dir='ltr'><strong>de</strong></span> <span class='ocrx_word' id='word_1_197' title='bbox 3684 1073 3820 1126; x_wconf 89' lang='lat' dir='ltr'><strong>vino</strong></span> 
     </span>
    </p>
   </div>
   <div class='ocr_carea' id='block_1_26' title="bbox 2229 1157 3816 1233">
    <p class='ocr_par' dir='ltr' id='par_1_26' title="bbox 2229 1157 3816 1233">
     <span class='ocr_line' id='line_1_26' title="bbox 2229 1157 3816 1233; baseline 0.006 -25"><span class='ocrx_word' id='word_1_198' title='bbox 2229 1157 2347 1223; x_wconf 86' lang='lat' dir='ltr'><strong>ejus</strong></span> <span class='ocrx_word' id='word_1_199' title='bbox 2380 1157 2632 1210; x_wconf 90' lang='lat' dir='ltr'><strong>biberunt</strong></span> <span class='ocrx_word' id='word_1_200' title='bbox 2659 1167 2844 1227; x_wconf 81' lang='lat' dir='ltr'><strong>gentes</strong></span> <span class='ocrx_word' id='word_1_201' title='bbox 2865 1199 2880 1223; x_wconf 94' lang='lat'><strong>,</strong></span> <span class='ocrx_word' id='word_1_202' title='bbox 2920 1169 3140 1228; x_wconf 90' lang='lat' dir='ltr'><strong>propter</strong></span> <span class='ocrx_word' id='word_1_203' title='bbox 3179 1162 3282 1215; x_wconf 92' lang='lat' dir='ltr'><strong>hoc</strong></span> <span class='ocrx_word' id='word_1_204' title='bbox 3325 1161 3646 1216; x_wconf 86' lang='lat' dir='ltr'><strong>vacillarunt</strong></span> <span class='ocrx_word' id='word_1_205' title='bbox 3678 1179 3816 1233; x_wconf 82' lang='lat' dir='ltr'><strong>gen-</strong></span> 
     </span>
    </p>
   </div>
   <div class='ocr_carea' id='block_1_27' title="bbox 2231 1247 3813 1318">
    <p class='ocr_par' dir='ltr' id='par_1_27' title="bbox 2231 1247 3813 1318">
     <span class='ocr_line' id='line_1_27' title="bbox 2231 1247 3813 1318; baseline 0.004 -16"><span class='ocrx_word' id='word_1_206' title='bbox 2231 1257 2330 1302; x_wconf 90' lang='lat' dir='ltr'><strong>tes.</strong></span> <span class='ocrx_word' id='word_1_207' title='bbox 2365 1247 2418 1302; x_wconf 91' lang='lat'><strong>8.</strong></span> <span class='ocrx_word' id='word_1_208' title='bbox 2454 1247 2516 1301; x_wconf 85' lang='lat' dir='ltr'><strong>Et</strong></span> <span class='ocrx_word' id='word_1_209' title='bbox 2574 1249 2754 1302; x_wconf 85' lang='lat' dir='ltr'><strong>subito</strong></span> <span class='ocrx_word' id='word_1_210' title='bbox 2791 1250 2990 1304; x_wconf 89' lang='lat' dir='ltr'><strong>cecidit</strong></span> <span class='ocrx_word' id='word_1_211' title='bbox 3031 1251 3212 1318; x_wconf 84' lang='lat' dir='ltr'><strong>Babel,</strong></span> <span class='ocrx_word' id='word_1_212' title='bbox 3271 1261 3326 1306; x_wconf 90' lang='lat' dir='ltr'><strong>et</strong></span> <span class='ocrx_word' id='word_1_213' title='bbox 3364 1255 3642 1308; x_wconf 80' lang='lat' dir='ltr'><strong>confracta</strong></span> <span class='ocrx_word' id='word_1_214' title='bbox 3689 1263 3813 1308; x_wconf 90' lang='lat' dir='ltr'><strong>est:</strong></span> 
     </span>
    </p>
   </div>
   <div class='ocr_carea' id='block_1_28' title="bbox 2230 1337 3812 1412">
    <p class='ocr_par' dir='ltr' id='par_1_28' title="bbox 2230 1337 3812 1412">
     <span class='ocr_line' id='line_1_28' title="bbox 2230 1337 3812 1412; baseline 0.004 -23"><span class='ocrx_word' id='word_1_215' title='bbox 2230 1341 2305 1406; x_wconf 83' lang='lat' dir='ltr'><strong>(g)</strong></span> <span class='ocrx_word' id='word_1_216' title='bbox 2333 1337 2879 1400; x_wconf 85' lang='lat' dir='ltr'><strong>lamentamiuieam,</strong></span> <span class='ocrx_word' id='word_1_217' title='bbox 2939 1340 3140 1393; x_wconf 88' lang='lat' dir='ltr'><strong>sumite</strong></span> <span class='ocrx_word' id='word_1_218' title='bbox 3192 1341 3432 1394; x_wconf 75' lang='lat' dir='ltr'><strong>resinam</strong></span> <span class='ocrx_word' id='word_1_219' title='bbox 3465 1343 3812 1412; x_wconf 90' lang='lat' dir='ltr'><strong>corruptioni</strong></span> 
     </span>
    </p>
   </div>
   <div class='ocr_carea' id='block_1_29' title="bbox 2229 1426 3818 1502">
    <p class='ocr_par' dir='ltr' id='par_1_29' title="bbox 2229 1426 3818 1502">
     <span class='ocr_line' id='line_1_29' title="bbox 2229 1426 3818 1502; baseline 0.004 -23"><span class='ocrx_word' id='word_1_220' title='bbox 2229 1428 2368 1495; x_wconf 88' lang='lat' dir='ltr'><strong>ejus,</strong></span> <span class='ocrx_word' id='word_1_221' title='bbox 2406 1426 2545 1480; x_wconf 80' lang='lat' dir='ltr'><strong>forte</strong></span> <span class='ocrx_word' id='word_1_222' title='bbox 2575 1428 2884 1482; x_wconf 83' lang='lat' dir='ltr'><strong>sanabitur.</strong></span> <span class='ocrx_word' id='word_1_223' title='bbox 2918 1429 2972 1484; x_wconf 80' lang='lat'><strong>9.</strong></span> <span class='ocrx_word' id='word_1_224' title='bbox 3020 1428 3344 1485; x_wconf 84' lang='lat' dir='ltr'><strong>Sanavimus</strong></span> <span class='ocrx_word' id='word_1_225' title='bbox 3376 1431 3730 1502; x_wconf 87' lang='lat' dir='ltr'><strong>Babylonem,</strong></span> <span class='ocrx_word' id='word_1_226' title='bbox 3761 1443 3818 1486; x_wconf 90' lang='lat' dir='ltr'><strong>et</strong></span> 
     </span>
    </p>
   </div>
   <div class='ocr_carea' id='block_1_30' title="bbox 2231 1519 3899 1598">
    <p class='ocr_par' dir='ltr' id='par_1_30' title="bbox 2231 1519 3899 1598">
     <span class='ocr_line' id='line_1_30' title="bbox 2231 1519 3899 1598; baseline 0.006 -30"><span class='ocrx_word' id='word_1_227' title='bbox 2231 1533 2336 1570; x_wconf 93' lang='lat' dir='ltr'><strong>non</strong></span> <span class='ocrx_word' id='word_1_228' title='bbox 2365 1527 2552 1572; x_wconf 87' lang='lat' dir='ltr'><strong>sanata</strong></span> <span class='ocrx_word' id='word_1_229' title='bbox 2593 1527 2712 1570; x_wconf 78' lang='lat' dir='ltr'><strong>est:</strong></span> <span class='ocrx_word' id='word_1_230' title='bbox 2768 1519 3218 1588; x_wconf 85' lang='lat' dir='ltr'><strong>derelinquamus</strong></span> <span class='ocrx_word' id='word_1_231' title='bbox 3247 1536 3366 1574; x_wconf 92' lang='lat' dir='ltr'><strong>eam</strong></span> <span class='ocrx_word' id='word_1_232' title='bbox 3392 1564 3408 1584; x_wconf 91' lang='lat'><strong>,</strong></span> <span class='ocrx_word' id='word_1_233' title='bbox 3448 1531 3502 1576; x_wconf 90' lang='lat' dir='ltr'><strong>et</strong></span> <span class='ocrx_word' id='word_1_234' title='bbox 3550 1523 3815 1578; x_wconf 86' lang='lat' dir='ltr'><strong>abeamus</strong></span> <span class='ocrx_word' id='word_1_235' title='bbox 3881 1585 3899 1598; x_wconf 40' lang='grc' dir='ltr'>α</span> 
     </span>
    </p>
   </div>
   <div class='ocr_carea' id='block_1_31' title="bbox 2231 1607 3816 1680">
    <p class='ocr_par' dir='ltr' id='par_1_31' title="bbox 2231 1607 3816 1680">
     <span class='ocr_line' id='line_1_31' title="bbox 2231 1607 3816 1680; baseline 0.004 -22"><span class='ocrx_word' id='word_1_236' title='bbox 2231 1607 2608 1675; x_wconf 82' lang='lat' dir='ltr'><strong>unusquisque</strong></span> <span class='ocrx_word' id='word_1_237' title='bbox 2638 1607 2689 1659; x_wconf 92' lang='lat' dir='ltr'><strong>in</strong></span> <span class='ocrx_word' id='word_1_238' title='bbox 2721 1617 2924 1662; x_wconf 88' lang='lat' dir='ltr'><strong>terram</strong></span> <span class='ocrx_word' id='word_1_239' title='bbox 2960 1623 3116 1662; x_wconf 89' lang='lat' dir='ltr'><strong>suam</strong></span> <span class='ocrx_word' id='word_1_240' title='bbox 3145 1625 3160 1674; x_wconf 89' lang='lat'>;</span> <span class='ocrx_word' id='word_1_241' title='bbox 3189 1609 3316 1677; x_wconf 85' lang='lat' dir='ltr'><strong>quia</strong></span> <span class='ocrx_word' id='word_1_242' title='bbox 3349 1609 3816 1680; x_wconf 86' lang='lat' dir='ltr'><strong>appropinquavit</strong></span> 
     </span>
    </p>
   </div>
   <div class='ocr_carea' id='block_1_32' title="bbox 2231 1697 3811 1770">
    <p class='ocr_par' dir='ltr' id='par_1_32' title="bbox 2231 1697 3811 1770">
     <span class='ocr_line' id='line_1_32' title="bbox 2231 1697 3811 1770; baseline 0 -20"><span class='ocrx_word' id='word_1_243' title='bbox 2231 1697 2282 1750; x_wconf 92' lang='lat' dir='ltr'><strong>in</strong></span> <span class='ocrx_word' id='word_1_244' title='bbox 2306 1697 2792 1766; x_wconf 77' lang='lat' dir='ltr'><strong>etelumjudicium</strong></span> <span class='ocrx_word' id='word_1_245' title='bbox 2819 1697 2956 1766; x_wconf 89' lang='lat' dir='ltr'><strong>ejus,</strong></span> <span class='ocrx_word' id='word_1_246' title='bbox 2993 1699 3066 1768; x_wconf 81' lang='lat' dir='ltr'><strong>(h)</strong></span> <span class='ocrx_word' id='word_1_247' title='bbox 3099 1699 3372 1752; x_wconf 88' lang='lat' dir='ltr'><strong>sublatum</strong></span> <span class='ocrx_word' id='word_1_248' title='bbox 3423 1709 3503 1754; x_wconf 87' lang='lat' dir='ltr'><strong>est</strong></span> <span class='ocrx_word' id='word_1_249' title='bbox 3552 1715 3723 1770; x_wconf 89' lang='lat' dir='ltr'><strong>usque</strong></span> <span class='ocrx_word' id='word_1_250' title='bbox 3749 1700 3811 1769; x_wconf 80' lang='lat' dir='ltr'><strong>(il</strong></span> 
     </span>
    </p>
   </div>
   <div class='ocr_carea' id='block_1_33' title="bbox 552 1771 3809 1864">
    <p class='ocr_par' dir='ltr' id='par_1_33' title="bbox 552 1771 3809 1864">
     <span class='ocr_line' id='line_1_33' title="bbox 552 1771 3809 1864; baseline 0.002 -21"><span class='ocrx_word' id='word_1_251' title='bbox 552 1790 832 1844; x_wconf 67' lang='lat' dir='ltr'><strong>saeculum.</strong></span> <span class='ocrx_word' id='word_1_252' title='bbox 857 1792 948 1846; x_wconf 86' lang='grc'><strong>40.</strong></span> <span class='ocrx_word' id='word_1_253' title='bbox 981 1791 1348 1860; x_wconf 78' lang='lat' dir='ltr'><strong>Sicatevertit</strong></span> <span class='ocrx_word' id='word_1_254' title='bbox 1371 1791 1514 1847; x_wconf 89' lang='lat' dir='ltr'><strong>Deus</strong></span> <span class='ocrx_word' id='word_1_255' title='bbox 1534 1796 1601 1860; x_wconf 51' lang='grc' dir='ltr'>Ἀ(</span> <span class='ocrx_word' id='word_1_256' title='bbox 1623 1795 1723 1864; x_wconf 85' lang='grc' dir='ltr'><strong>τὴν</strong></span> <span class='ocrx_word' id='word_1_257' title='bbox 1754 1796 1774 1862; x_wconf 73' lang='grc' dir='ltr'>ζ</span> <span class='ocrx_word' id='word_1_258' title='bbox 1805 1793 2122 1862; x_wconf 88' lang='lat' dir='ltr'><strong>Sodomam,</strong></span> <span class='ocrx_word' id='word_1_259' title='bbox 2159 1771 2199 1825; x_wconf 72' lang='grc' dir='ltr'><strong><em>Β</em></strong></span> <span class='ocrx_word' id='word_1_260' title='bbox 2228 1791 2292 1844; x_wconf 71' lang='lat' dir='ltr'><strong>aal</strong></span> <span class='ocrx_word' id='word_1_261' title='bbox 2325 1799 2492 1844; x_wconf 90' lang='lat' dir='ltr'><strong>astra.</strong></span> <span class='ocrx_word' id='word_1_262' title='bbox 2527 1789 2616 1848; x_wconf 90' lang='grc'><strong>10.</strong></span> <span class='ocrx_word' id='word_1_263' title='bbox 2639 1789 2868 1846; x_wconf 84' lang='lat' dir='ltr'><strong>Protulit</strong></span> <span class='ocrx_word' id='word_1_264' title='bbox 2903 1788 3164 1846; x_wconf 88' lang='lat' dir='ltr'><strong>Dominus</strong></span> <span class='ocrx_word' id='word_1_265' title='bbox 3193 1790 3266 1860; x_wconf 80' lang='grc' dir='ltr'>(Ιί)</span> <span class='ocrx_word' id='word_1_266' title='bbox 3303 1791 3570 1861; x_wconf 88' lang='lat' dir='ltr'><strong>judicium</strong></span> <span class='ocrx_word' id='word_1_267' title='bbox 3602 1807 3763 1846; x_wconf 88' lang='lat' dir='ltr'><strong>suum</strong></span> <span class='ocrx_word' id='word_1_268' title='bbox 3793 1810 3809 1848; x_wconf 91' lang='lat'><strong>:</strong></span> 
     </span>
    </p>
   </div>
   <div class='ocr_carea' id='block_1_34' title="bbox 550 1882 2122 1953">
    <p class='ocr_par' dir='ltr' id='par_1_34' title="bbox 550 1882 2122 1953">
     <span class='ocr_line' id='line_1_34' title="bbox 550 1882 2122 1953; baseline 0.004 -19"><span class='ocrx_word' id='word_1_269' title='bbox 550 1891 606 1934; x_wconf 91' lang='lat' dir='ltr'><strong>et</strong></span> <span class='ocrx_word' id='word_1_270' title='bbox 629 1882 975 1946; x_wconf 88' lang='lat' dir='ltr'><strong>Gomorram,</strong></span> <span class='ocrx_word' id='word_1_271' title='bbox 1012 1893 1065 1939; x_wconf 89' lang='lat' dir='ltr'><strong>et</strong></span> <span class='ocrx_word' id='word_1_272' title='bbox 1096 1885 1306 1940; x_wconf 90' lang='lat' dir='ltr'><strong>vicinas</strong></span> <span class='ocrx_word' id='word_1_273' title='bbox 1335 1885 1489 1953; x_wconf 86' lang='lat' dir='ltr'><strong>ejus,</strong></span> <span class='ocrx_word' id='word_1_274' title='bbox 1523 1885 1656 1939; x_wconf 85' lang='lat' dir='ltr'><strong>dicit</strong></span> <span class='ocrx_word' id='word_1_275' title='bbox 1699 1884 1982 1951; x_wconf 88' lang='lat' dir='ltr'><strong>Dominus,</strong></span> <span class='ocrx_word' id='word_1_276' title='bbox 2013 1903 2122 1940; x_wconf 89' lang='lat' dir='ltr'><strong>non</strong></span> 
     </span>
    </p>
   </div>
   <div class='ocr_carea' id='block_1_35' title="bbox 555 1973 2124 2044">
    <p class='ocr_par' dir='ltr' id='par_1_35' title="bbox 555 1973 2124 2044">
     <span class='ocr_line' id='line_1_35' title="bbox 555 1973 2124 2044; baseline 0.006 -20"><span class='ocrx_word' id='word_1_277' title='bbox 555 1973 820 2027; x_wconf 88' lang='lat' dir='ltr'><strong>habitabit</strong></span> <span class='ocrx_word' id='word_1_278' title='bbox 852 1974 922 2028; x_wconf 90' lang='lat' dir='ltr'><strong>ibi</strong></span> <span class='ocrx_word' id='word_1_279' title='bbox 961 1975 1145 2039; x_wconf 92' lang='lat' dir='ltr'><strong>homo,</strong></span> <span class='ocrx_word' id='word_1_280' title='bbox 1190 1991 1368 2044; x_wconf 83' lang='lat' dir='ltr'><strong>neque</strong></span> <span class='ocrx_word' id='word_1_281' title='bbox 1396 1977 1828 2030; x_wconf 84' lang='lat' dir='ltr'><strong>commOrabitur</strong></span> <span class='ocrx_word' id='word_1_282' title='bbox 1871 1978 1943 2029; x_wconf 90' lang='lat' dir='ltr'><strong>ibi</strong></span> <span class='ocrx_word' id='word_1_283' title='bbox 1981 1979 2124 2033; x_wconf 91' lang='lat' dir='ltr'><strong>lilius</strong></span> 
     </span>
    </p>
   </div>
   <div class='ocr_carea' id='block_1_36' title="bbox 556 2063 2127 2138">
    <p class='ocr_par' dir='ltr' id='par_1_36' title="bbox 556 2063 2127 2138">
     <span class='ocr_line' id='line_1_36' title="bbox 556 2063 2127 2138; baseline 0.006 -22"><span class='ocrx_word' id='word_1_284' title='bbox 556 2063 816 2121; x_wconf 89' lang='lat' dir='ltr'><strong>hominis.</strong></span> <span class='ocrx_word' id='word_1_285' title='bbox 857 2066 946 2120; x_wconf 87' lang='grc'><strong>41.</strong></span> <span class='ocrx_word' id='word_1_286' title='bbox 982 2065 1122 2120; x_wconf 84' lang='lat' dir='ltr'><strong>Ecce</strong></span> <span class='ocrx_word' id='word_1_287' title='bbox 1163 2067 1396 2136; x_wconf 90' lang='lat' dir='ltr'><strong>populus</strong></span> <span class='ocrx_word' id='word_1_288' title='bbox 1431 2068 1581 2120; x_wconf 89' lang='lat' dir='ltr'><strong>venit</strong></span> <span class='ocrx_word' id='word_1_289' title='bbox 1615 2067 1684 2121; x_wconf 90' lang='lat' dir='ltr'><strong>ab</strong></span> <span class='ocrx_word' id='word_1_290' title='bbox 1729 2069 2006 2138; x_wconf 86' lang='lat' dir='ltr'><strong>aquilone,</strong></span> <span class='ocrx_word' id='word_1_291' title='bbox 2073 2079 2127 2124; x_wconf 88' lang='lat' dir='ltr'><strong>et</strong></span> 
     </span>
    </p>
   </div>
   <div class='ocr_carea' id='block_1_37' title="bbox 555 2157 2128 2230">
    <p class='ocr_par' dir='ltr' id='par_1_37' title="bbox 555 2157 2128 2230">
     <span class='ocr_line' id='line_1_37' title="bbox 555 2157 2128 2230; baseline 0.006 -23"><span class='ocrx_word' id='word_1_292' title='bbox 555 2157 788 2224; x_wconf 85' lang='lat' dir='ltr'><strong>populus</strong></span> <span class='ocrx_word' id='word_1_293' title='bbox 836 2172 1088 2228; x_wconf 74' lang='lat' dir='ltr'><strong>magnus,</strong></span> <span class='ocrx_word' id='word_1_294' title='bbox 1118 2166 1171 2212; x_wconf 90' lang='lat' dir='ltr'><strong>et</strong></span> <span class='ocrx_word' id='word_1_295' title='bbox 1226 2174 1379 2230; x_wconf 86' lang='lat' dir='ltr'><strong>reges</strong></span> <span class='ocrx_word' id='word_1_296' title='bbox 1421 2159 1579 2212; x_wconf 91' lang='lat' dir='ltr'><strong>multi</strong></span> <span class='ocrx_word' id='word_1_297' title='bbox 1637 2161 2022 2216; x_wconf 77' lang='lat' dir='ltr'><strong>excitabuntur</strong></span> <span class='ocrx_word' id='word_1_298' title='bbox 2059 2163 2128 2217; x_wconf 89' lang='lat' dir='ltr'><strong>ab</strong></span> 
     </span>
    </p>
   </div>
   <div class='ocr_carea' id='block_1_38' title="bbox 552 2250 2124 2323">
    <p class='ocr_par' dir='ltr' id='par_1_38' title="bbox 552 2250 2124 2323">
     <span class='ocr_line' id='line_1_38' title="bbox 552 2250 2124 2323; baseline 0.006 -24"><span class='ocrx_word' id='word_1_299' title='bbox 552 2255 796 2302; x_wconf 76' lang='lat' dir='ltr'><strong>extremo</strong></span> <span class='ocrx_word' id='word_1_300' title='bbox 837 2257 1014 2314; x_wconf 66' lang='lat' dir='ltr'><strong>terrae,</strong></span> <span class='ocrx_word' id='word_1_301' title='bbox 1050 2250 1140 2305; x_wconf 87' lang='grc'><strong>42.</strong></span> <span class='ocrx_word' id='word_1_302' title='bbox 1184 2265 1365 2313; x_wconf 91' lang='lat' dir='ltr'><strong>arcus,</strong></span> <span class='ocrx_word' id='word_1_303' title='bbox 1417 2263 1471 2306; x_wconf 90' lang='lat' dir='ltr'><strong>et</strong></span> <span class='ocrx_word' id='word_1_304' title='bbox 1533 2251 1601 2322; x_wconf 84' lang='lat' dir='ltr'><strong>(r)</strong></span> <span class='ocrx_word' id='word_1_305' title='bbox 1659 2253 1823 2323; x_wconf 90' lang='lat' dir='ltr'><strong>pugio</strong></span> <span class='ocrx_word' id='word_1_306' title='bbox 1864 2263 1947 2308; x_wconf 91' lang='lat' dir='ltr'><strong>est</strong></span> <span class='ocrx_word' id='word_1_307' title='bbox 2001 2253 2124 2308; x_wconf 91' lang='lat' dir='ltr'><strong>eis:</strong></span> 
     </span>
    </p>
   </div>
   <div class='ocr_carea' id='block_1_39' title="bbox 554 2341 2128 2404">
    <p class='ocr_par' dir='ltr' id='par_1_39' title="bbox 554 2341 2128 2404">
     <span class='ocr_line' id='line_1_39' title="bbox 554 2341 2128 2404; baseline 0.004 -12"><span class='ocrx_word' id='word_1_308' title='bbox 554 2341 724 2394; x_wconf 87' lang='lat' dir='ltr'><strong>durus</strong></span> <span class='ocrx_word' id='word_1_309' title='bbox 749 2351 852 2404; x_wconf 89' lang='lat' dir='ltr'><strong>est,</strong></span> <span class='ocrx_word' id='word_1_310' title='bbox 884 2352 938 2395; x_wconf 88' lang='lat' dir='ltr'><strong>et</strong></span> <span class='ocrx_word' id='word_1_311' title='bbox 974 2355 1082 2396; x_wconf 91' lang='lat' dir='ltr'><strong>non</strong></span> <span class='ocrx_word' id='word_1_312' title='bbox 1112 2343 1458 2399; x_wconf 81' lang='lat' dir='ltr'><strong>miserebitur</strong></span> <span class='ocrx_word' id='word_1_313' title='bbox 1486 2364 1500 2400; x_wconf 92' lang='lat'><strong>:</strong></span> <span class='ocrx_word' id='word_1_314' title='bbox 1530 2360 1631 2399; x_wconf 78' lang='lat' dir='ltr'><strong>vox</strong></span> <span class='ocrx_word' id='word_1_315' title='bbox 1659 2360 1850 2398; x_wconf 89' lang='lat' dir='ltr'><strong>eorum</strong></span> <span class='ocrx_word' id='word_1_316' title='bbox 1889 2354 1947 2398; x_wconf 93' lang='lat' dir='ltr'><strong>ut</strong></span> <span class='ocrx_word' id='word_1_317' title='bbox 1977 2360 2128 2398; x_wconf 91' lang='lat' dir='ltr'><strong>mare</strong></span> 
     </span>
    </p>
   </div>
   <div class='ocr_carea' id='block_1_40' title="bbox 555 2430 2129 2504">
    <p class='ocr_par' dir='ltr' id='par_1_40' title="bbox 555 2430 2129 2504">
     <span class='ocr_line' id='line_1_40' title="bbox 555 2430 2129 2504; baseline 0.005 -23"><span class='ocrx_word' id='word_1_318' title='bbox 555 2430 999 2495; x_wconf 88' lang='lat' dir='ltr'><strong>tumultuabitur,</strong></span> <span class='ocrx_word' id='word_1_319' title='bbox 1024 2449 1190 2502; x_wconf 88' lang='lat' dir='ltr'><strong>super</strong></span> <span class='ocrx_word' id='word_1_320' title='bbox 1214 2435 1372 2504; x_wconf 90' lang='lat' dir='ltr'><strong>equis</strong></span> <span class='ocrx_word' id='word_1_321' title='bbox 1399 2436 1720 2504; x_wconf 89' lang='lat' dir='ltr'><strong>equitabunt</strong></span> <span class='ocrx_word' id='word_1_322' title='bbox 1754 2436 1950 2504; x_wconf 85' lang='lat' dir='ltr'><strong>parati,</strong></span> <span class='ocrx_word' id='word_1_323' title='bbox 1985 2436 2129 2489; x_wconf 88' lang='lat' dir='ltr'><strong>sicut</strong></span> 
     </span>
    </p>
   </div>
   <div class='ocr_carea' id='block_1_41' title="bbox 555 2518 2130 2596">
    <p class='ocr_par' dir='ltr' id='par_1_41' title="bbox 555 2518 2130 2596">
     <span class='ocr_line' id='line_1_41' title="bbox 555 2518 2130 2596; baseline 0.005 -26"><span class='ocrx_word' id='word_1_324' title='bbox 555 2518 717 2587; x_wconf 80' lang='lat' dir='ltr'><strong>ignis,</strong></span> <span class='ocrx_word' id='word_1_325' title='bbox 757 2520 809 2574; x_wconf 92' lang='lat' dir='ltr'><strong>in</strong></span> <span class='ocrx_word' id='word_1_326' title='bbox 843 2521 1066 2584; x_wconf 91' lang='lat' dir='ltr'><strong>bellum,</strong></span> <span class='ocrx_word' id='word_1_327' title='bbox 1101 2523 1167 2576; x_wconf 91' lang='lat' dir='ltr'><strong>ad</strong></span> <span class='ocrx_word' id='word_1_328' title='bbox 1199 2533 1272 2587; x_wconf 89' lang='lat' dir='ltr'><strong>te,</strong></span> <span class='ocrx_word' id='word_1_329' title='bbox 1305 2523 1412 2578; x_wconf 91' lang='lat' dir='ltr'><strong>lilia</strong></span> <span class='ocrx_word' id='word_1_330' title='bbox 1434 2523 1746 2596; x_wconf 88' lang='lat' dir='ltr'><strong>Babylonis.</strong></span> <span class='ocrx_word' id='word_1_331' title='bbox 1772 2525 1862 2578; x_wconf 77' lang='grc'><strong>45.</strong></span> <span class='ocrx_word' id='word_1_332' title='bbox 1906 2525 2130 2578; x_wconf 81' lang='lat' dir='ltr'><strong>Audivit</strong></span> 
     </span>
    </p>
   </div>
   <div class='ocr_carea' id='block_1_42' title="bbox 555 2611 2131 2682">
    <p class='ocr_par' dir='ltr' id='par_1_42' title="bbox 555 2611 2131 2682">
     <span class='ocr_line' id='line_1_42' title="bbox 555 2611 2131 2682; baseline 0.006 -20"><span class='ocrx_word' id='word_1_333' title='bbox 555 2626 647 2663; x_wconf 76' lang='lat' dir='ltr'><strong>rex</strong></span> <span class='ocrx_word' id='word_1_334' title='bbox 662 2611 952 2682; x_wconf 89' lang='lat' dir='ltr'><strong>Babylonis</strong></span> <span class='ocrx_word' id='word_1_335' title='bbox 966 2613 1165 2668; x_wconf 79' lang='lat' dir='ltr'><strong>famam</strong></span> <span class='ocrx_word' id='word_1_336' title='bbox 1187 2630 1399 2680; x_wconf 87' lang='lat' dir='ltr'><strong>eorum,</strong></span> <span class='ocrx_word' id='word_1_337' title='bbox 1416 2627 1470 2670; x_wconf 89' lang='lat' dir='ltr'><strong>et</strong></span> <span class='ocrx_word' id='word_1_338' title='bbox 1491 2617 1774 2670; x_wconf 76' lang='lat' dir='ltr'><strong>dissoluta:</strong></span> <span class='ocrx_word' id='word_1_339' title='bbox 1787 2628 1914 2671; x_wconf 90' lang='lat' dir='ltr'><strong>sunt</strong></span> <span class='ocrx_word' id='word_1_340' title='bbox 1934 2633 2131 2671; x_wconf 89' lang='lat' dir='ltr'><strong>manus</strong></span> 
     </span>
    </p>
   </div>
   <div class='ocr_carea' id='block_1_43' title="bbox 553 2701 2128 2776">
    <p class='ocr_par' dir='ltr' id='par_1_43' title="bbox 553 2701 2128 2776">
     <span class='ocr_line' id='line_1_43' title="bbox 553 2701 2128 2776; baseline 0.003 -22"><span class='ocrx_word' id='word_1_341' title='bbox 553 2701 700 2769; x_wconf 88' lang='lat' dir='ltr'><strong>ejus:</strong></span> <span class='ocrx_word' id='word_1_342' title='bbox 724 2703 1571 2772; x_wconf 81' lang='lat' dir='ltr'><strong>alllictioohtinuiteum,dolores</strong></span> <span class='ocrx_word' id='word_1_343' title='bbox 1584 2707 1725 2761; x_wconf 89' lang='lat' dir='ltr'><strong>sicut</strong></span> <span class='ocrx_word' id='word_1_344' title='bbox 1741 2707 2020 2776; x_wconf 90' lang='lat' dir='ltr'><strong>parientis.</strong></span> <span class='ocrx_word' id='word_1_345' title='bbox 2037 2709 2128 2760; x_wconf 75' lang='grc'><strong>44.</strong></span> 
     </span>
    </p>
   </div>
   <div class='ocr_carea' id='block_1_44' title="bbox 556 2791 2131 2866">
    <p class='ocr_par' dir='ltr' id='par_1_44' title="bbox 556 2791 2131 2866">
     <span class='ocr_line' id='line_1_44' title="bbox 556 2791 2131 2866; baseline 0.004 -21"><span class='ocrx_word' id='word_1_346' title='bbox 556 2791 695 2847; x_wconf 81' lang='lat' dir='ltr'><strong>Ecce</strong></span> <span class='ocrx_word' id='word_1_347' title='bbox 718 2793 860 2848; x_wconf 71' lang='lat' dir='ltr'><strong>Sicut</strong></span> <span class='ocrx_word' id='word_1_348' title='bbox 899 2794 982 2848; x_wconf 90' lang='lat' dir='ltr'><strong>leo</strong></span> <span class='ocrx_word' id='word_1_349' title='bbox 1015 2796 1271 2850; x_wconf 89' lang='lat' dir='ltr'><strong>ascendet</strong></span> <span class='ocrx_word' id='word_1_350' title='bbox 1299 2811 1328 2849; x_wconf 90' lang='lat' dir='ltr'><strong>a</strong></span> <span class='ocrx_word' id='word_1_351' title='bbox 1349 2799 1416 2864; x_wconf 53' lang='grc' dir='ltr'>Ἀ(</span> <span class='ocrx_word' id='word_1_352' title='bbox 1441 2796 1508 2866; x_wconf 90' lang='lat' dir='ltr'><strong>(s)</strong></span> <span class='ocrx_word' id='word_1_353' title='bbox 1537 2795 1802 2865; x_wconf 87' lang='lat' dir='ltr'><strong>jactantia</strong></span> <span class='ocrx_word' id='word_1_354' title='bbox 1829 2795 2131 2863; x_wconf 69' lang='lat' dir='ltr'><strong>:Jordanis</strong></span> 
     </span>
    </p>
   </div>
   <div class='ocr_carea' id='block_1_45' title="bbox 555 2885 2131 2954">
    <p class='ocr_par' dir='ltr' id='par_1_45' title="bbox 555 2885 2131 2954">
     <span class='ocr_line' id='line_1_45' title="bbox 555 2885 2131 2954; baseline 0.003 -19"><span class='ocrx_word' id='word_1_355' title='bbox 555 2885 618 2954; x_wconf 91' lang='lat' dir='ltr'><strong>(t)</strong></span> <span class='ocrx_word' id='word_1_356' title='bbox 643 2885 697 2938; x_wconf 93' lang='lat' dir='ltr'><strong>in</strong></span> <span class='ocrx_word' id='word_1_357' title='bbox 729 2885 906 2939; x_wconf 91' lang='lat' dir='ltr'><strong>locum</strong></span> <span class='ocrx_word' id='word_1_358' title='bbox 932 2885 1183 2953; x_wconf 68' lang='lat' dir='ltr'><strong>1Etham;</strong></span> <span class='ocrx_word' id='word_1_359' title='bbox 1213 2887 1340 2954; x_wconf 91' lang='lat' dir='ltr'><strong>quia</strong></span> <span class='ocrx_word' id='word_1_360' title='bbox 1375 2887 1627 2941; x_wconf 87' lang='lat' dir='ltr'><strong>celeriter</strong></span> <span class='ocrx_word' id='word_1_361' title='bbox 1643 2886 1910 2954; x_wconf 79' lang='lat' dir='ltr'><strong>expellam</strong></span> <span class='ocrx_word' id='word_1_362' title='bbox 1947 2901 2044 2942; x_wconf 88' lang='lat' dir='ltr'><strong>eos</strong></span> <span class='ocrx_word' id='word_1_363' title='bbox 2061 2887 2131 2940; x_wconf 91' lang='lat' dir='ltr'><strong>ab</strong></span> 
     </span>
    </p>
   </div>
   <div class='ocr_carea' id='block_1_46' title="bbox 553 2975 2130 3046">
    <p class='ocr_par' dir='ltr' id='par_1_46' title="bbox 553 2975 2130 3046">
     <span class='ocr_line' id='line_1_46' title="bbox 553 2975 2130 3046; baseline 0 -18"><span class='ocrx_word' id='word_1_364' title='bbox 553 2990 642 3041; x_wconf 91' lang='lat' dir='ltr'><strong>ca,</strong></span> <span class='ocrx_word' id='word_1_365' title='bbox 664 2983 716 3028; x_wconf 91' lang='lat' dir='ltr'><strong>et</strong></span> <span class='ocrx_word' id='word_1_366' title='bbox 743 2990 958 3029; x_wconf 86' lang='lat' dir='ltr'><strong>onmem</strong></span> <span class='ocrx_word' id='word_1_367' title='bbox 982 2975 1236 3044; x_wconf 81' lang='lat' dir='ltr'><strong>juvenem</strong></span> <span class='ocrx_word' id='word_1_368' title='bbox 1260 2991 1423 3046; x_wconf 88' lang='lat' dir='ltr'><strong>super</strong></span> <span class='ocrx_word' id='word_1_369' title='bbox 1451 2991 1571 3030; x_wconf 89' lang='lat' dir='ltr'><strong>eam</strong></span> <span class='ocrx_word' id='word_1_370' title='bbox 1605 2977 1970 3031; x_wconf 88' lang='lat' dir='ltr'><strong>constituam:</strong></span> <span class='ocrx_word' id='word_1_371' title='bbox 2002 2977 2130 3044; x_wconf 92' lang='lat' dir='ltr'><strong>quia</strong></span> 
     </span>
    </p>
   </div>
   <div class='ocr_carea' id='block_1_47' title="bbox 553 3065 2131 3137">
    <p class='ocr_par' dir='ltr' id='par_1_47' title="bbox 553 3065 2131 3137">
     <span class='ocr_line' id='line_1_47' title="bbox 553 3065 2131 3137; baseline 0.002 -21"><span class='ocrx_word' id='word_1_372' title='bbox 553 3066 677 3134; x_wconf 87' lang='lat' dir='ltr'><strong>quis</strong></span> <span class='ocrx_word' id='word_1_373' title='bbox 708 3065 851 3120; x_wconf 88' lang='lat' dir='ltr'><strong>sicut</strong></span> <span class='ocrx_word' id='word_1_374' title='bbox 878 3082 998 3137; x_wconf 84' lang='lat' dir='ltr'><strong>ego,</strong></span> <span class='ocrx_word' id='word_1_375' title='bbox 1017 3077 1070 3122; x_wconf 91' lang='lat' dir='ltr'><strong>et</strong></span> <span class='ocrx_word' id='word_1_376' title='bbox 1093 3069 1214 3137; x_wconf 77' lang='lat' dir='ltr'><strong>quis</strong></span> <span class='ocrx_word' id='word_1_377' title='bbox 1241 3069 1404 3124; x_wconf 85' lang='lat' dir='ltr'><strong>stabit</strong></span> <span class='ocrx_word' id='word_1_378' title='bbox 1425 3079 1616 3123; x_wconf 89' lang='lat' dir='ltr'><strong>contra</strong></span> <span class='ocrx_word' id='word_1_379' title='bbox 1640 3069 1762 3121; x_wconf 83' lang='lat' dir='ltr'><strong>me?</strong></span> <span class='ocrx_word' id='word_1_380' title='bbox 1800 3067 1865 3121; x_wconf 83' lang='lat' dir='ltr'><strong>Et</strong></span> <span class='ocrx_word' id='word_1_381' title='bbox 1881 3067 2005 3136; x_wconf 88' lang='lat' dir='ltr'><strong>quis</strong></span> <span class='ocrx_word' id='word_1_382' title='bbox 2042 3068 2131 3121; x_wconf 92' lang='lat' dir='ltr'><strong>hic</strong></span> 
     </span>
    </p>
   </div>
   <div class='ocr_carea' id='block_1_48' title="bbox 2231 1883 3811 1952">
    <p class='ocr_par' dir='ltr' id='par_1_48' title="bbox 2231 1883 3811 1952">
     <span class='ocr_line' id='line_1_48' title="bbox 2231 1883 3811 1952; baseline 0 -16"><span class='ocrx_word' id='word_1_383' title='bbox 2231 1884 2432 1948; x_wconf 90' lang='lat' dir='ltr'><strong>venite,</strong></span> <span class='ocrx_word' id='word_1_384' title='bbox 2463 1892 2518 1937; x_wconf 92' lang='lat' dir='ltr'><strong>et</strong></span> <span class='ocrx_word' id='word_1_385' title='bbox 2547 1884 2934 1938; x_wconf 89' lang='lat' dir='ltr'><strong>annuntiemus</strong></span> <span class='ocrx_word' id='word_1_386' title='bbox 2969 1883 3020 1936; x_wconf 93' lang='lat' dir='ltr'><strong>in</strong></span> <span class='ocrx_word' id='word_1_387' title='bbox 3060 1883 3226 1938; x_wconf 87' lang='lat' dir='ltr'><strong>Sione</strong></span> <span class='ocrx_word' id='word_1_388' title='bbox 3251 1899 3416 1952; x_wconf 88' lang='lat' dir='ltr'><strong>opera</strong></span> <span class='ocrx_word' id='word_1_389' title='bbox 3451 1884 3660 1937; x_wconf 89' lang='lat' dir='ltr'><strong>Domini</strong></span> <span class='ocrx_word' id='word_1_390' title='bbox 3713 1883 3811 1937; x_wconf 86' lang='lat' dir='ltr'><strong>Dei</strong></span> 
     </span>
    </p>
   </div>
   <div class='ocr_carea' id='block_1_49' title="bbox 2229 1971 3812 2042">
    <p class='ocr_par' dir='ltr' id='par_1_49' title="bbox 2229 1971 3812 2042">
     <span class='ocr_line' id='line_1_49' title="bbox 2229 1971 3812 2042; baseline -0.001 -16"><span class='ocrx_word' id='word_1_391' title='bbox 2229 1973 2422 2027; x_wconf 90' lang='lat' dir='ltr'><strong>nostri.</strong></span> <span class='ocrx_word' id='word_1_392' title='bbox 2463 1972 2550 2028; x_wconf 90' lang='grc'><strong>11.</strong></span> <span class='ocrx_word' id='word_1_393' title='bbox 2594 1972 2902 2042; x_wconf 73' lang='lat' dir='ltr'><strong>Praaparate</strong></span> <span class='ocrx_word' id='word_1_394' title='bbox 2932 1973 3059 2034; x_wconf 89' lang='lat' dir='ltr'><strong>tela,</strong></span> <span class='ocrx_word' id='word_1_395' title='bbox 3087 1971 3304 2040; x_wconf 89' lang='lat' dir='ltr'><strong>implete</strong></span> <span class='ocrx_word' id='word_1_396' title='bbox 3331 1972 3615 2040; x_wconf 87' lang='lat' dir='ltr'><strong>pharetras</strong></span> <span class='ocrx_word' id='word_1_397' title='bbox 3649 1990 3661 2024; x_wconf 87' lang='lat'><strong>:</strong></span> <span class='ocrx_word' id='word_1_398' title='bbox 3713 1987 3812 2025; x_wconf 74' lang='lat' dir='ltr'><strong>ex-</strong></span> 
     </span>
    </p>
   </div>
   <div class='ocr_carea' id='block_1_50' title="bbox 2228 2063 3811 2135">
    <p class='ocr_par' dir='ltr' id='par_1_50' title="bbox 2228 2063 3811 2135">
     <span class='ocr_line' id='line_1_50' title="bbox 2228 2063 3811 2135; baseline -0.001 -17"><span class='ocrx_word' id='word_1_399' title='bbox 2228 2065 2412 2121; x_wconf 92' lang='lat' dir='ltr'><strong>citavit</strong></span> <span class='ocrx_word' id='word_1_400' title='bbox 2443 2065 2712 2121; x_wconf 89' lang='lat' dir='ltr'><strong>Dominus</strong></span> <span class='ocrx_word' id='word_1_401' title='bbox 2750 2066 3003 2135; x_wconf 89' lang='lat' dir='ltr'><strong>spiritum</strong></span> <span class='ocrx_word' id='word_1_402' title='bbox 3062 2064 3205 2134; x_wconf 87' lang='lat' dir='ltr'><strong>regis</strong></span> <span class='ocrx_word' id='word_1_403' title='bbox 3239 2063 3556 2129; x_wconf 84' lang='lat' dir='ltr'><strong>Medorum;</strong></span> <span class='ocrx_word' id='word_1_404' title='bbox 3590 2063 3718 2132; x_wconf 92' lang='lat' dir='ltr'><strong>quia</strong></span> <span class='ocrx_word' id='word_1_405' title='bbox 3755 2063 3811 2116; x_wconf 93' lang='lat' dir='ltr'><strong>in</strong></span> 
     </span>
    </p>
   </div>
   <div class='ocr_carea' id='block_1_51' title="bbox 2230 2155 3813 2228">
    <p class='ocr_par' dir='ltr' id='par_1_51' title="bbox 2230 2155 3813 2228">
     <span class='ocr_line' id='line_1_51' title="bbox 2230 2155 3813 2228; baseline 0 -17"><span class='ocrx_word' id='word_1_406' title='bbox 2230 2157 2562 2228; x_wconf 88' lang='lat' dir='ltr'><strong>Babylonem</strong></span> <span class='ocrx_word' id='word_1_407' title='bbox 2592 2160 2655 2228; x_wconf 87' lang='grc' dir='ltr'><strong>(ι)</strong></span> <span class='ocrx_word' id='word_1_408' title='bbox 2689 2159 2768 2212; x_wconf 91' lang='lat' dir='ltr'><strong>ira</strong></span> <span class='ocrx_word' id='word_1_409' title='bbox 2811 2157 2966 2227; x_wconf 91' lang='lat' dir='ltr'><strong>ejus,</strong></span> <span class='ocrx_word' id='word_1_410' title='bbox 3030 2157 3097 2210; x_wconf 89' lang='lat' dir='ltr'><strong>ad</strong></span> <span class='ocrx_word' id='word_1_411' title='bbox 3131 2155 3421 2211; x_wconf 90' lang='lat' dir='ltr'><strong>delendum</strong></span> <span class='ocrx_word' id='word_1_412' title='bbox 3484 2172 3628 2221; x_wconf 90' lang='lat' dir='ltr'><strong>eam,</strong></span> <span class='ocrx_word' id='word_1_413' title='bbox 3681 2158 3813 2225; x_wconf 90' lang='lat' dir='ltr'><strong>quia</strong></span> 
     </span>
    </p>
   </div>
   <div class='ocr_carea' id='block_1_52' title="bbox 2231 2249 3816 2320">
    <p class='ocr_par' dir='ltr' id='par_1_52' title="bbox 2231 2249 3816 2320">
     <span class='ocr_line' id='line_1_52' title="bbox 2231 2249 3816 2320; baseline 0.001 -16"><span class='ocrx_word' id='word_1_414' title='bbox 2231 2252 2364 2305; x_wconf 91' lang='lat' dir='ltr'><strong>ultio</strong></span> <span class='ocrx_word' id='word_1_415' title='bbox 2388 2250 2602 2305; x_wconf 88' lang='lat' dir='ltr'><strong>Domini</strong></span> <span class='ocrx_word' id='word_1_416' title='bbox 2637 2261 2740 2317; x_wconf 88' lang='lat' dir='ltr'><strong>est,</strong></span> <span class='ocrx_word' id='word_1_417' title='bbox 2776 2252 2910 2305; x_wconf 90' lang='lat' dir='ltr'><strong>ultio</strong></span> <span class='ocrx_word' id='word_1_418' title='bbox 2933 2251 3117 2320; x_wconf 85' lang='lat' dir='ltr'><strong>templi</strong></span> <span class='ocrx_word' id='word_1_419' title='bbox 3145 2249 3283 2318; x_wconf 82' lang='lat' dir='ltr'><strong>ejus.</strong></span> <span class='ocrx_word' id='word_1_420' title='bbox 3306 2251 3393 2304; x_wconf 92' lang='grc'><strong>12.</strong></span> <span class='ocrx_word' id='word_1_421' title='bbox 3431 2251 3604 2318; x_wconf 89' lang='lat' dir='ltr'><strong>Super</strong></span> <span class='ocrx_word' id='word_1_422' title='bbox 3638 2250 3816 2305; x_wconf 85' lang='lat' dir='ltr'><strong>muris</strong></span> 
     </span>
    </p>
   </div>
   <div class='ocr_carea' id='block_1_53' title="bbox 2230 2342 3811 2413">
    <p class='ocr_par' dir='ltr' id='par_1_53' title="bbox 2230 2342 3811 2413">
     <span class='ocr_line' id='line_1_53' title="bbox 2230 2342 3811 2413; baseline 0 -17"><span class='ocrx_word' id='word_1_423' title='bbox 2230 2342 2526 2413; x_wconf 86' lang='lat' dir='ltr'><strong>Babylonis</strong></span> <span class='ocrx_word' id='word_1_424' title='bbox 2551 2343 2757 2399; x_wconf 85' lang='lat' dir='ltr'><strong>elevate</strong></span> <span class='ocrx_word' id='word_1_425' title='bbox 2785 2343 3025 2413; x_wconf 86' lang='lat' dir='ltr'><strong>signum,</strong></span> <span class='ocrx_word' id='word_1_426' title='bbox 3055 2343 3150 2411; x_wconf 80' lang='lat' dir='ltr'><strong>(m)</strong></span> <span class='ocrx_word' id='word_1_427' title='bbox 3185 2342 3502 2397; x_wconf 89' lang='lat' dir='ltr'><strong>constituite</strong></span> <span class='ocrx_word' id='word_1_428' title='bbox 3529 2342 3811 2408; x_wconf 77' lang='lat' dir='ltr'><strong>excubias,</strong></span> 
     </span>
    </p>
   </div>
   <div class='ocr_carea' id='block_1_54' title="bbox 2232 2431 3817 2503">
    <p class='ocr_par' dir='ltr' id='par_1_54' title="bbox 2232 2431 3817 2503">
     <span class='ocr_line' id='line_1_54' title="bbox 2232 2431 3817 2503; baseline 0.001 -18"><span class='ocrx_word' id='word_1_429' title='bbox 2232 2434 2419 2503; x_wconf 92' lang='lat' dir='ltr'><strong>ponite</strong></span> <span class='ocrx_word' id='word_1_430' title='bbox 2472 2433 2758 2499; x_wconf 76' lang='lat' dir='ltr'><strong>excubias,</strong></span> <span class='ocrx_word' id='word_1_431' title='bbox 2806 2442 3107 2502; x_wconf 63' lang='lat' dir='ltr'><strong>praeparate</strong></span> <span class='ocrx_word' id='word_1_432' title='bbox 3155 2431 3230 2502; x_wconf 78' lang='grc' dir='ltr'>(ιι)</span> <span class='ocrx_word' id='word_1_433' title='bbox 3278 2447 3468 2497; x_wconf 86' lang='lat' dir='ltr'><strong>arma;</strong></span> <span class='ocrx_word' id='word_1_434' title='bbox 3498 2432 3624 2501; x_wconf 90' lang='lat' dir='ltr'><strong>quia</strong></span> <span class='ocrx_word' id='word_1_435' title='bbox 3665 2433 3817 2486; x_wconf 84' lang='lat' dir='ltr'><strong>dedit</strong></span> 
     </span>
    </p>
   </div>
   <div class='ocr_carea' id='block_1_55' title="bbox 2232 2519 3812 2597">
    <p class='ocr_par' dir='ltr' id='par_1_55' title="bbox 2232 2519 3812 2597">
     <span class='ocr_line' id='line_1_55' title="bbox 2232 2519 3812 2597; baseline -0.001 -21"><span class='ocrx_word' id='word_1_436' title='bbox 2232 2523 2284 2576; x_wconf 92' lang='lat' dir='ltr'><strong>in</strong></span> <span class='ocrx_word' id='word_1_437' title='bbox 2313 2538 2507 2577; x_wconf 88' lang='lat' dir='ltr'><strong>manus</strong></span> <span class='ocrx_word' id='word_1_438' title='bbox 2547 2523 2604 2593; x_wconf 89' lang='lat' dir='ltr'><strong>(i.</strong></span> <span class='ocrx_word' id='word_1_439' title='bbox 2629 2537 2678 2576; x_wconf 90' lang='lat' dir='ltr'><strong>e.</strong></span> <span class='ocrx_word' id='word_1_440' title='bbox 2713 2539 2990 2597; x_wconf 71' lang='lat' dir='ltr'><strong>aggressus</strong></span> <span class='ocrx_word' id='word_1_441' title='bbox 3049 2521 3151 2592; x_wconf 80' lang='lat' dir='ltr'><strong>est)</strong></span> <span class='ocrx_word' id='word_1_442' title='bbox 3200 2519 3466 2576; x_wconf 83' lang='lat' dir='ltr'><strong>Dominus</strong></span> <span class='ocrx_word' id='word_1_443' title='bbox 3491 2562 3506 2586; x_wconf 90' lang='lat'><strong>,</strong></span> <span class='ocrx_word' id='word_1_444' title='bbox 3545 2530 3599 2576; x_wconf 90' lang='lat' dir='ltr'><strong>et</strong></span> <span class='ocrx_word' id='word_1_445' title='bbox 3632 2521 3812 2590; x_wconf 76' lang='lat' dir='ltr'><strong>faciet,</strong></span> 
     </span>
    </p>
   </div>
   <div class='ocr_carea' id='block_1_56' title="bbox 2231 2612 3812 2683">
    <p class='ocr_par' dir='ltr' id='par_1_56' title="bbox 2231 2612 3812 2683">
     <span class='ocr_line' id='line_1_56' title="bbox 2231 2612 3812 2683; baseline 0.002 -19"><span class='ocrx_word' id='word_1_446' title='bbox 2231 2630 2352 2683; x_wconf 75' lang='lat' dir='ltr'><strong>qua:</strong></span> <span class='ocrx_word' id='word_1_447' title='bbox 2369 2615 2582 2668; x_wconf 92' lang='lat' dir='ltr'><strong>locutus</strong></span> <span class='ocrx_word' id='word_1_448' title='bbox 2599 2623 2684 2668; x_wconf 88' lang='lat' dir='ltr'><strong>est</strong></span> <span class='ocrx_word' id='word_1_449' title='bbox 2698 2629 2861 2682; x_wconf 84' lang='lat' dir='ltr'><strong>super</strong></span> <span class='ocrx_word' id='word_1_450' title='bbox 2880 2614 3185 2668; x_wconf 88' lang='lat' dir='ltr'><strong>habitantes</strong></span> <span class='ocrx_word' id='word_1_451' title='bbox 3203 2613 3255 2665; x_wconf 92' lang='lat' dir='ltr'><strong>in</strong></span> <span class='ocrx_word' id='word_1_452' title='bbox 3277 2612 3574 2683; x_wconf 87' lang='lat' dir='ltr'><strong>Babylone,</strong></span> <span class='ocrx_word' id='word_1_453' title='bbox 3603 2614 3688 2666; x_wconf 85' lang='grc'><strong>15.</strong></span> <span class='ocrx_word' id='word_1_454' title='bbox 3712 2615 3812 2667; x_wconf 91' lang='lat' dir='ltr'><strong>ha-</strong></span> 
     </span>
    </p>
   </div>
   <div class='ocr_carea' id='block_1_57' title="bbox 2234 2705 3815 2774">
    <p class='ocr_par' dir='ltr' id='par_1_57' title="bbox 2234 2705 3815 2774">
     <span class='ocr_line' id='line_1_57' title="bbox 2234 2705 3815 2774; baseline -0.001 -16"><span class='ocrx_word' id='word_1_455' title='bbox 2234 2705 2471 2759; x_wconf 87' lang='lat' dir='ltr'><strong>bitantes</strong></span> <span class='ocrx_word' id='word_1_456' title='bbox 2507 2720 2674 2773; x_wconf 89' lang='lat' dir='ltr'><strong>super</strong></span> <span class='ocrx_word' id='word_1_457' title='bbox 2699 2705 2860 2774; x_wconf 90' lang='lat' dir='ltr'><strong>aquis</strong></span> <span class='ocrx_word' id='word_1_458' title='bbox 2895 2705 3101 2771; x_wconf 90' lang='lat' dir='ltr'><strong>multis,</strong></span> <span class='ocrx_word' id='word_1_459' title='bbox 3160 2713 3215 2758; x_wconf 89' lang='lat' dir='ltr'><strong>et</strong></span> <span class='ocrx_word' id='word_1_460' title='bbox 3272 2720 3434 2773; x_wconf 90' lang='lat' dir='ltr'><strong>super</strong></span> <span class='ocrx_word' id='word_1_461' title='bbox 3465 2706 3539 2773; x_wconf 91' lang='lat' dir='ltr'><strong>(o)</strong></span> <span class='ocrx_word' id='word_1_462' title='bbox 3569 2705 3815 2757; x_wconf 90' lang='lat' dir='ltr'><strong>multitu-</strong></span> 
     </span>
    </p>
   </div>
   <div class='ocr_carea' id='block_1_58' title="bbox 2231 2795 3812 2865">
    <p class='ocr_par' dir='ltr' id='par_1_58' title="bbox 2231 2795 3812 2865">
     <span class='ocr_line' id='line_1_58' title="bbox 2231 2795 3812 2865; baseline 0.001 -16"><span class='ocrx_word' id='word_1_463' title='bbox 2231 2796 2356 2849; x_wconf 90' lang='lat' dir='ltr'><strong>dine</strong></span> <span class='ocrx_word' id='word_1_464' title='bbox 2389 2795 2772 2850; x_wconf 88' lang='lat' dir='ltr'><strong>thesaurorum</strong></span> <span class='ocrx_word' id='word_1_465' title='bbox 2806 2795 2926 2864; x_wconf 82' lang='lat' dir='ltr'><strong>ejus</strong></span> <span class='ocrx_word' id='word_1_466' title='bbox 2954 2813 2967 2848; x_wconf 89' lang='lat'><strong>:</strong></span> <span class='ocrx_word' id='word_1_467' title='bbox 3003 2796 3148 2849; x_wconf 91' lang='lat' dir='ltr'><strong>venit</strong></span> <span class='ocrx_word' id='word_1_468' title='bbox 3185 2796 3310 2850; x_wconf 82' lang='lat' dir='ltr'><strong>linis</strong></span> <span class='ocrx_word' id='word_1_469' title='bbox 3343 2807 3468 2850; x_wconf 87' lang='lat' dir='ltr'><strong>tttus</strong></span> <span class='ocrx_word' id='word_1_470' title='bbox 3499 2811 3625 2851; x_wconf 86' lang='lat' dir='ltr'><strong>vere</strong></span> <span class='ocrx_word' id='word_1_471' title='bbox 3648 2798 3721 2865; x_wconf 83' lang='grc' dir='ltr'>(ρ)</span> <span class='ocrx_word' id='word_1_472' title='bbox 3757 2799 3812 2850; x_wconf 90' lang='lat' dir='ltr'><strong>in</strong></span> 
     </span>
    </p>
   </div>
   <div class='ocr_carea' id='block_1_59' title="bbox 2233 2884 3816 2954">
    <p class='ocr_par' dir='ltr' id='par_1_59' title="bbox 2233 2884 3816 2954">
     <span class='ocr_line' id='line_1_59' title="bbox 2233 2884 3816 2954; baseline 0.001 -16"><span class='ocrx_word' id='word_1_473' title='bbox 2233 2886 2442 2940; x_wconf 90' lang='lat' dir='ltr'><strong>viscera</strong></span> <span class='ocrx_word' id='word_1_474' title='bbox 2470 2885 2724 2939; x_wconf 90' lang='lat' dir='ltr'><strong>intestina</strong></span> <span class='ocrx_word' id='word_1_475' title='bbox 2753 2895 2866 2938; x_wconf 90' lang='lat' dir='ltr'><strong>tua.</strong></span> <span class='ocrx_word' id='word_1_476' title='bbox 2896 2885 2982 2938; x_wconf 92' lang='grc'><strong>14.</strong></span> <span class='ocrx_word' id='word_1_477' title='bbox 3015 2884 3152 2950; x_wconf 84' lang='lat' dir='ltr'><strong>Quia</strong></span> <span class='ocrx_word' id='word_1_478' title='bbox 3181 2885 3382 2954; x_wconf 83' lang='lat' dir='ltr'><strong>juravit</strong></span> <span class='ocrx_word' id='word_1_479' title='bbox 3420 2886 3680 2941; x_wconf 89' lang='lat' dir='ltr'><strong>Dominus</strong></span> <span class='ocrx_word' id='word_1_480' title='bbox 3707 2887 3816 2939; x_wconf 86' lang='lat' dir='ltr'><strong>vir-</strong></span> 
     </span>
    </p>
   </div>
   <div class='ocr_carea' id='block_1_60' title="bbox 2235 2976 3815 3047">
    <p class='ocr_par' dir='ltr' id='par_1_60' title="bbox 2235 2976 3815 3047">
     <span class='ocr_line' id='line_1_60' title="bbox 2235 2976 3815 3047; baseline 0.003 -19"><span class='ocrx_word' id='word_1_481' title='bbox 2235 2985 2408 3029; x_wconf 89' lang='lat' dir='ltr'><strong>tutum</strong></span> <span class='ocrx_word' id='word_1_482' title='bbox 2434 2992 2530 3045; x_wconf 87' lang='lat' dir='ltr'><strong>per</strong></span> <span class='ocrx_word' id='word_1_483' title='bbox 2555 2977 2836 3030; x_wconf 90' lang='lat' dir='ltr'><strong>brachium</strong></span> <span class='ocrx_word' id='word_1_484' title='bbox 2873 2991 3059 3031; x_wconf 92' lang='lat' dir='ltr'><strong>suum.</strong></span> <span class='ocrx_word' id='word_1_485' title='bbox 3095 2976 3224 3046; x_wconf 87' lang='lat' dir='ltr'><strong>quia</strong></span> <span class='ocrx_word' id='word_1_486' title='bbox 3283 2977 3522 3047; x_wconf 91' lang='lat' dir='ltr'><strong>implebo</strong></span> <span class='ocrx_word' id='word_1_487' title='bbox 3554 2987 3604 3032; x_wconf 91' lang='lat' dir='ltr'><strong>te</strong></span> <span class='ocrx_word' id='word_1_488' title='bbox 3638 2978 3815 3032; x_wconf 89' lang='lat' dir='ltr'><strong>homi-</strong></span> 
     </span>
    </p>
   </div>
   <div class='ocr_carea' id='block_1_61' title="bbox 2240 3068 3817 3139">
    <p class='ocr_par' dir='ltr' id='par_1_61' title="bbox 2240 3068 3817 3139">
     <span class='ocr_line' id='line_1_61' title="bbox 2240 3068 3817 3139; baseline 0.003 -19"><span class='ocrx_word' id='word_1_489' title='bbox 2240 3068 2418 3131; x_wconf 88' lang='lat' dir='ltr'><strong>nibus,</strong></span> <span class='ocrx_word' id='word_1_490' title='bbox 2451 3069 2526 3138; x_wconf 83' lang='lat' dir='ltr'><strong>(q)</strong></span> <span class='ocrx_word' id='word_1_491' title='bbox 2575 3069 2718 3123; x_wconf 91' lang='lat' dir='ltr'><strong>sicut</strong></span> <span class='ocrx_word' id='word_1_492' title='bbox 2750 3069 2999 3132; x_wconf 87' lang='lat' dir='ltr'><strong>locustis,</strong></span> <span class='ocrx_word' id='word_1_493' title='bbox 3039 3068 3108 3138; x_wconf 70' lang='grc' dir='ltr'>(ιο)</span> <span class='ocrx_word' id='word_1_494' title='bbox 3139 3078 3193 3123; x_wconf 89' lang='lat' dir='ltr'><strong>et</strong></span> <span class='ocrx_word' id='word_1_495' title='bbox 3239 3070 3529 3138; x_wconf 88' lang='lat' dir='ltr'><strong>loquentur</strong></span> <span class='ocrx_word' id='word_1_496' title='bbox 3559 3085 3723 3139; x_wconf 89' lang='lat' dir='ltr'><strong>super</strong></span> <span class='ocrx_word' id='word_1_497' title='bbox 3763 3080 3817 3125; x_wconf 89' lang='lat' dir='ltr'><strong>te</strong></span> 
     </span>
    </p>
   </div>
   <div class='ocr_carea' id='block_1_62' title="bbox 554 3125 3814 3228">
    <p class='ocr_par' dir='ltr' id='par_1_62' title="bbox 554 3125 3814 3228">
     <span class='ocr_line' id='line_1_62' title="bbox 554 3125 3814 3228; baseline 0.002 -18"><span class='ocrx_word' id='word_1_498' title='bbox 554 3164 761 3225; x_wconf 88' lang='lat' dir='ltr'><strong>pastor,</strong></span> <span class='ocrx_word' id='word_1_499' title='bbox 788 3158 881 3227; x_wconf 89' lang='lat' dir='ltr'><strong>qui</strong></span> <span class='ocrx_word' id='word_1_500' title='bbox 907 3160 1072 3213; x_wconf 90' lang='lat' dir='ltr'><strong>stabit</strong></span> <span class='ocrx_word' id='word_1_501' title='bbox 1093 3175 1280 3214; x_wconf 89' lang='lat' dir='ltr'><strong>coram</strong></span> <span class='ocrx_word' id='word_1_502' title='bbox 1314 3159 1450 3214; x_wconf 76' lang='lat' dir='ltr'><strong>l‘acie</strong></span> <span class='ocrx_word' id='word_1_503' title='bbox 1477 3175 1595 3214; x_wconf 91' lang='lat' dir='ltr'><strong>mea</strong></span> <span class='ocrx_word' id='word_1_504' title='bbox 1618 3160 1640 3212; x_wconf 89' lang='lat'><strong>?</strong></span> <span class='ocrx_word' id='word_1_505' title='bbox 1660 3159 1751 3213; x_wconf 85' lang='grc'><strong>45.</strong></span> <span class='ocrx_word' id='word_1_506' title='bbox 1780 3157 2006 3228; x_wconf 85' lang='lat' dir='ltr'><strong>Propter</strong></span> <span class='ocrx_word' id='word_1_507' title='bbox 2030 3159 2132 3213; x_wconf 91' lang='lat' dir='ltr'><strong>hoc</strong></span> <span class='ocrx_word' id='word_1_508' title='bbox 2163 3125 2204 3181; x_wconf 67' lang='grc' dir='ltr'>ϐ</span> <span class='ocrx_word' id='word_1_509' title='bbox 2238 3159 2652 3213; x_wconf 85' lang='lat' dir='ltr'><strong>descendentes.</strong></span> <span class='ocrx_word' id='word_1_510' title='bbox 2686 3159 2772 3212; x_wconf 82' lang='grc'><strong>15.</strong></span> <span class='ocrx_word' id='word_1_511' title='bbox 2811 3160 2915 3225; x_wconf 89' lang='lat' dir='ltr'><strong>Qui</strong></span> <span class='ocrx_word' id='word_1_512' title='bbox 2959 3159 3088 3212; x_wconf 78' lang='lat' dir='ltr'><strong>facit</strong></span> <span class='ocrx_word' id='word_1_513' title='bbox 3121 3170 3318 3214; x_wconf 89' lang='lat' dir='ltr'><strong>terram</strong></span> <span class='ocrx_word' id='word_1_514' title='bbox 3370 3163 3424 3216; x_wconf 93' lang='lat' dir='ltr'><strong>in</strong></span> <span class='ocrx_word' id='word_1_515' title='bbox 3465 3163 3662 3216; x_wconf 88' lang='lat' dir='ltr'><strong>robore</strong></span> <span class='ocrx_word' id='word_1_516' title='bbox 3687 3178 3814 3228; x_wconf 91' lang='lat' dir='ltr'><strong>suo,</strong></span> 
     </span>
    </p>
   </div>
   <div class='ocr_carea' id='block_1_63' title="bbox 554 3249 2135 3321">
    <p class='ocr_par' dir='ltr' id='par_1_63' title="bbox 554 3249 2135 3321">
     <span class='ocr_line' id='line_1_63' title="bbox 554 3249 2135 3321; baseline 0.001 -20"><span class='ocrx_word' id='word_1_517' title='bbox 554 3249 741 3303; x_wconf 88' lang='lat' dir='ltr'><strong>audite</strong></span> <span class='ocrx_word' id='word_1_518' title='bbox 784 3251 1078 3306; x_wconf 90' lang='lat' dir='ltr'><strong>consilium</strong></span> <span class='ocrx_word' id='word_1_519' title='bbox 1119 3250 1360 3314; x_wconf 83' lang='lat' dir='ltr'><strong>Domini,</strong></span> <span class='ocrx_word' id='word_1_520' title='bbox 1395 3253 1541 3321; x_wconf 88' lang='lat' dir='ltr'><strong>quod</strong></span> <span class='ocrx_word' id='word_1_521' title='bbox 1577 3252 1914 3307; x_wconf 86' lang='lat' dir='ltr'><strong>consultavit</strong></span> <span class='ocrx_word' id='word_1_522' title='bbox 1969 3266 2135 3320; x_wconf 88' lang='lat' dir='ltr'><strong>super</strong></span> 
     </span>
    </p>
   </div>
   <div class='ocr_carea' id='block_1_64' title="bbox 555 3340 2135 3414">
    <p class='ocr_par' dir='ltr' id='par_1_64' title="bbox 555 3340 2135 3414">
     <span class='ocr_line' id='line_1_64' title="bbox 555 3340 2135 3414; baseline 0.003 -21"><span class='ocrx_word' id='word_1_523' title='bbox 555 3340 974 3410; x_wconf 86' lang='lat' dir='ltr'><strong>Babylonem,et</strong></span> <span class='ocrx_word' id='word_1_524' title='bbox 994 3344 1354 3413; x_wconf 83' lang='lat' dir='ltr'><strong>cogitationes</strong></span> <span class='ocrx_word' id='word_1_525' title='bbox 1380 3344 1525 3414; x_wconf 86' lang='lat' dir='ltr'><strong>ejus,</strong></span> <span class='ocrx_word' id='word_1_526' title='bbox 1540 3359 1675 3414; x_wconf 86' lang='lat' dir='ltr'><strong>quas</strong></span> <span class='ocrx_word' id='word_1_527' title='bbox 1691 3344 1946 3414; x_wconf 91' lang='lat' dir='ltr'><strong>cogitavit</strong></span> <span class='ocrx_word' id='word_1_528' title='bbox 1970 3358 2135 3412; x_wconf 90' lang='lat' dir='ltr'><strong>super</strong></span> 
     </span>
    </p>
   </div>
   <div class='ocr_carea' id='block_1_65' title="bbox 555 3433 2133 3509">
    <p class='ocr_par' dir='ltr' id='par_1_65' title="bbox 555 3433 2133 3509">
     <span class='ocr_line' id='line_1_65' title="bbox 555 3433 2133 3509; baseline 0.006 -24"><span class='ocrx_word' id='word_1_529' title='bbox 555 3433 865 3488; x_wconf 84' lang='lat' dir='ltr'><strong>habitantes</strong></span> <span class='ocrx_word' id='word_1_530' title='bbox 902 3436 979 3502; x_wconf 83' lang='grc' dir='ltr'>(ιι)</span> <span class='ocrx_word' id='word_1_531' title='bbox 1019 3435 1344 3490; x_wconf 61' lang='lat' dir='ltr'><strong>Chaldaeos:</strong></span> <span class='ocrx_word' id='word_1_532' title='bbox 1394 3437 1439 3490; x_wconf 93' lang='lat' dir='ltr'><strong>si</strong></span> <span class='ocrx_word' id='word_1_533' title='bbox 1493 3451 1600 3490; x_wconf 91' lang='lat' dir='ltr'><strong>non</strong></span> <span class='ocrx_word' id='word_1_534' title='bbox 1650 3437 1727 3505; x_wconf 70' lang='grc' dir='ltr'>(π)</span> <span class='ocrx_word' id='word_1_535' title='bbox 1766 3440 2133 3509; x_wconf 87' lang='lat' dir='ltr'><strong>corrumpatis</strong></span> 
     </span>
    </p>
   </div>
   <div class='ocr_carea' id='block_1_66' title="bbox 556 3526 2129 3598">
    <p class='ocr_par' dir='ltr' id='par_1_66' title="bbox 556 3526 2129 3598">
     <span class='ocr_line' id='line_1_66' title="bbox 556 3526 2129 3598; baseline 0.004 -20"><span class='ocrx_word' id='word_1_536' title='bbox 556 3540 724 3591; x_wconf 71' lang='lat' dir='ltr'><strong>agnus</strong></span> <span class='ocrx_word' id='word_1_537' title='bbox 743 3526 924 3578; x_wconf 90' lang='lat' dir='ltr'><strong>ovium</strong></span> <span class='ocrx_word' id='word_1_538' title='bbox 943 3542 1154 3590; x_wconf 90' lang='lat' dir='ltr'><strong>eorum,</strong></span> <span class='ocrx_word' id='word_1_539' title='bbox 1169 3527 1213 3582; x_wconf 91' lang='lat' dir='ltr'><strong>si</strong></span> <span class='ocrx_word' id='word_1_540' title='bbox 1232 3543 1339 3580; x_wconf 92' lang='lat' dir='ltr'><strong>non</strong></span> <span class='ocrx_word' id='word_1_541' title='bbox 1359 3526 1640 3581; x_wconf 85' lang='lat' dir='ltr'><strong>aboleatur</strong></span> <span class='ocrx_word' id='word_1_542' title='bbox 1657 3529 1724 3582; x_wconf 90' lang='lat' dir='ltr'><strong>ab</strong></span> <span class='ocrx_word' id='word_1_543' title='bbox 1747 3529 1826 3582; x_wconf 91' lang='lat' dir='ltr'><strong>eis</strong></span> <span class='ocrx_word' id='word_1_544' title='bbox 1845 3544 2129 3598; x_wconf 89' lang='lat' dir='ltr'><strong>pascuum.</strong></span> 
     </span>
    </p>
   </div>
   <div class='ocr_carea' id='block_1_67' title="bbox 555 3615 2133 3690">
    <p class='ocr_par' dir='ltr' id='par_1_67' title="bbox 555 3615 2133 3690">
     <span class='ocr_line' id='line_1_67' title="bbox 555 3615 2133 3690; baseline 0.003 -20"><span class='ocrx_word' id='word_1_545' title='bbox 555 3615 642 3670; x_wconf 82' lang='grc'><strong>46.</strong></span> <span class='ocrx_word' id='word_1_546' title='bbox 673 3617 810 3683; x_wconf 87' lang='lat' dir='ltr'><strong>Quia</strong></span> <span class='ocrx_word' id='word_1_547' title='bbox 862 3632 891 3671; x_wconf 94' lang='lat' dir='ltr'><strong>a</strong></span> <span class='ocrx_word' id='word_1_548' title='bbox 932 3633 1063 3672; x_wconf 91' lang='lat' dir='ltr'><strong>voce</strong></span> <span class='ocrx_word' id='word_1_549' title='bbox 1106 3619 1464 3688; x_wconf 90' lang='lat' dir='ltr'><strong>subjectionis</strong></span> <span class='ocrx_word' id='word_1_550' title='bbox 1498 3618 1790 3690; x_wconf 86' lang='lat' dir='ltr'><strong>Babylonis</strong></span> <span class='ocrx_word' id='word_1_551' title='bbox 1818 3635 2133 3674; x_wconf 85' lang='lat' dir='ltr'><strong>commove-</strong></span> 
     </span>
    </p>
   </div>
   <div class='ocr_carea' id='block_1_68' title="bbox 555 3708 2129 3782">
    <p class='ocr_par' dir='ltr' id='par_1_68' title="bbox 555 3708 2129 3782">
     <span class='ocr_line' id='line_1_68' title="bbox 555 3708 2129 3782; baseline 0.001 -20"><span class='ocrx_word' id='word_1_552' title='bbox 555 3708 702 3763; x_wconf 85' lang='lat' dir='ltr'><strong>bitur</strong></span> <span class='ocrx_word' id='word_1_553' title='bbox 755 3719 918 3777; x_wconf 89' lang='lat' dir='ltr'><strong>terra,</strong></span> <span class='ocrx_word' id='word_1_554' title='bbox 969 3721 1021 3766; x_wconf 91' lang='lat' dir='ltr'><strong>et</strong></span> <span class='ocrx_word' id='word_1_555' title='bbox 1056 3712 1263 3766; x_wconf 88' lang='lat' dir='ltr'><strong>clamor</strong></span> <span class='ocrx_word' id='word_1_556' title='bbox 1311 3713 1431 3782; x_wconf 83' lang='lat' dir='ltr'><strong>ejus</strong></span> <span class='ocrx_word' id='word_1_557' title='bbox 1485 3712 1538 3765; x_wconf 91' lang='lat' dir='ltr'><strong>in</strong></span> <span class='ocrx_word' id='word_1_558' title='bbox 1587 3713 1837 3782; x_wconf 87' lang='lat' dir='ltr'><strong>gentibus</strong></span> <span class='ocrx_word' id='word_1_559' title='bbox 1857 3711 2129 3766; x_wconf 89' lang='lat' dir='ltr'><strong>audietur.</strong></span> 
     </span>
    </p>
   </div>
   <div class='ocr_carea' id='block_1_69' title="bbox 625 3802 2132 3871">
    <p class='ocr_par' dir='ltr' id='par_1_69' title="bbox 625 3802 2132 3871">
     <span class='ocr_line' id='line_1_69' title="bbox 625 3802 2132 3871; baseline 0 -15"><span class='ocrx_word' id='word_1_560' title='bbox 625 3802 756 3870; x_wconf 82' lang='lat' dir='ltr'><strong>Cap.</strong></span> <span class='ocrx_word' id='word_1_561' title='bbox 793 3802 877 3855; x_wconf 88' lang='lat' dir='ltr'><strong>LI.</strong></span> <span class='ocrx_word' id='word_1_562' title='bbox 909 3805 1043 3856; x_wconf 86' lang='lat' dir='ltr'><strong>—l.</strong></span> <span class='ocrx_word' id='word_1_563' title='bbox 1076 3802 1201 3859; x_wconf 63' lang='lat' dir='ltr'><strong>Haec</strong></span> <span class='ocrx_word' id='word_1_564' title='bbox 1227 3803 1360 3858; x_wconf 88' lang='lat' dir='ltr'><strong>dicit</strong></span> <span class='ocrx_word' id='word_1_565' title='bbox 1391 3803 1657 3857; x_wconf 89' lang='lat' dir='ltr'><strong>Dominus</strong></span> <span class='ocrx_word' id='word_1_566' title='bbox 1685 3821 1698 3857; x_wconf 88' lang='lat'><strong>:</strong></span> <span class='ocrx_word' id='word_1_567' title='bbox 1730 3803 1867 3856; x_wconf 88' lang='lat' dir='ltr'><strong>Ecce</strong></span> <span class='ocrx_word' id='word_1_568' title='bbox 1900 3819 2000 3871; x_wconf 87' lang='lat' dir='ltr'><strong>ego</strong></span> <span class='ocrx_word' id='word_1_569' title='bbox 2037 3818 2132 3857; x_wconf 77' lang='lat' dir='ltr'><strong>ex-</strong></span> 
     </span>
    </p>
   </div>
   <div class='ocr_carea' id='block_1_70' title="bbox 553 3892 2134 3964">
    <p class='ocr_par' dir='ltr' id='par_1_70' title="bbox 553 3892 2134 3964">
     <span class='ocr_line' id='line_1_70' title="bbox 553 3892 2134 3964; baseline 0.001 -18"><span class='ocrx_word' id='word_1_570' title='bbox 553 3895 664 3946; x_wconf 92' lang='lat' dir='ltr'><strong>cito</strong></span> <span class='ocrx_word' id='word_1_571' title='bbox 697 3909 859 3961; x_wconf 88' lang='lat' dir='ltr'><strong>super</strong></span> <span class='ocrx_word' id='word_1_572' title='bbox 886 3893 1236 3964; x_wconf 87' lang='lat' dir='ltr'><strong>Babylonem,</strong></span> <span class='ocrx_word' id='word_1_573' title='bbox 1267 3901 1322 3947; x_wconf 88' lang='lat' dir='ltr'><strong>et</strong></span> <span class='ocrx_word' id='word_1_574' title='bbox 1351 3909 1514 3962; x_wconf 88' lang='lat' dir='ltr'><strong>super</strong></span> <span class='ocrx_word' id='word_1_575' title='bbox 1552 3894 1858 3947; x_wconf 89' lang='lat' dir='ltr'><strong>habitantes</strong></span> <span class='ocrx_word' id='word_1_576' title='bbox 1889 3892 1964 3964; x_wconf 80' lang='lat' dir='ltr'><strong>(y)</strong></span> <span class='ocrx_word' id='word_1_577' title='bbox 1985 3934 1998 3957; x_wconf 94' lang='lat'><strong>,</strong></span> <span class='ocrx_word' id='word_1_578' title='bbox 2036 3909 2134 3948; x_wconf 85' lang='lat' dir='ltr'><strong>cor</strong></span> 
     </span>
    </p>
   </div>
   <div class='ocr_carea' id='block_1_71' title="bbox 555 3985 2134 4055">
    <p class='ocr_par' dir='ltr' id='par_1_71' title="bbox 555 3985 2134 4055">
     <span class='ocr_line' id='line_1_71' title="bbox 555 3985 2134 4055; baseline 0.001 -17"><span class='ocrx_word' id='word_1_579' title='bbox 555 3985 879 4053; x_wconf 85' lang='lat' dir='ltr'><strong>erigentium</strong></span> <span class='ocrx_word' id='word_1_580' title='bbox 907 4026 922 4050; x_wconf 93' lang='lat'><strong>,</strong></span> <span class='ocrx_word' id='word_1_581' title='bbox 967 3995 1185 4039; x_wconf 90' lang='lat' dir='ltr'><strong>ventum</strong></span> <span class='ocrx_word' id='word_1_582' title='bbox 1245 3995 1410 4041; x_wconf 62' lang='lat' dir='ltr'><strong>aestus</strong></span> <span class='ocrx_word' id='word_1_583' title='bbox 1434 3993 1898 4055; x_wconf 73' lang='lat' dir='ltr'><strong>corrumpentem.</strong></span> <span class='ocrx_word' id='word_1_584' title='bbox 1965 3986 2021 4039; x_wconf 91' lang='grc'><strong>2.</strong></span> <span class='ocrx_word' id='word_1_585' title='bbox 2069 3985 2134 4040; x_wconf 86' lang='grc' dir='ltr'>Ει</span> 
     </span>
    </p>
   </div>
   <div class='ocr_carea' id='block_1_72' title="bbox 555 4076 2134 4148">
    <p class='ocr_par' dir='ltr' id='par_1_72' title="bbox 555 4076 2134 4148">
     <span class='ocr_line' id='line_1_72' title="bbox 555 4076 2134 4148; baseline 0.001 -19"><span class='ocrx_word' id='word_1_586' title='bbox 555 4077 796 4130; x_wconf 90' lang='lat' dir='ltr'><strong>emittam</strong></span> <span class='ocrx_word' id='word_1_587' title='bbox 851 4076 905 4130; x_wconf 92' lang='lat' dir='ltr'><strong>in</strong></span> <span class='ocrx_word' id='word_1_588' title='bbox 940 4076 1266 4146; x_wconf 81' lang='lat' dir='ltr'><strong>Babylonem</strong></span> <span class='ocrx_word' id='word_1_589' title='bbox 1303 4079 1372 4148; x_wconf 66' lang='grc' dir='ltr'>(π.)</span> <span class='ocrx_word' id='word_1_590' title='bbox 1402 4077 1820 4143; x_wconf 89' lang='lat' dir='ltr'><strong>conviciatores,</strong></span> <span class='ocrx_word' id='word_1_591' title='bbox 1861 4088 1915 4133; x_wconf 90' lang='lat' dir='ltr'><strong>et</strong></span> <span class='ocrx_word' id='word_1_592' title='bbox 1940 4085 2134 4132; x_wconf 89' lang='lat' dir='ltr'><strong>contu-</strong></span> 
     </span>
    </p>
   </div>
   <div class='ocr_carea' id='block_1_73' title="bbox 556 4166 2132 4239">
    <p class='ocr_par' dir='ltr' id='par_1_73' title="bbox 556 4166 2132 4239">
     <span class='ocr_line' id='line_1_73' title="bbox 556 4166 2132 4239; baseline 0.003 -21"><span class='ocrx_word' id='word_1_593' title='bbox 556 4167 710 4221; x_wconf 88' lang='lat' dir='ltr'><strong>melia</strong></span> <span class='ocrx_word' id='word_1_594' title='bbox 743 4166 976 4222; x_wconf 83' lang='lat' dir='ltr'><strong>allicicnt</strong></span> <span class='ocrx_word' id='word_1_595' title='bbox 1005 4184 1148 4231; x_wconf 89' lang='lat' dir='ltr'><strong>eam,</strong></span> <span class='ocrx_word' id='word_1_596' title='bbox 1177 4169 1255 4239; x_wconf 84' lang='grc' dir='ltr'>(α)</span> <span class='ocrx_word' id='word_1_597' title='bbox 1286 4178 1340 4224; x_wconf 88' lang='lat' dir='ltr'><strong>et</strong></span> <span class='ocrx_word' id='word_1_598' title='bbox 1377 4169 1603 4239; x_wconf 90' lang='lat' dir='ltr'><strong>perdent</strong></span> <span class='ocrx_word' id='word_1_599' title='bbox 1651 4177 1852 4222; x_wconf 87' lang='lat' dir='ltr'><strong>terram</strong></span> <span class='ocrx_word' id='word_1_600' title='bbox 1879 4169 2030 4239; x_wconf 89' lang='lat' dir='ltr'><strong>ejus:</strong></span> <span class='ocrx_word' id='word_1_601' title='bbox 2063 4172 2132 4238; x_wconf 55' lang='grc' dir='ltr'>χ(</span> 
     </span>
    </p>
   </div>
   <div class='ocr_carea' id='block_1_74' title="bbox 553 4259 2124 4330">
    <p class='ocr_par' dir='ltr' id='par_1_74' title="bbox 553 4259 2124 4330">
     <span class='ocr_line' id='line_1_74' title="bbox 553 4259 2124 4330; baseline 0.002 -19"><span class='ocrx_word' id='word_1_602' title='bbox 553 4259 730 4328; x_wconf 69' lang='lat' dir='ltr'><strong>quia:</strong></span> <span class='ocrx_word' id='word_1_603' title='bbox 779 4274 859 4313; x_wconf 69' lang='lat' dir='ltr'><strong>vae</strong></span> <span class='ocrx_word' id='word_1_604' title='bbox 917 4275 1079 4330; x_wconf 90' lang='lat' dir='ltr'><strong>super</strong></span> <span class='ocrx_word' id='word_1_605' title='bbox 1134 4259 1461 4330; x_wconf 89' lang='lat' dir='ltr'><strong>Babylonem</strong></span> <span class='ocrx_word' id='word_1_606' title='bbox 1518 4261 1875 4315; x_wconf 88' lang='lat' dir='ltr'><strong>circumcirca</strong></span> <span class='ocrx_word' id='word_1_607' title='bbox 1930 4261 1983 4314; x_wconf 93' lang='lat' dir='ltr'><strong>in</strong></span> <span class='ocrx_word' id='word_1_608' title='bbox 2036 4260 2124 4314; x_wconf 89' lang='lat' dir='ltr'><strong>die</strong></span> 
     </span>
    </p>
   </div>
   <div class='ocr_carea' id='block_1_75' title="bbox 553 4349 2130 4420">
    <p class='ocr_par' dir='ltr' id='par_1_75' title="bbox 553 4349 2130 4420">
     <span class='ocr_line' id='line_1_75' title="bbox 553 4349 2130 4420; baseline 0.001 -19"><span class='ocrx_word' id='word_1_609' title='bbox 553 4350 736 4403; x_wconf 89' lang='lat' dir='ltr'><strong>damni</strong></span> <span class='ocrx_word' id='word_1_610' title='bbox 767 4351 908 4420; x_wconf 89' lang='lat' dir='ltr'><strong>ejus.</strong></span> <span class='ocrx_word' id='word_1_611' title='bbox 942 4351 996 4405; x_wconf 79' lang='lat'><strong>&#39;5.</strong></span> <span class='ocrx_word' id='word_1_612' title='bbox 1024 4349 1100 4405; x_wconf 86' lang='lat' dir='ltr'><strong>Ne</strong></span> <span class='ocrx_word' id='word_1_613' title='bbox 1123 4351 1324 4418; x_wconf 88' lang='lat' dir='ltr'><strong>tendat,</strong></span> <span class='ocrx_word' id='word_1_614' title='bbox 1375 4351 1468 4420; x_wconf 92' lang='lat' dir='ltr'><strong>qui</strong></span> <span class='ocrx_word' id='word_1_615' title='bbox 1530 4349 1702 4405; x_wconf 88' lang='lat' dir='ltr'><strong>tendit</strong></span> <span class='ocrx_word' id='word_1_616' title='bbox 1733 4365 1920 4404; x_wconf 89' lang='lat' dir='ltr'><strong>areum</strong></span> <span class='ocrx_word' id='word_1_617' title='bbox 1947 4365 2130 4415; x_wconf 90' lang='lat' dir='ltr'><strong>suum,</strong></span> 
     </span>
    </p>
   </div>
   <div class='ocr_carea' id='block_1_76' title="bbox 482 4441 1455 4511">
    <p class='ocr_par' dir='ltr' id='par_1_76' title="bbox 482 4441 1455 4511">
     <span class='ocr_line' id='line_1_76' title="bbox 482 4441 1455 4511; baseline 0.006 -21"><span class='ocrx_word' id='word_1_618' title='bbox 482 4464 486 4468; x_wconf 90' lang='lat'><strong><em>-</em></strong></span> <span class='ocrx_word' id='word_1_619' title='bbox 557 4455 732 4508; x_wconf 89' lang='lat' dir='ltr'><strong>neque</strong></span> <span class='ocrx_word' id='word_1_620' title='bbox 761 4441 962 4511; x_wconf 83' lang='lat' dir='ltr'><strong>alliget,</strong></span> <span class='ocrx_word' id='word_1_621' title='bbox 992 4442 1080 4496; x_wconf 88' lang='lat' dir='ltr'><strong>cui</strong></span> <span class='ocrx_word' id='word_1_622' title='bbox 1119 4451 1247 4496; x_wconf 88' lang='lat' dir='ltr'><strong>sunt</strong></span> <span class='ocrx_word' id='word_1_623' title='bbox 1304 4457 1455 4496; x_wconf 88' lang='lat' dir='ltr'><strong>arma</strong></span> 
     </span>
    </p>
   </div>
   <div class='ocr_carea' id='block_1_77' title="bbox 549 4531 2125 4605">
    <p class='ocr_par' dir='ltr' id='par_1_77' title="bbox 549 4531 2125 4605">
     <span class='ocr_line' id='line_1_77' title="bbox 549 4531 2125 4605; baseline 0.002 -21"><span class='ocrx_word' id='word_1_624' title='bbox 549 4531 779 4599; x_wconf 89' lang='lat' dir='ltr'><strong>juvenes</strong></span> <span class='ocrx_word' id='word_1_625' title='bbox 800 4535 942 4602; x_wconf 90' lang='lat' dir='ltr'><strong>ejus,</strong></span> <span class='ocrx_word' id='word_1_626' title='bbox 974 4543 1027 4588; x_wconf 90' lang='lat' dir='ltr'><strong>et</strong></span> <span class='ocrx_word' id='word_1_627' title='bbox 1061 4534 1136 4605; x_wconf 75' lang='grc' dir='ltr'>(ὁ)</span> <span class='ocrx_word' id='word_1_628' title='bbox 1187 4534 1395 4590; x_wconf 89' lang='lat' dir='ltr'><strong>abolete</strong></span> <span class='ocrx_word' id='word_1_629' title='bbox 1458 4549 1676 4589; x_wconf 91' lang='lat' dir='ltr'><strong>omnem</strong></span> <span class='ocrx_word' id='word_1_630' title='bbox 1733 4535 1804 4604; x_wconf 83' lang='grc' dir='ltr'>(ε)</span> <span class='ocrx_word' id='word_1_631' title='bbox 1867 4535 2125 4588; x_wconf 86' lang='lat' dir='ltr'><strong>virtutem</strong></span> 
     </span>
    </p>
   </div>
   <div class='ocr_carea' id='block_1_78' title="bbox 553 4622 2132 4692">
    <p class='ocr_par' dir='ltr' id='par_1_78' title="bbox 553 4622 2132 4692">
     <span class='ocr_line' id='line_1_78' title="bbox 553 4622 2132 4692; baseline 0.004 -19"><span class='ocrx_word' id='word_1_632' title='bbox 553 4622 692 4692; x_wconf 83' lang='lat' dir='ltr'><strong>ejus.</strong></span> <span class='ocrx_word' id='word_1_633' title='bbox 728 4622 780 4677; x_wconf 87' lang='grc'><strong>4.</strong></span> <span class='ocrx_word' id='word_1_634' title='bbox 810 4624 873 4678; x_wconf 87' lang='lat' dir='ltr'><strong>Et</strong></span> <span class='ocrx_word' id='word_1_635' title='bbox 900 4626 1096 4680; x_wconf 89' lang='lat' dir='ltr'><strong>cadent</strong></span> <span class='ocrx_word' id='word_1_636' title='bbox 1143 4625 1311 4682; x_wconf 91' lang='lat' dir='ltr'><strong>occisi</strong></span> <span class='ocrx_word' id='word_1_637' title='bbox 1364 4627 1418 4681; x_wconf 91' lang='lat' dir='ltr'><strong>in</strong></span> <span class='ocrx_word' id='word_1_638' title='bbox 1470 4635 1612 4681; x_wconf 88' lang='lat' dir='ltr'><strong>terra</strong></span> <span class='ocrx_word' id='word_1_639' title='bbox 1645 4625 2048 4690; x_wconf 70' lang='lat' dir='ltr'><strong>Chaldaeorum,</strong></span> <span class='ocrx_word' id='word_1_640' title='bbox 2077 4637 2132 4681; x_wconf 91' lang='lat' dir='ltr'><strong>et</strong></span> 
     </span>
    </p>
   </div>
   <div class='ocr_carea' id='block_1_79' title="bbox 621 4823 2063 4896">
    <p class='ocr_par' dir='ltr' id='par_1_79' title="bbox 621 4823 2063 4896">
     <span class='ocr_line' id='line_1_79' title="bbox 621 4823 2063 4896; baseline 0.001 -20"><span class='ocrx_word' id='word_1_641' title='bbox 621 4824 696 4894; x_wconf 79' lang='lat' dir='ltr'><strong>(Ir)</strong></span> <span class='ocrx_word' id='word_1_642' title='bbox 732 4823 819 4886; x_wconf 84' lang='grc' dir='ltr'><strong>Α.,</strong></span> <span class='ocrx_word' id='word_1_643' title='bbox 851 4831 905 4896; x_wconf 85' lang='lat' dir='ltr'><strong>et</strong></span> <span class='ocrx_word' id='word_1_644' title='bbox 930 4823 1294 4896; x_wconf 80' lang='lat' dir='ltr'><strong>perturbabit.</strong></span> <span class='ocrx_word' id='word_1_645' title='bbox 1372 4825 1434 4896; x_wconf 82' lang='grc' dir='ltr'>(ἱ)</span> <span class='ocrx_word' id='word_1_646' title='bbox 1469 4823 1676 4896; x_wconf 66' lang='lat' dir='ltr'><strong>Reliqui</strong></span> <span class='ocrx_word' id='word_1_647' title='bbox 1710 4844 1735 4896; x_wconf 13' lang='lat'><strong>:7</strong></span> <span class='ocrx_word' id='word_1_648' title='bbox 1766 4827 2063 4896; x_wconf 90' lang='lat' dir='ltr'><strong>sapientes.</strong></span> 
     </span>
    </p>
   </div>
   <div class='ocr_carea' id='block_1_80' title="bbox 553 4891 2056 5018">
    <p class='ocr_par' dir='ltr' id='par_1_80' title="bbox 553 4891 2056 5018">
     <span class='ocr_line' id='line_1_80' title="bbox 553 4891 2056 5018; baseline -0.001 -70"><span class='ocrx_word' id='word_1_649' title='bbox 553 4891 692 4965; x_wconf 87' lang='lat' dir='ltr'><strong>ejus,</strong></span> <span class='ocrx_word' id='word_1_650' title='bbox 746 4901 801 4948; x_wconf 92' lang='lat' dir='ltr'><strong>et</strong></span> <span class='ocrx_word' id='word_1_651' title='bbox 854 4891 1313 4976; x_wconf 75' lang='lat' dir='ltr'><strong>defatigalmntur.</strong></span> <span class='ocrx_word' id='word_1_652' title='bbox 1381 4891 1474 5018; x_wconf 37' lang='lat' dir='ltr'><strong>At)</strong></span> <span class='ocrx_word' id='word_1_653' title='bbox 1532 4891 1776 4976; x_wconf 58' lang='lat' dir='ltr'><strong>Reliqui:</strong></span> <span class='ocrx_word' id='word_1_654' title='bbox 1834 4891 2056 4977; x_wconf 44' lang='grc' dir='ltr'><strong>Ϊοιιες..</strong></span> 
     </span>
     <span class='ocr_line' id='line_1_81' title="bbox 554 4962 2056 5018; baseline 0 0"><span class='ocrx_word' id='word_1_655' title='bbox 554 4967 684 5018; x_wconf 87' lang='lat' dir='ltr'><strong>eris.</strong></span> <span class='ocrx_word' id='word_1_656' title='bbox 744 4962 829 5018; x_wconf 90' lang='lat'><strong>8..</strong></span> <span class='ocrx_word' id='word_1_657' title='bbox 873 4980 925 5016; x_wconf 86' lang='lat' dir='ltr'><strong>In</strong></span> <span class='ocrx_word' id='word_1_658' title='bbox 962 4965 1209 5018; x_wconf 86' lang='lat' dir='ltr'><strong>lorttbus.</strong></span> <span class='ocrx_word' id='word_1_659' title='bbox 1287 4965 1360 5018; x_wconf 80' lang='grc' dir='ltr'>(ο)</span> <span class='ocrx_word' id='word_1_660' title='bbox 1445 5005 1480 5018; x_wconf 92' lang='lat'><strong>..</strong></span> <span class='ocrx_word' id='word_1_661' title='bbox 1506 4966 1738 5018; x_wconf 77' lang='lat' dir='ltr'><strong>Sanum.</strong></span> <span class='ocrx_word' id='word_1_662' title='bbox 1772 4964 1927 5018; x_wconf 87' lang='lat' dir='ltr'><strong>Heb..</strong></span> <span class='ocrx_word' id='word_1_663' title='bbox 1981 4966 2056 5018; x_wconf 89' lang='lat' dir='ltr'><strong>Su</strong></span> 
     </span>
    </p>
   </div>
   <div class='ocr_carea' id='block_1_81' title="bbox 554 4962 2135 5035">
    <p class='ocr_par' dir='ltr' id='par_1_81' title="bbox 554 4962 2135 5035">
     <span class='ocr_line' id='line_1_82' title="bbox 554 4962 2135 5035; baseline -0.001 -15"><span class='ocrx_word' id='word_1_664' title='bbox 554 4962 684 5020; x_wconf 71' lang='lat' dir='ltr'><strong>eris.</strong></span> <span class='ocrx_word' id='word_1_665' title='bbox 744 4962 829 5028; x_wconf 90' lang='lat'><strong>8.,</strong></span> <span class='ocrx_word' id='word_1_666' title='bbox 873 4965 925 5035; x_wconf 70' lang='lat' dir='ltr'><strong>ip</strong></span> <span class='ocrx_word' id='word_1_667' title='bbox 962 4963 1209 5021; x_wconf 79' lang='lat' dir='ltr'><strong>fortibus.</strong></span> <span class='ocrx_word' id='word_1_668' title='bbox 1287 4965 1360 5035; x_wconf 89' lang='lat'><strong>(0)</strong></span> <span class='ocrx_word' id='word_1_669' title='bbox 1395 4962 1480 5030; x_wconf 79' lang='lat' dir='ltr'><strong>A.,</strong></span> <span class='ocrx_word' id='word_1_670' title='bbox 1506 4962 1738 5018; x_wconf 33' lang='lat' dir='ltr'><strong>Sunii&#39;m.</strong></span> <span class='ocrx_word' id='word_1_671' title='bbox 1772 4964 1927 5029; x_wconf 86' lang='lat' dir='ltr'><strong>Heb.,</strong></span> <span class='ocrx_word' id='word_1_672' title='bbox 1981 4966 2135 5019; x_wconf 88' lang='lat' dir='ltr'><strong>Siim.</strong></span> 
     </span>
    </p>
   </div>
   <div class='ocr_carea' id='block_1_82' title="bbox 555 5037 1367 5185">
    <p class='ocr_par' dir='ltr' id='par_1_82' title="bbox 555 5037 1367 5185">
     <span class='ocr_line' id='line_1_83' title="bbox 555 5037 1367 5102; baseline -0.001 -14"><span class='ocrx_word' id='word_1_673' title='bbox 555 5037 676 5088; x_wconf 89' lang='lat' dir='ltr'><strong>lms.</strong></span> <span class='ocrx_word' id='word_1_674' title='bbox 755 5037 828 5102; x_wconf 68' lang='grc' dir='ltr'>(τι)</span> <span class='ocrx_word' id='word_1_675' title='bbox 866 5037 948 5098; x_wconf 93' lang='grc'><strong>8.,</strong></span> <span class='ocrx_word' id='word_1_676' title='bbox 976 5043 1031 5087; x_wconf 94' lang='lat' dir='ltr'><strong>et</strong></span> <span class='ocrx_word' id='word_1_677' title='bbox 1056 5051 1162 5088; x_wconf 91' lang='lat' dir='ltr'><strong>non</strong></span> <span class='ocrx_word' id='word_1_678' title='bbox 1197 5037 1367 5090; x_wconf 78' lang='lat' dir='ltr'><strong>habita</strong></span> 
     </span>
     <span class='ocr_line' id='line_1_84' title="bbox 555 5105 1367 5185; baseline 0.004 -29"><span class='ocrx_word' id='word_1_679' title='bbox 555 5105 885 5185; x_wconf 61' lang='lat' dir='ltr'><strong>iterationes.</strong></span> <span class='ocrx_word' id='word_1_680' title='bbox 924 5174 936 5185; x_wconf 29' lang='grc' dir='ltr'>ι</span> <span class='ocrx_word' id='word_1_681' title='bbox 991 5106 1068 5185; x_wconf 81' lang='lat' dir='ltr'><strong>_(r)</strong></span> <span class='ocrx_word' id='word_1_682' title='bbox 1119 5105 1226 5185; x_wconf 10' lang='lat' dir='ltr'><strong>7A.,</strong></span> <span class='ocrx_word' id='word_1_683' title='bbox 1284 5105 1367 5172; x_wconf 91' lang='lat'><strong>8.,</strong></span> 
     </span>
    </p>
   </div>
   <div class='ocr_carea' id='block_1_83' title="bbox 555 5174 1836 5311">
    <p class='ocr_par' dir='ltr' id='par_1_83' title="bbox 555 5174 1836 5311">
     <span class='ocr_line' id='line_1_85' title="bbox 555 5174 1836 5244; baseline 0 -18"><span class='ocrx_word' id='word_1_684' title='bbox 555 5175 785 5242; x_wconf 89' lang='lat' dir='ltr'><strong>tiquum.</strong></span> <span class='ocrx_word' id='word_1_685' title='bbox 867 5174 942 5244; x_wconf 79' lang='grc' dir='ltr'>(ιι)</span> <span class='ocrx_word' id='word_1_686' title='bbox 991 5174 1046 5227; x_wconf 84' lang='grc' dir='ltr'><strong>1η</strong></span> <span class='ocrx_word' id='word_1_687' title='bbox 1113 5184 1278 5229; x_wconf 90' lang='lat' dir='ltr'><strong>terra.</strong></span> <span class='ocrx_word' id='word_1_688' title='bbox 1396 5176 1473 5243; x_wconf 69' lang='lat' dir='ltr'><strong>(at)</strong></span> <span class='ocrx_word' id='word_1_689' title='bbox 1536 5175 1622 5238; x_wconf 84' lang='grc' dir='ltr'><strong>Α.,</strong></span> <span class='ocrx_word' id='word_1_690' title='bbox 1670 5175 1836 5228; x_wconf 73' lang='grc' dir='ltr'>ἰιιγθιιι</span> 
     </span>
     <span class='ocr_line' id='line_1_86' title="bbox 555 5243 1836 5311; baseline 0.003 -17"><span class='ocrx_word' id='word_1_691' title='bbox 555 5243 596 5294; x_wconf 81' lang='grc' dir='ltr'><strong><em>Α</em></strong></span> <span class='ocrx_word' id='word_1_692' title='bbox 628 5283 642 5306; x_wconf 86' lang='grc'><strong>,</strong></span> <span class='ocrx_word' id='word_1_693' title='bbox 675 5244 756 5308; x_wconf 91' lang='grc'><strong>8.,</strong></span> <span class='ocrx_word' id='word_1_694' title='bbox 791 5246 1158 5311; x_wconf 89' lang='lat' dir='ltr'><strong>ventilatorcs,</strong></span> <span class='ocrx_word' id='word_1_695' title='bbox 1207 5254 1260 5298; x_wconf 90' lang='lat' dir='ltr'><strong>et</strong></span> <span class='ocrx_word' id='word_1_696' title='bbox 1313 5247 1652 5299; x_wconf 86' lang='lat' dir='ltr'><strong>ventilabunt</strong></span> <span class='ocrx_word' id='word_1_697' title='bbox 1697 5261 1836 5298; x_wconf 88' lang='lat' dir='ltr'><strong>eam.</strong></span> 
     </span>
    </p>
   </div>
   <div class='ocr_carea' id='block_1_84' title="bbox 553 5314 2056 5386">
    <p class='ocr_par' dir='ltr' id='par_1_84' title="bbox 553 5314 2056 5386">
     <span class='ocr_line' id='line_1_87' title="bbox 553 5314 2056 5386; baseline 0.002 -21"><span class='ocrx_word' id='word_1_698' title='bbox 553 5329 672 5386; x_wconf 81' lang='lat' dir='ltr'><strong>eam</strong></span> <span class='ocrx_word' id='word_1_699' title='bbox 700 5314 782 5386; x_wconf 88' lang='lat' dir='ltr'><strong>_iu</strong></span> <span class='ocrx_word' id='word_1_700' title='bbox 838 5314 1120 5386; x_wconf 30' lang='lat' dir='ltr'><strong>circuitu;</strong></span> <span class='ocrx_word' id='word_1_701' title='bbox 1167 5315 1244 5386; x_wconf 72' lang='grc'>(1))</span> <span class='ocrx_word' id='word_1_702' title='bbox 1300 5314 1503 5384; x_wconf 82' lang='lat' dir='ltr'><strong>Reliqui</strong></span> <span class='ocrx_word' id='word_1_703' title='bbox 1546 5334 1556 5367; x_wconf 92' lang='lat'>:</span> <span class='ocrx_word' id='word_1_704' title='bbox 1604 5315 1873 5386; x_wconf 87' lang='lat' dir='ltr'><strong>devotioni</strong></span> <span class='ocrx_word' id='word_1_705' title='bbox 1915 5318 2056 5386; x_wconf 68' lang='lat' dir='ltr'><strong>date.</strong></span> 
     </span>
    </p>
   </div>
   <div class='ocr_carea' id='block_1_85' title="bbox 555 5383 1986 5456">
    <p class='ocr_par' dir='ltr' id='par_1_85' title="bbox 555 5383 1986 5456">
     <span class='ocr_line' id='line_1_88' title="bbox 555 5383 1986 5456; baseline 0.001 -22"><span class='ocrx_word' id='word_1_706' title='bbox 555 5383 896 5456; x_wconf 81' lang='lat' dir='ltr'><strong>militiarum.</strong></span> <span class='ocrx_word' id='word_1_707' title='bbox 976 5385 1041 5452; x_wconf 72' lang='grc' dir='ltr'>(Ι)</span> <span class='ocrx_word' id='word_1_708' title='bbox 1081 5383 1611 5456; x_wconf 58' lang='lat' dir='ltr'><strong>S_.,&#39;obmutescatis.</strong></span> <span class='ocrx_word' id='word_1_709' title='bbox 1691 5386 1761 5456; x_wconf 89' lang='lat' dir='ltr'><strong>(g)</strong></span> <span class='ocrx_word' id='word_1_710' title='bbox 1789 5385 1876 5451; x_wconf 86' lang='grc' dir='ltr'><em>Α.,</em></span> <span class='ocrx_word' id='word_1_711' title='bbox 1905 5383 1986 5449; x_wconf 81' lang='lat'><strong>8.,</strong></span> 
     </span>
    </p>
   </div>
   <div class='ocr_carea' id='block_1_86' title="bbox 558 5452 2083 5524">
    <p class='ocr_par' dir='ltr' id='par_1_86' title="bbox 558 5452 2083 5524">
     <span class='ocr_line' id='line_1_89' title="bbox 558 5452 2083 5524; baseline 0.003 -20"><span class='ocrx_word' id='word_1_712' title='bbox 558 5452 686 5505; x_wconf 90' lang='lat' dir='ltr'><strong>tiam</strong></span> <span class='ocrx_word' id='word_1_713' title='bbox 738 5453 996 5507; x_wconf 91' lang='lat' dir='ltr'><strong>nubium.</strong></span> <span class='ocrx_word' id='word_1_714' title='bbox 1076 5453 1270 5524; x_wconf 56' lang='lat'><strong>(10.4.,</strong></span> <span class='ocrx_word' id='word_1_715' title='bbox 1309 5454 1552 5524; x_wconf 88' lang='lat' dir='ltr'><strong>justitias</strong></span> <span class='ocrx_word' id='word_1_716' title='bbox 1585 5452 1818 5510; x_wconf 80' lang='lat' dir='ltr'><strong>nosti-as.</strong></span> <span class='ocrx_word' id='word_1_717' title='bbox 1896 5456 1959 5524; x_wconf 81' lang='grc' dir='ltr'>(ι)</span> <span class='ocrx_word' id='word_1_718' title='bbox 1996 5453 2083 5516; x_wconf 82' lang='grc' dir='ltr'><strong>Α.,</strong></span> 
     </span>
    </p>
   </div>
   <div class='ocr_carea' id='block_1_87' title="bbox 561 5524 1254 5591">
    <p class='ocr_par' dir='ltr' id='par_1_87' title="bbox 561 5524 1254 5591">
     <span class='ocr_line' id='line_1_90' title="bbox 561 5524 1254 5591; baseline -0.001 -16"><span class='ocrx_word' id='word_1_719' title='bbox 561 5530 743 5575; x_wconf 85' lang='lat' dir='ltr'><strong>tenete</strong></span> <span class='ocrx_word' id='word_1_720' title='bbox 771 5524 1091 5591; x_wconf 78' lang='lat' dir='ltr'><strong>custodiam.</strong></span> <span class='ocrx_word' id='word_1_721' title='bbox 1175 5528 1254 5591; x_wconf 81' lang='grc' dir='ltr'>(η)</span> 
     </span>
    </p>
   </div>
   <div class='ocr_carea' id='block_1_88' title="bbox 1415 5105 1984 5170">
    <p class='ocr_par' dir='ltr' id='par_1_88' title="bbox 1415 5105 1984 5170">
     <span class='ocr_line' id='line_1_91' title="bbox 1415 5105 1984 5170; baseline -0.009 -10"><span class='ocrx_word' id='word_1_722' title='bbox 1415 5117 1650 5160; x_wconf 90' lang='lat' dir='ltr'><strong>scutum.</strong></span> <span class='ocrx_word' id='word_1_723' title='bbox 1767 5107 1833 5169; x_wconf 83' lang='lat' dir='ltr'><strong>(sl</strong></span> <span class='ocrx_word' id='word_1_724' title='bbox 1897 5105 1984 5170; x_wconf 80' lang='grc' dir='ltr'><em>Α.,</em></span> 
     </span>
    </p>
   </div>
   <div class='ocr_carea' id='block_1_89' title="bbox 1917 5243 3299 5318">
    <p class='ocr_par' dir='ltr' id='par_1_89' title="bbox 1917 5243 3299 5318">
     <span class='ocr_line' id='line_1_92' title="bbox 1917 5243 3299 5318; baseline 0.002 -23"><span class='ocrx_word' id='word_1_725' title='bbox 1917 5245 1992 5313; x_wconf 87' lang='lat' dir='ltr'><strong>(al</strong></span> <span class='ocrx_word' id='word_1_726' title='bbox 2043 5245 2154 5318; x_wconf 85' lang='lat' dir='ltr'><strong>A.,_</strong></span> <span class='ocrx_word' id='word_1_727' title='bbox 2188 5253 2273 5318; x_wconf 32' lang='lat' dir='ltr'><strong>et.</strong></span> <span class='ocrx_word' id='word_1_728' title='bbox 2305 5244 2697 5318; x_wconf 75' lang='lat' dir='ltr'><strong>hutnectabunt</strong></span> <span class='ocrx_word' id='word_1_729' title='bbox 2723 5252 2960 5318; x_wconf 84' lang='lat' dir='ltr'><strong>_terram_</strong></span> <span class='ocrx_word' id='word_1_730' title='bbox 2988 5243 3129 5318; x_wconf 84' lang='lat' dir='ltr'><strong>ejus,</strong></span> <span class='ocrx_word' id='word_1_731' title='bbox 3173 5243 3299 5318; x_wconf 85' lang='lat' dir='ltr'><strong>quia</strong></span> 
     </span>
    </p>
   </div>
   <div class='ocr_carea' id='block_1_90' title="bbox 2022 5313 2516 5453">
    <p class='ocr_par' dir='ltr' id='par_1_90' title="bbox 2022 5313 2516 5453">
     <span class='ocr_line' id='line_1_93' title="bbox 2022 5313 2516 5386; baseline -0.002 -19"><span class='ocrx_word' id='word_1_732' title='bbox 2022 5332 2056 5367; x_wconf 53' lang='grc' dir='ltr'><strong>φ.</strong></span> <span class='ocrx_word' id='word_1_733' title='bbox 2137 5316 2207 5386; x_wconf 77' lang='grc' dir='ltr'>(ε)</span> <span class='ocrx_word' id='word_1_734' title='bbox 2242 5313 2328 5379; x_wconf 85' lang='grc' dir='ltr'><em>Α.,</em></span> <span class='ocrx_word' id='word_1_735' title='bbox 2389 5313 2516 5366; x_wconf 89' lang='lat' dir='ltr'><strong>tnilil</strong></span> 
     </span>
     <span class='ocr_line' id='line_1_94' title="bbox 2022 5385 2516 5453; baseline -0.002 -17"><span class='ocrx_word' id='word_1_736' title='bbox 2022 5385 2223 5439; x_wconf 87' lang='lat' dir='ltr'><strong>ululate</strong></span> <span class='ocrx_word' id='word_1_737' title='bbox 2249 5399 2413 5453; x_wconf 84' lang='lat' dir='ltr'><strong>super</strong></span> <span class='ocrx_word' id='word_1_738' title='bbox 2434 5398 2516 5453; x_wconf 87' lang='lat' dir='ltr'><strong>ea.</strong></span> 
     </span>
    </p>
   </div>
   <div class='ocr_carea' id='block_1_91' title="bbox 2140 5451 3363 5520">
    <p class='ocr_par' dir='ltr' id='par_1_91' title="bbox 2140 5451 3363 5520">
     <span class='ocr_line' id='line_1_95' title="bbox 2140 5451 3363 5520; baseline -0.001 -13"><span class='ocrx_word' id='word_1_739' title='bbox 2140 5453 2223 5519; x_wconf 88' lang='lat'><strong>8.,</strong></span> <span class='ocrx_word' id='word_1_740' title='bbox 2273 5451 2530 5518; x_wconf 73' lang='lat' dir='ltr'><strong>eugitatio</strong></span> <span class='ocrx_word' id='word_1_741' title='bbox 2567 5456 2687 5520; x_wconf 90' lang='lat' dir='ltr'><strong>ejus</strong></span> <span class='ocrx_word' id='word_1_742' title='bbox 2734 5455 2798 5506; x_wconf 87' lang='lat' dir='ltr'><strong>ad</strong></span> <span class='ocrx_word' id='word_1_743' title='bbox 2849 5453 3182 5520; x_wconf 90' lang='lat' dir='ltr'><strong>perdendum</strong></span> <span class='ocrx_word' id='word_1_744' title='bbox 3221 5451 3363 5508; x_wconf 87' lang='lat' dir='ltr'><strong>eam.</strong></span> 
     </span>
    </p>
   </div>
   <div class='ocr_carea' id='block_1_92' title="bbox 1337 5522 2592 5594">
    <p class='ocr_par' dir='ltr' id='par_1_92' title="bbox 1337 5522 2592 5594">
     <span class='ocr_line' id='line_1_96' title="bbox 1337 5522 2592 5594; baseline 0 -18"><span class='ocrx_word' id='word_1_745' title='bbox 1337 5565 1372 5590; x_wconf 94' lang='lat'><strong>.,</strong></span> <span class='ocrx_word' id='word_1_746' title='bbox 1413 5523 1495 5591; x_wconf 91' lang='lat'><strong>8.,</strong></span> <span class='ocrx_word' id='word_1_747' title='bbox 1535 5526 1780 5590; x_wconf 86' lang='lat' dir='ltr'><strong>insidias,</strong></span> <span class='ocrx_word' id='word_1_748' title='bbox 1826 5522 1953 5594; x_wconf 79' lang='lat' dir='ltr'><strong>quia</strong></span> <span class='ocrx_word' id='word_1_749' title='bbox 2001 5525 2260 5593; x_wconf 78' lang='lat' dir='ltr'><strong>cogitavit</strong></span> <span class='ocrx_word' id='word_1_750' title='bbox 2306 5522 2592 5594; x_wconf 84' lang='lat' dir='ltr'><strong>Dominus.</strong></span> 
     </span>
    </p>
   </div>
   <div class='ocr_carea' id='block_1_93' title="bbox 2234 3249 3815 3320">
    <p class='ocr_par' dir='ltr' id='par_1_93' title="bbox 2234 3249 3815 3320">
     <span class='ocr_line' id='line_1_97' title="bbox 2234 3249 3815 3320; baseline 0.004 -19"><span class='ocrx_word' id='word_1_751' title='bbox 2234 3249 2328 3318; x_wconf 91' lang='lat' dir='ltr'><strong>qui</strong></span> <span class='ocrx_word' id='word_1_752' title='bbox 2363 3258 2521 3318; x_wconf 88' lang='lat' dir='ltr'><strong>parat</strong></span> <span class='ocrx_word' id='word_1_753' title='bbox 2555 3249 2746 3304; x_wconf 86' lang='lat' dir='ltr'><strong>urbem</strong></span> <span class='ocrx_word' id='word_1_754' title='bbox 2781 3250 3137 3304; x_wconf 90' lang='lat' dir='ltr'><strong>habitabilem</strong></span> <span class='ocrx_word' id='word_1_755' title='bbox 3168 3251 3222 3304; x_wconf 91' lang='lat' dir='ltr'><strong>in</strong></span> <span class='ocrx_word' id='word_1_756' title='bbox 3258 3252 3524 3320; x_wconf 90' lang='lat' dir='ltr'><strong>sapientia</strong></span> <span class='ocrx_word' id='word_1_757' title='bbox 3584 3270 3706 3319; x_wconf 88' lang='lat' dir='ltr'><strong>sua,</strong></span> <span class='ocrx_word' id='word_1_758' title='bbox 3759 3255 3815 3307; x_wconf 92' lang='lat' dir='ltr'><strong>in</strong></span> 
     </span>
    </p>
   </div>
   <div class='ocr_carea' id='block_1_94' title="bbox 2234 3341 3816 3414">
    <p class='ocr_par' dir='ltr' id='par_1_94' title="bbox 2234 3341 3816 3414">
     <span class='ocr_line' id='line_1_98' title="bbox 2234 3341 3816 3414; baseline 0.002 -19"><span class='ocrx_word' id='word_1_759' title='bbox 2234 3341 2592 3410; x_wconf 85' lang='lat' dir='ltr'><strong>intelligentia</strong></span> <span class='ocrx_word' id='word_1_760' title='bbox 2620 3357 2716 3394; x_wconf 89' lang='lat' dir='ltr'><strong>stta</strong></span> <span class='ocrx_word' id='word_1_761' title='bbox 2748 3341 2992 3396; x_wconf 79' lang='lat' dir='ltr'><strong>extendit</strong></span> <span class='ocrx_word' id='word_1_762' title='bbox 3027 3344 3224 3398; x_wconf 71' lang='lat' dir='ltr'><strong>ctelum</strong></span> <span class='ocrx_word' id='word_1_763' title='bbox 3247 3383 3261 3406; x_wconf 95' lang='lat'><strong>,</strong></span> <span class='ocrx_word' id='word_1_764' title='bbox 3299 3344 3380 3398; x_wconf 89' lang='grc'><strong>16.</strong></span> <span class='ocrx_word' id='word_1_765' title='bbox 3415 3345 3468 3398; x_wconf 91' lang='lat' dir='ltr'><strong>in</strong></span> <span class='ocrx_word' id='word_1_766' title='bbox 3500 3360 3686 3399; x_wconf 91' lang='lat' dir='ltr'><strong>vocem</strong></span> <span class='ocrx_word' id='word_1_767' title='bbox 3713 3361 3816 3414; x_wconf 88' lang='lat' dir='ltr'><strong>po-</strong></span> 
     </span>
    </p>
   </div>
   <div class='ocr_carea' id='block_1_95' title="bbox 2235 3432 3821 3504">
    <p class='ocr_par' dir='ltr' id='par_1_95' title="bbox 2235 3432 3821 3504">
     <span class='ocr_line' id='line_1_99' title="bbox 2235 3432 3821 3504; baseline 0.003 -17"><span class='ocrx_word' id='word_1_768' title='bbox 2235 3434 2344 3487; x_wconf 87' lang='lat' dir='ltr'><strong>suit</strong></span> <span class='ocrx_word' id='word_1_769' title='bbox 2375 3432 2779 3487; x_wconf 88' lang='lat' dir='ltr'><strong>multitudinem</strong></span> <span class='ocrx_word' id='word_1_770' title='bbox 2806 3435 3068 3502; x_wconf 87' lang='lat' dir='ltr'><strong>strepitus</strong></span> <span class='ocrx_word' id='word_1_771' title='bbox 3091 3451 3246 3504; x_wconf 74' lang='lat' dir='ltr'><strong>aqute</strong></span> <span class='ocrx_word' id='word_1_772' title='bbox 3275 3436 3327 3489; x_wconf 90' lang='lat' dir='ltr'><strong>in</strong></span> <span class='ocrx_word' id='word_1_773' title='bbox 3352 3438 3512 3501; x_wconf 63' lang='lat' dir='ltr'><strong>caelo,</strong></span> <span class='ocrx_word' id='word_1_774' title='bbox 3538 3447 3591 3492; x_wconf 90' lang='lat' dir='ltr'><strong>ct</strong></span> <span class='ocrx_word' id='word_1_775' title='bbox 3629 3437 3821 3492; x_wconf 79' lang='lat' dir='ltr'><strong>eduxit</strong></span> 
     </span>
    </p>
   </div>
   <div class='ocr_carea' id='block_1_96' title="bbox 2234 3524 3817 3597">
    <p class='ocr_par' dir='ltr' id='par_1_96' title="bbox 2234 3524 3817 3597">
     <span class='ocr_line' id='line_1_100' title="bbox 2234 3524 3817 3597; baseline 0.002 -20"><span class='ocrx_word' id='word_1_776' title='bbox 2234 3524 2408 3579; x_wconf 85' lang='lat' dir='ltr'><strong>nubes</strong></span> <span class='ocrx_word' id='word_1_777' title='bbox 2435 3525 2505 3577; x_wconf 92' lang='lat' dir='ltr'><strong>ab</strong></span> <span class='ocrx_word' id='word_1_778' title='bbox 2532 3533 2779 3578; x_wconf 78' lang='lat' dir='ltr'><strong>extremo</strong></span> <span class='ocrx_word' id='word_1_779' title='bbox 2805 3534 2982 3587; x_wconf 80' lang='lat' dir='ltr'><strong>teme,</strong></span> <span class='ocrx_word' id='word_1_780' title='bbox 3021 3525 3235 3596; x_wconf 84' lang='lat' dir='ltr'><strong>lulgura</strong></span> <span class='ocrx_word' id='word_1_781' title='bbox 3287 3529 3339 3581; x_wconf 92' lang='lat' dir='ltr'><strong>in</strong></span> <span class='ocrx_word' id='word_1_782' title='bbox 3391 3529 3626 3597; x_wconf 90' lang='lat' dir='ltr'><strong>pluviam</strong></span> <span class='ocrx_word' id='word_1_783' title='bbox 3665 3529 3817 3592; x_wconf 81' lang='lat' dir='ltr'><strong>fecit,</strong></span> 
     </span>
    </p>
   </div>
   <div class='ocr_carea' id='block_1_97' title="bbox 2233 3615 3819 3684">
    <p class='ocr_par' dir='ltr' id='par_1_97' title="bbox 2233 3615 3819 3684">
     <span class='ocr_line' id='line_1_101' title="bbox 2233 3615 3819 3684; baseline 0.003 -16"><span class='ocrx_word' id='word_1_784' title='bbox 2233 3624 2286 3669; x_wconf 93' lang='lat' dir='ltr'><strong>ct</strong></span> <span class='ocrx_word' id='word_1_785' title='bbox 2309 3615 2496 3668; x_wconf 79' lang='lat' dir='ltr'><strong>eduxit</strong></span> <span class='ocrx_word' id='word_1_786' title='bbox 2523 3616 2592 3684; x_wconf 82' lang='lat' dir='ltr'><strong>(s)</strong></span> <span class='ocrx_word' id='word_1_787' title='bbox 2641 3616 2823 3669; x_wconf 89' lang='lat' dir='ltr'><strong>lumen</strong></span> <span class='ocrx_word' id='word_1_788' title='bbox 2877 3631 2908 3668; x_wconf 84' lang='lat' dir='ltr'><strong>e</strong></span> <span class='ocrx_word' id='word_1_789' title='bbox 2943 3617 3220 3671; x_wconf 83' lang='lat' dir='ltr'><strong>thesauris</strong></span> <span class='ocrx_word' id='word_1_790' title='bbox 3287 3620 3424 3674; x_wconf 88' lang='lat' dir='ltr'><strong>suis.</strong></span> <span class='ocrx_word' id='word_1_791' title='bbox 3482 3619 3568 3671; x_wconf 87' lang='grc'><strong>17.</strong></span> <span class='ocrx_word' id='word_1_792' title='bbox 3605 3617 3819 3673; x_wconf 91' lang='lat' dir='ltr'><strong>Stultus</strong></span> 
     </span>
    </p>
   </div>
   <div class='ocr_carea' id='block_1_98' title="bbox 2234 3705 3821 3780">
    <p class='ocr_par' dir='ltr' id='par_1_98' title="bbox 2234 3705 3821 3780">
     <span class='ocr_line' id='line_1_102' title="bbox 2234 3705 3821 3780; baseline 0.004 -20"><span class='ocrx_word' id='word_1_793' title='bbox 2234 3705 2414 3761; x_wconf 76' lang='lat' dir='ltr'><strong>factus</strong></span> <span class='ocrx_word' id='word_1_794' title='bbox 2451 3719 2533 3760; x_wconf 89' lang='lat' dir='ltr'><strong>est</strong></span> <span class='ocrx_word' id='word_1_795' title='bbox 2567 3709 2748 3762; x_wconf 89' lang='lat' dir='ltr'><strong>omnis</strong></span> <span class='ocrx_word' id='word_1_796' title='bbox 2799 3709 2964 3762; x_wconf 86' lang='lat' dir='ltr'><strong>homo</strong></span> <span class='ocrx_word' id='word_1_797' title='bbox 3007 3724 3037 3761; x_wconf 91' lang='lat' dir='ltr'><strong>a</strong></span> <span class='ocrx_word' id='word_1_798' title='bbox 3072 3710 3331 3774; x_wconf 87' lang='lat' dir='ltr'><strong>scientia,</strong></span> <span class='ocrx_word' id='word_1_799' title='bbox 3371 3710 3692 3780; x_wconf 77' lang='lat' dir='ltr'><strong>pudefactus</strong></span> <span class='ocrx_word' id='word_1_800' title='bbox 3733 3722 3821 3766; x_wconf 85' lang='lat' dir='ltr'><strong>est</strong></span> 
     </span>
    </p>
   </div>
   <div class='ocr_carea' id='block_1_99' title="bbox 2234 3797 3814 3871">
    <p class='ocr_par' dir='ltr' id='par_1_99' title="bbox 2234 3797 3814 3871">
     <span class='ocr_line' id='line_1_103' title="bbox 2234 3797 3814 3871; baseline 0.004 -21"><span class='ocrx_word' id='word_1_801' title='bbox 2234 3797 2416 3851; x_wconf 88' lang='lat' dir='ltr'><strong>onmis</strong></span> <span class='ocrx_word' id='word_1_802' title='bbox 2442 3797 2686 3852; x_wconf 86' lang='lat' dir='ltr'><strong>conllans</strong></span> <span class='ocrx_word' id='word_1_803' title='bbox 2715 3813 2909 3852; x_wconf 90' lang='lat' dir='ltr'><strong>aurum</strong></span> <span class='ocrx_word' id='word_1_804' title='bbox 2937 3815 2966 3853; x_wconf 95' lang='lat' dir='ltr'><strong>a</strong></span> <span class='ocrx_word' id='word_1_805' title='bbox 2992 3800 3336 3868; x_wconf 86' lang='lat' dir='ltr'><strong>sculptilibus</strong></span> <span class='ocrx_word' id='word_1_806' title='bbox 3371 3802 3506 3866; x_wconf 87' lang='lat' dir='ltr'><strong>suis,</strong></span> <span class='ocrx_word' id='word_1_807' title='bbox 3531 3803 3657 3871; x_wconf 90' lang='lat' dir='ltr'><strong>quia</strong></span> <span class='ocrx_word' id='word_1_808' title='bbox 3677 3802 3814 3857; x_wconf 76' lang='lat' dir='ltr'><strong>falsa</strong></span> 
     </span>
    </p>
   </div>
   <div class='ocr_carea' id='block_1_100' title="bbox 2234 3884 3817 3958">
    <p class='ocr_par' dir='ltr' id='par_1_100' title="bbox 2234 3884 3817 3958">
     <span class='ocr_line' id='line_1_104' title="bbox 2234 3884 3817 3958; baseline 0.006 -20"><span class='ocrx_word' id='word_1_809' title='bbox 2234 3884 2565 3949; x_wconf 87' lang='lat' dir='ltr'><strong>eonﬂarunt,</strong></span> <span class='ocrx_word' id='word_1_810' title='bbox 2595 3901 2702 3940; x_wconf 89' lang='lat' dir='ltr'><strong>non</strong></span> <span class='ocrx_word' id='word_1_811' title='bbox 2745 3897 2830 3941; x_wconf 92' lang='lat' dir='ltr'><strong>est</strong></span> <span class='ocrx_word' id='word_1_812' title='bbox 2864 3889 3088 3958; x_wconf 86' lang='lat' dir='ltr'><strong>spiritus</strong></span> <span class='ocrx_word' id='word_1_813' title='bbox 3135 3891 3186 3943; x_wconf 91' lang='lat' dir='ltr'><strong>in</strong></span> <span class='ocrx_word' id='word_1_814' title='bbox 3231 3891 3334 3956; x_wconf 88' lang='lat' dir='ltr'><strong>eis,</strong></span> <span class='ocrx_word' id='word_1_815' title='bbox 3390 3893 3474 3944; x_wconf 88' lang='lat' dir='ltr'><strong>l8.</strong></span> <span class='ocrx_word' id='word_1_816' title='bbox 3520 3908 3656 3946; x_wconf 88' lang='lat' dir='ltr'><strong>vana</strong></span> <span class='ocrx_word' id='word_1_817' title='bbox 3690 3904 3817 3948; x_wconf 43' lang='lat' dir='ltr'><strong>suat</strong></span> 
     </span>
    </p>
   </div>
   <div class='ocr_carea' id='block_1_101' title="bbox 2233 3981 3814 4052">
    <p class='ocr_par' dir='ltr' id='par_1_101' title="bbox 2233 3981 3814 4052">
     <span class='ocr_line' id='line_1_105' title="bbox 2233 3981 3814 4052; baseline 0.004 -20"><span class='ocrx_word' id='word_1_818' title='bbox 2233 3995 2397 4049; x_wconf 81' lang='lat' dir='ltr'><strong>opera</strong></span> <span class='ocrx_word' id='word_1_819' title='bbox 2430 3983 2493 4050; x_wconf 88' lang='grc' dir='ltr'><strong>(ι)</strong></span> <span class='ocrx_word' id='word_1_820' title='bbox 2545 3981 2794 4044; x_wconf 90' lang='lat' dir='ltr'><strong>ridicula,</strong></span> <span class='ocrx_word' id='word_1_821' title='bbox 2834 3983 2886 4035; x_wconf 91' lang='lat' dir='ltr'><strong>in</strong></span> <span class='ocrx_word' id='word_1_822' title='bbox 2944 3993 3182 4052; x_wconf 90' lang='lat' dir='ltr'><strong>tempore</strong></span> <span class='ocrx_word' id='word_1_823' title='bbox 3249 3983 3581 4039; x_wconf 76' lang='lat' dir='ltr'><strong>visitationis</strong></span> <span class='ocrx_word' id='word_1_824' title='bbox 3619 4001 3814 4040; x_wconf 79' lang='lat' dir='ltr'><strong>eorum</strong></span> 
     </span>
    </p>
   </div>
   <div class='ocr_carea' id='block_1_102' title="bbox 2235 4073 3815 4147">
    <p class='ocr_par' dir='ltr' id='par_1_102' title="bbox 2235 4073 3815 4147">
     <span class='ocr_line' id='line_1_106' title="bbox 2235 4073 3815 4147; baseline 0.003 -21"><span class='ocrx_word' id='word_1_825' title='bbox 2235 4073 2508 4143; x_wconf 87' lang='lat' dir='ltr'><strong>peribunt.</strong></span> <span class='ocrx_word' id='word_1_826' title='bbox 2543 4075 2624 4128; x_wconf 74' lang='lat'><strong>19.</strong></span> <span class='ocrx_word' id='word_1_827' title='bbox 2659 4073 2777 4128; x_wconf 85' lang='lat' dir='ltr'><strong>Non</strong></span> <span class='ocrx_word' id='word_1_828' title='bbox 2815 4075 2938 4129; x_wconf 90' lang='lat' dir='ltr'><strong>talis</strong></span> <span class='ocrx_word' id='word_1_829' title='bbox 2969 4090 3093 4143; x_wconf 88' lang='lat' dir='ltr'><strong>pars</strong></span> <span class='ocrx_word' id='word_1_830' title='bbox 3142 4075 3355 4140; x_wconf 87' lang='lat' dir='ltr'><strong>Jacobi,</strong></span> <span class='ocrx_word' id='word_1_831' title='bbox 3395 4079 3522 4147; x_wconf 91' lang='lat' dir='ltr'><strong>quia</strong></span> <span class='ocrx_word' id='word_1_832' title='bbox 3553 4078 3660 4143; x_wconf 88' lang='lat' dir='ltr'><strong>ille,</strong></span> <span class='ocrx_word' id='word_1_833' title='bbox 3717 4079 3815 4147; x_wconf 91' lang='lat' dir='ltr'><strong>qui</strong></span> 
     </span>
    </p>
   </div>
   <div class='ocr_carea' id='block_1_103' title="bbox 2235 4162 3814 4235">
    <p class='ocr_par' dir='ltr' id='par_1_103' title="bbox 2235 4162 3814 4235">
     <span class='ocr_line' id='line_1_107' title="bbox 2235 4162 3814 4235; baseline 0.006 -19"><span class='ocrx_word' id='word_1_834' title='bbox 2235 4162 2489 4218; x_wconf 84' lang='lat' dir='ltr'><strong>formavit</strong></span> <span class='ocrx_word' id='word_1_835' title='bbox 2525 4165 2732 4229; x_wconf 89' lang='lat' dir='ltr'><strong>omnia,</strong></span> <span class='ocrx_word' id='word_1_836' title='bbox 2767 4165 2881 4234; x_wconf 87' lang='lat' dir='ltr'><strong>ipse</strong></span> <span class='ocrx_word' id='word_1_837' title='bbox 2906 4175 2989 4219; x_wconf 89' lang='lat' dir='ltr'><strong>est</strong></span> <span class='ocrx_word' id='word_1_838' title='bbox 3019 4165 3096 4235; x_wconf 80' lang='grc' dir='ltr'>(ιι)</span> <span class='ocrx_word' id='word_1_839' title='bbox 3129 4175 3184 4219; x_wconf 92' lang='lat' dir='ltr'><strong>et</strong></span> <span class='ocrx_word' id='word_1_840' title='bbox 3216 4167 3443 4222; x_wconf 89' lang='lat' dir='ltr'><strong>baculus</strong></span> <span class='ocrx_word' id='word_1_841' title='bbox 3473 4168 3814 4225; x_wconf 75' lang='lat' dir='ltr'><strong>luereditatis</strong></span> 
     </span>
    </p>
   </div>
   <div class='ocr_carea' id='block_1_104' title="bbox 2232 4255 3816 4329">
    <p class='ocr_par' dir='ltr' id='par_1_104' title="bbox 2232 4255 3816 4329">
     <span class='ocr_line' id='line_1_108' title="bbox 2232 4255 3816 4329; baseline 0.001 -19"><span class='ocrx_word' id='word_1_842' title='bbox 2232 4257 2372 4325; x_wconf 89' lang='lat' dir='ltr'><strong>ejus,</strong></span> <span class='ocrx_word' id='word_1_843' title='bbox 2405 4255 2668 4310; x_wconf 90' lang='lat' dir='ltr'><strong>Dominus</strong></span> <span class='ocrx_word' id='word_1_844' title='bbox 2689 4255 2949 4310; x_wconf 87' lang='lat' dir='ltr'><strong>virtutum</strong></span> <span class='ocrx_word' id='word_1_845' title='bbox 2980 4273 3177 4312; x_wconf 89' lang='lat' dir='ltr'><strong>nomen</strong></span> <span class='ocrx_word' id='word_1_846' title='bbox 3236 4259 3306 4312; x_wconf 85' lang='lat' dir='ltr'><strong>ei.</strong></span> <span class='ocrx_word' id='word_1_847' title='bbox 3353 4259 3444 4312; x_wconf 77' lang='grc'><strong>20.</strong></span> <span class='ocrx_word' id='word_1_848' title='bbox 3482 4258 3561 4328; x_wconf 74' lang='lat' dir='ltr'><strong>(.r)</strong></span> <span class='ocrx_word' id='word_1_849' title='bbox 3594 4259 3816 4329; x_wconf 83' lang='lat' dir='ltr'><strong>Disper-</strong></span> 
     </span>
    </p>
   </div>
   <div class='ocr_carea' id='block_1_105' title="bbox 2233 4348 3814 4420">
    <p class='ocr_par' dir='ltr' id='par_1_105' title="bbox 2233 4348 3814 4420">
     <span class='ocr_line' id='line_1_109' title="bbox 2233 4348 3814 4420; baseline 0.001 -18"><span class='ocrx_word' id='word_1_850' title='bbox 2233 4353 2316 4420; x_wconf 86' lang='lat' dir='ltr'><strong>gis</strong></span> <span class='ocrx_word' id='word_1_851' title='bbox 2345 4349 2476 4402; x_wconf 92' lang='lat' dir='ltr'><strong>mihi</strong></span> <span class='ocrx_word' id='word_1_852' title='bbox 2509 4364 2637 4403; x_wconf 91' lang='lat' dir='ltr'><strong>vasa</strong></span> <span class='ocrx_word' id='word_1_853' title='bbox 2672 4348 2818 4411; x_wconf 92' lang='lat' dir='ltr'><strong>belli,</strong></span> <span class='ocrx_word' id='word_1_854' title='bbox 2849 4350 2924 4418; x_wconf 86' lang='lat' dir='ltr'><strong>(y)</strong></span> <span class='ocrx_word' id='word_1_855' title='bbox 2975 4359 3030 4404; x_wconf 89' lang='lat' dir='ltr'><strong>et</strong></span> <span class='ocrx_word' id='word_1_856' title='bbox 3067 4350 3378 4418; x_wconf 82' lang='lat' dir='ltr'><strong>dispergam</strong></span> <span class='ocrx_word' id='word_1_857' title='bbox 3429 4351 3481 4403; x_wconf 90' lang='lat' dir='ltr'><strong>in</strong></span> <span class='ocrx_word' id='word_1_858' title='bbox 3521 4360 3570 4404; x_wconf 91' lang='lat' dir='ltr'><strong>te</strong></span> <span class='ocrx_word' id='word_1_859' title='bbox 3602 4361 3814 4419; x_wconf 86' lang='lat' dir='ltr'><strong>gentes,</strong></span> 
     </span>
    </p>
   </div>
   <div class='ocr_carea' id='block_1_106' title="bbox 1505 4439 3816 4528">
    <p class='ocr_par' dir='ltr' id='par_1_106' title="bbox 1505 4439 3816 4528">
     <span class='ocr_line' id='line_1_110' title="bbox 1505 4439 3816 4528; baseline 0.001 -34"><span class='ocrx_word' id='word_1_860' title='bbox 1505 4458 1518 4494; x_wconf 90' lang='lat'><strong>:</strong></span> <span class='ocrx_word' id='word_1_861' title='bbox 1563 4458 1628 4497; x_wconf 89' lang='lat' dir='ltr'><strong>ne</strong></span> <span class='ocrx_word' id='word_1_862' title='bbox 1679 4442 1914 4510; x_wconf 85' lang='lat' dir='ltr'><strong>parcatis</strong></span> <span class='ocrx_word' id='word_1_863' title='bbox 1967 4457 2130 4510; x_wconf 85' lang='lat' dir='ltr'><strong>super</strong></span> <span class='ocrx_word' id='word_1_864' title='bbox 2163 4474 2204 4528; x_wconf 72' lang='grc' dir='ltr'>ο</span> <span class='ocrx_word' id='word_1_865' title='bbox 2232 4452 2287 4496; x_wconf 93' lang='lat' dir='ltr'><strong>et</strong></span> <span class='ocrx_word' id='word_1_866' title='bbox 2308 4442 2495 4495; x_wconf 88' lang='lat' dir='ltr'><strong>tollam</strong></span> <span class='ocrx_word' id='word_1_867' title='bbox 2525 4441 2600 4511; x_wconf 72' lang='lat'><strong>(2.)</strong></span> <span class='ocrx_word' id='word_1_868' title='bbox 2628 4457 2723 4510; x_wconf 91' lang='lat' dir='ltr'><strong>per</strong></span> <span class='ocrx_word' id='word_1_869' title='bbox 2755 4449 2808 4496; x_wconf 89' lang='lat' dir='ltr'><strong>te</strong></span> <span class='ocrx_word' id='word_1_870' title='bbox 2850 4457 3023 4511; x_wconf 77' lang='lat' dir='ltr'><strong>reges.</strong></span> <span class='ocrx_word' id='word_1_871' title='bbox 3061 4441 3155 4494; x_wconf 87' lang='grc'><strong>21.</strong></span> <span class='ocrx_word' id='word_1_872' title='bbox 3188 4439 3255 4495; x_wconf 85' lang='grc' dir='ltr'>Ει</span> <span class='ocrx_word' id='word_1_873' title='bbox 3287 4441 3596 4510; x_wconf 87' lang='lat' dir='ltr'><strong>dispergam</strong></span> <span class='ocrx_word' id='word_1_874' title='bbox 3623 4499 3625 4502; x_wconf 25' lang='lat'><strong>,</strong></span> <span class='ocrx_word' id='word_1_875' title='bbox 3653 4443 3705 4495; x_wconf 92' lang='lat' dir='ltr'><strong>in</strong></span> <span class='ocrx_word' id='word_1_876' title='bbox 3763 4452 3816 4497; x_wconf 87' lang='lat' dir='ltr'><strong>te</strong></span> 
     </span>
    </p>
   </div>
   <div class='ocr_carea' id='block_1_107' title="bbox 2234 4533 3817 4605">
    <p class='ocr_par' dir='ltr' id='par_1_107' title="bbox 2234 4533 3817 4605">
     <span class='ocr_line' id='line_1_111' title="bbox 2234 4533 3817 4605; baseline 0 -16"><span class='ocrx_word' id='word_1_877' title='bbox 2234 4550 2458 4605; x_wconf 91' lang='lat' dir='ltr'><strong>equum,</strong></span> <span class='ocrx_word' id='word_1_878' title='bbox 2495 4544 2548 4588; x_wconf 88' lang='lat' dir='ltr'><strong>et</strong></span> <span class='ocrx_word' id='word_1_879' title='bbox 2580 4549 2926 4588; x_wconf 89' lang='lat' dir='ltr'><strong>ascensorem</strong></span> <span class='ocrx_word' id='word_1_880' title='bbox 2957 4533 3097 4602; x_wconf 90' lang='lat' dir='ltr'><strong>ejus,</strong></span> <span class='ocrx_word' id='word_1_881' title='bbox 3122 4533 3212 4587; x_wconf 88' lang='grc'><strong>22.</strong></span> <span class='ocrx_word' id='word_1_882' title='bbox 3238 4544 3294 4589; x_wconf 89' lang='lat' dir='ltr'><strong>et</strong></span> <span class='ocrx_word' id='word_1_883' title='bbox 3327 4535 3634 4603; x_wconf 89' lang='lat' dir='ltr'><strong>dispergam</strong></span> <span class='ocrx_word' id='word_1_884' title='bbox 3678 4535 3732 4587; x_wconf 91' lang='lat' dir='ltr'><strong>in</strong></span> <span class='ocrx_word' id='word_1_885' title='bbox 3765 4545 3817 4590; x_wconf 88' lang='lat' dir='ltr'><strong>te</strong></span> 
     </span>
    </p>
   </div>
   <div class='ocr_carea' id='block_1_108' title="bbox 2235 4624 3817 4696">
    <p class='ocr_par' dir='ltr' id='par_1_108' title="bbox 2235 4624 3817 4696">
     <span class='ocr_line' id='line_1_112' title="bbox 2235 4624 3817 4696; baseline 0.001 -17"><span class='ocrx_word' id='word_1_886' title='bbox 2235 4639 2452 4690; x_wconf 91' lang='lat' dir='ltr'><strong>currus,</strong></span> <span class='ocrx_word' id='word_1_887' title='bbox 2478 4633 2531 4679; x_wconf 91' lang='lat' dir='ltr'><strong>et</strong></span> <span class='ocrx_word' id='word_1_888' title='bbox 2564 4638 2886 4679; x_wconf 89' lang='lat' dir='ltr'><strong>ascensores</strong></span> <span class='ocrx_word' id='word_1_889' title='bbox 2929 4639 3119 4678; x_wconf 83' lang='lat' dir='ltr'><strong>eorum</strong></span> <span class='ocrx_word' id='word_1_890' title='bbox 3152 4664 3166 4690; x_wconf 93' lang='lat'><strong>,</strong></span> <span class='ocrx_word' id='word_1_891' title='bbox 3216 4633 3271 4680; x_wconf 92' lang='lat' dir='ltr'><strong>et</strong></span> <span class='ocrx_word' id='word_1_892' title='bbox 3315 4624 3623 4696; x_wconf 87' lang='lat' dir='ltr'><strong>dispergam</strong></span> <span class='ocrx_word' id='word_1_893' title='bbox 3675 4625 3728 4679; x_wconf 91' lang='lat' dir='ltr'><strong>in</strong></span> <span class='ocrx_word' id='word_1_894' title='bbox 3763 4635 3817 4681; x_wconf 92' lang='lat' dir='ltr'><strong>te</strong></span> 
     </span>
    </p>
   </div>
   <div class='ocr_carea' id='block_1_109' title="bbox 2125 4823 3814 4895">
    <p class='ocr_par' dir='ltr' id='par_1_109' title="bbox 2125 4823 3814 4895">
     <span class='ocr_line' id='line_1_113' title="bbox 2125 4823 3814 4895; baseline 0 -16"><span class='ocrx_word' id='word_1_895' title='bbox 2125 4826 2198 4895; x_wconf 72' lang='grc' dir='ltr'>(Ις)</span> <span class='ocrx_word' id='word_1_896' title='bbox 2253 4825 2338 4888; x_wconf 82' lang='grc' dir='ltr'><em>Α.,</em></span> <span class='ocrx_word' id='word_1_897' title='bbox 2363 4823 2630 4878; x_wconf 86' lang='lat' dir='ltr'><strong>adversus</strong></span> <span class='ocrx_word' id='word_1_898' title='bbox 2652 4823 2876 4887; x_wconf 88' lang='lat' dir='ltr'><strong>electos,</strong></span> <span class='ocrx_word' id='word_1_899' title='bbox 2905 4835 2959 4879; x_wconf 91' lang='lat' dir='ltr'><strong>et</strong></span> <span class='ocrx_word' id='word_1_900' title='bbox 2977 4823 3265 4882; x_wconf 86' lang='lat' dir='ltr'><strong>insanient.</strong></span> <span class='ocrx_word' id='word_1_901' title='bbox 3298 4825 3379 4889; x_wconf 88' lang='lat'><strong>8.,</strong></span> <span class='ocrx_word' id='word_1_902' title='bbox 3406 4841 3570 4895; x_wconf 87' lang='lat' dir='ltr'><strong>super</strong></span> <span class='ocrx_word' id='word_1_903' title='bbox 3591 4825 3814 4880; x_wconf 89' lang='lat' dir='ltr'><strong>brachia</strong></span> 
     </span>
    </p>
   </div>
   <div class='ocr_carea' id='block_1_110' title="bbox 2145 4895 3813 4965">
    <p class='ocr_par' dir='ltr' id='par_1_110' title="bbox 2145 4895 3813 4965">
     <span class='ocr_line' id='line_1_114' title="bbox 2145 4895 3813 4965; baseline 0.001 -17"><span class='ocrx_word' id='word_1_904' title='bbox 2145 4896 2239 4965; x_wconf 81' lang='lat' dir='ltr'><strong>(ut)</strong></span> <span class='ocrx_word' id='word_1_905' title='bbox 2267 4895 2385 4960; x_wconf 85' lang='lat' dir='ltr'><strong>Qua</strong></span> <span class='ocrx_word' id='word_1_906' title='bbox 2417 4895 2626 4949; x_wconf 80' lang='lat' dir='ltr'><strong>conlisa</strong></span> <span class='ocrx_word' id='word_1_907' title='bbox 2661 4903 2764 4957; x_wconf 89' lang='lat' dir='ltr'><strong>est,</strong></span> <span class='ocrx_word' id='word_1_908' title='bbox 2813 4904 2866 4947; x_wconf 86' lang='lat' dir='ltr'><strong>et</strong></span> <span class='ocrx_word' id='word_1_909' title='bbox 2909 4905 3207 4965; x_wconf 71' lang='lat' dir='ltr'><strong>exareseet.</strong></span> <span class='ocrx_word' id='word_1_910' title='bbox 3285 4899 3360 4964; x_wconf 79' lang='grc' dir='ltr'>(η)</span> <span class='ocrx_word' id='word_1_911' title='bbox 3387 4896 3473 4960; x_wconf 81' lang='grc' dir='ltr'><strong>Α.,</strong></span> <span class='ocrx_word' id='word_1_912' title='bbox 3501 4897 3554 4948; x_wconf 90' lang='lat' dir='ltr'><strong>in</strong></span> <span class='ocrx_word' id='word_1_913' title='bbox 3583 4897 3813 4949; x_wconf 85' lang='lat' dir='ltr'><strong>simula-</strong></span> 
     </span>
    </p>
   </div>
   <div class='ocr_carea' id='block_1_111' title="bbox 2216 4964 3175 5033">
    <p class='ocr_par' dir='ltr' id='par_1_111' title="bbox 2216 4964 3175 5033">
     <span class='ocr_line' id='line_1_115' title="bbox 2216 4964 3175 5033; baseline -0.002 -16"><span class='ocrx_word' id='word_1_914' title='bbox 2216 4970 2291 5033; x_wconf 73' lang='grc' dir='ltr'>(ρ)</span> <span class='ocrx_word' id='word_1_915' title='bbox 2337 4965 2423 5029; x_wconf 87' lang='grc' dir='ltr'><strong>Λ.,</strong></span> <span class='ocrx_word' id='word_1_916' title='bbox 2459 4965 3051 5018; x_wconf 88' lang='lat' dir='ltr'><strong>struthiocamelorum.</strong></span> <span class='ocrx_word' id='word_1_917' title='bbox 3095 4964 3175 5028; x_wconf 90' lang='lat'><strong>8.,</strong></span> 
     </span>
    </p>
   </div>
   <div class='ocr_carea' id='block_1_112' title="bbox 755 5031 3813 5156">
    <p class='ocr_par' dir='ltr' id='par_1_112' title="bbox 755 5031 3813 5156">
     <span class='ocr_line' id='line_1_116' title="bbox 755 5031 3813 5105; baseline 0.001 -19"><span class='ocrx_word' id='word_1_918' title='bbox 755 5035 828 5102; x_wconf 81' lang='lat' dir='ltr'><strong>(q)</strong></span> <span class='ocrx_word' id='word_1_919' title='bbox 866 5031 948 5098; x_wconf 91' lang='grc'><strong>8.,</strong></span> <span class='ocrx_word' id='word_1_920' title='bbox 976 5043 1162 5088; x_wconf 92' lang='lat' dir='ltr'><strong>etnon</strong></span> <span class='ocrx_word' id='word_1_921' title='bbox 1197 5031 1527 5090; x_wconf 80' lang='lat' dir='ltr'><strong>habitabitur</strong></span> <span class='ocrx_word' id='word_1_922' title='bbox 1555 5036 1788 5104; x_wconf 84' lang='lat' dir='ltr'><strong>amplius</strong></span> <span class='ocrx_word' id='word_1_923' title='bbox 1820 5036 1871 5088; x_wconf 91' lang='lat' dir='ltr'><strong>in</strong></span> <span class='ocrx_word' id='word_1_924' title='bbox 1897 5035 2199 5101; x_wconf 81' lang='lat' dir='ltr'><strong>victoriam,</strong></span> <span class='ocrx_word' id='word_1_925' title='bbox 2227 5031 2333 5089; x_wconf 82' lang='lat' dir='ltr'><strong>nec</strong></span> <span class='ocrx_word' id='word_1_926' title='bbox 2363 5035 2696 5088; x_wconf 90' lang='lat' dir='ltr'><strong>habitabitur</strong></span> <span class='ocrx_word' id='word_1_927' title='bbox 2738 5035 2790 5086; x_wconf 94' lang='lat' dir='ltr'><strong>in</strong></span> <span class='ocrx_word' id='word_1_928' title='bbox 2818 5049 2878 5087; x_wconf 86' lang='lat' dir='ltr'><strong>ea</strong></span> <span class='ocrx_word' id='word_1_929' title='bbox 2923 5051 3096 5105; x_wconf 86' lang='lat' dir='ltr'><strong>usque</strong></span> <span class='ocrx_word' id='word_1_930' title='bbox 3140 5036 3192 5087; x_wconf 90' lang='lat' dir='ltr'><strong>in</strong></span> <span class='ocrx_word' id='word_1_931' title='bbox 3232 5037 3607 5105; x_wconf 84' lang='lat' dir='ltr'><strong>generationes</strong></span> <span class='ocrx_word' id='word_1_932' title='bbox 3641 5044 3694 5086; x_wconf 88' lang='lat' dir='ltr'><strong>et</strong></span> <span class='ocrx_word' id='word_1_933' title='bbox 3721 5054 3813 5104; x_wconf 88' lang='lat' dir='ltr'><strong>ge-</strong></span> 
     </span>
     <span class='ocr_line' id='line_1_117' title="bbox 755 5102 3813 5156; baseline 0 0"><span class='ocrx_word' id='word_1_934' title='bbox 755 5119 885 5156; x_wconf 86' lang='lat' dir='ltr'><strong>mes.</strong></span> <span class='ocrx_word' id='word_1_935' title='bbox 999 5106 1068 5156; x_wconf 84' lang='lat' dir='ltr'><strong>(rl</strong></span> <span class='ocrx_word' id='word_1_936' title='bbox 1139 5105 1226 5156; x_wconf 83' lang='lat' dir='ltr'><strong>A..</strong></span> <span class='ocrx_word' id='word_1_937' title='bbox 1284 5105 1367 5156; x_wconf 88' lang='grc'><strong>8.-</strong></span> <span class='ocrx_word' id='word_1_938' title='bbox 1415 5117 1650 5156; x_wconf 89' lang='lat' dir='ltr'><strong>scutum.</strong></span> <span class='ocrx_word' id='word_1_939' title='bbox 1767 5107 1833 5156; x_wconf 86' lang='lat' dir='ltr'><strong>(sl</strong></span> <span class='ocrx_word' id='word_1_940' title='bbox 1897 5105 1984 5156; x_wconf 80' lang='grc' dir='ltr'><strong>Α..</strong></span> <span class='ocrx_word' id='word_1_941' title='bbox 2051 5108 2306 5156; x_wconf 87' lang='lat' dir='ltr'><strong>elatione.</strong></span> <span class='ocrx_word' id='word_1_942' title='bbox 2363 5102 2444 5156; x_wconf 89' lang='lat'><strong>8..</strong></span> <span class='ocrx_word' id='word_1_943' title='bbox 2510 5104 2702 5156; x_wconf 67' lang='lat' dir='ltr'><strong>gloria.</strong></span> <span class='ocrx_word' id='word_1_944' title='bbox 2817 5105 2880 5156; x_wconf 80' lang='lat' dir='ltr'><strong>(tl</strong></span> <span class='ocrx_word' id='word_1_945' title='bbox 2925 5103 3006 5156; x_wconf 91' lang='lat'><strong>8..</strong></span> <span class='ocrx_word' id='word_1_946' title='bbox 3067 5119 3232 5156; x_wconf 82' lang='lat' dir='ltr'><strong>suber</strong></span> <span class='ocrx_word' id='word_1_947' title='bbox 3300 5106 3668 5156; x_wconf 83' lang='lat' dir='ltr'><strong>habitaculum</strong></span> <span class='ocrx_word' id='word_1_948' title='bbox 3713 5119 3813 5156; x_wconf 90' lang='lat' dir='ltr'><strong>an-</strong></span> 
     </span>
    </p>
   </div>
   <div class='ocr_carea' id='block_1_113' title="bbox 2106 5121 2420 5157">
    <p class='ocr_par' dir='ltr' id='par_1_113' title="bbox 2106 5121 2420 5157">
     <span class='ocr_line' id='line_1_118' title="bbox 2106 5121 2420 5157; baseline -0.006 0"><span class='ocrx_word' id='word_1_949' title='bbox 2106 5121 2306 5157; x_wconf 86' lang='lat' dir='ltr'><strong>attone.</strong></span> <span class='ocrx_word' id='word_1_950' title='bbox 2363 5121 2420 5156; x_wconf 68' lang='grc' dir='ltr'><strong>ὸ.</strong></span> 
     </span>
    </p>
   </div>
   <div class='ocr_carea' id='block_1_114' title="bbox 1396 5116 3156 5243">
    <p class='ocr_par' dir='ltr' id='par_1_114' title="bbox 1396 5116 3156 5243">
     <span class='ocr_line' id='line_1_119' title="bbox 1415 5116 3156 5174; baseline -0.003 -14"><span class='ocrx_word' id='word_1_951' title='bbox 1415 5117 1650 5160; x_wconf 89' lang='lat' dir='ltr'><strong>scutum.</strong></span> <span class='ocrx_word' id='word_1_952' title='bbox 1767 5116 1833 5169; x_wconf 86' lang='lat' dir='ltr'><strong>(sl</strong></span> <span class='ocrx_word' id='word_1_953' title='bbox 1897 5116 1984 5170; x_wconf 75' lang='lat' dir='ltr'><strong>A.,</strong></span> <span class='ocrx_word' id='word_1_954' title='bbox 2051 5116 2306 5160; x_wconf 82' lang='lat' dir='ltr'><strong>elatione.</strong></span> <span class='ocrx_word' id='word_1_955' title='bbox 2363 5116 2444 5168; x_wconf 74' lang='grc'><strong>8.,</strong></span> <span class='ocrx_word' id='word_1_956' title='bbox 2510 5116 2702 5174; x_wconf 86' lang='lat' dir='ltr'><strong>glorla.</strong></span> <span class='ocrx_word' id='word_1_957' title='bbox 2817 5116 2880 5173; x_wconf 85' lang='grc' dir='ltr'><strong>(ι)</strong></span> <span class='ocrx_word' id='word_1_958' title='bbox 2925 5116 3006 5169; x_wconf 76' lang='grc'><strong>8.,</strong></span> <span class='ocrx_word' id='word_1_959' title='bbox 3067 5119 3156 5172; x_wconf 61' lang='lat' dir='ltr'><strong>su;</strong></span> 
     </span>
     <span class='ocr_line' id='line_1_120' title="bbox 1396 5173 3156 5243; baseline -0.001 -16"><span class='ocrx_word' id='word_1_960' title='bbox 1396 5176 1473 5243; x_wconf 74' lang='grc' dir='ltr'>(π)</span> <span class='ocrx_word' id='word_1_961' title='bbox 1536 5175 1622 5238; x_wconf 84' lang='grc' dir='ltr'><strong>Α.,</strong></span> <span class='ocrx_word' id='word_1_962' title='bbox 1670 5175 2009 5230; x_wconf 85' lang='lat' dir='ltr'><strong>invehentur.</strong></span> <span class='ocrx_word' id='word_1_963' title='bbox 2066 5174 2148 5242; x_wconf 90' lang='lat'><strong>8.,</strong></span> <span class='ocrx_word' id='word_1_964' title='bbox 2177 5174 2618 5229; x_wconf 83' lang='lat' dir='ltr'><strong>deridebunteos</strong></span> <span class='ocrx_word' id='word_1_965' title='bbox 2653 5173 2866 5227; x_wconf 90' lang='lat' dir='ltr'><strong>minimi</strong></span> <span class='ocrx_word' id='word_1_966' title='bbox 2911 5189 3156 5242; x_wconf 84' lang='lat' dir='ltr'><strong>gregum.</strong></span> 
     </span>
    </p>
   </div>
   <div class='ocr_carea' id='block_1_115' title="bbox 3228 4965 3815 5019">
    <p class='ocr_par' dir='ltr' id='par_1_115' title="bbox 3228 4965 3815 5019">
     <span class='ocr_line' id='line_1_121' title="bbox 3228 4965 3815 5019; baseline 0 0"><span class='ocrx_word' id='word_1_967' title='bbox 3228 4967 3468 5019; x_wconf 88' lang='lat' dir='ltr'><strong>sirenum</strong></span> <span class='ocrx_word' id='word_1_968' title='bbox 3499 4981 3623 5019; x_wconf 90' lang='lat' dir='ltr'><strong>cum</strong></span> <span class='ocrx_word' id='word_1_969' title='bbox 3657 4965 3815 5019; x_wconf 64' lang='lat' dir='ltr'><strong>l&#39;ut‘ti-</strong></span> 
     </span>
    </p>
   </div>
   <div class='ocr_carea' id='block_1_116' title="bbox 2510 5103 3815 5174">
    <p class='ocr_par' dir='ltr' id='par_1_116' title="bbox 2510 5103 3815 5174">
     <span class='ocr_line' id='line_1_122' title="bbox 2510 5103 3815 5174; baseline 0.002 -18"><span class='ocrx_word' id='word_1_970' title='bbox 2510 5104 2702 5174; x_wconf 86' lang='lat' dir='ltr'><strong>gloria.</strong></span> <span class='ocrx_word' id='word_1_971' title='bbox 2776 5173 2779 5174; x_wconf 15' lang='grc' dir='ltr'><em>ν</em></span> <span class='ocrx_word' id='word_1_972' title='bbox 2817 5105 2880 5173; x_wconf 80' lang='grc' dir='ltr'><strong>(ι)</strong></span> <span class='ocrx_word' id='word_1_973' title='bbox 2925 5103 3024 5169; x_wconf 48' lang='lat'><strong>8.,</strong></span> <span class='ocrx_word' id='word_1_974' title='bbox 3067 5103 3255 5172; x_wconf 52' lang='lat' dir='ltr'><strong>super&#39;</strong></span> <span class='ocrx_word' id='word_1_975' title='bbox 3300 5106 3668 5158; x_wconf 85' lang='lat' dir='ltr'><strong>habitaculum</strong></span> <span class='ocrx_word' id='word_1_976' title='bbox 3713 5103 3815 5158; x_wconf 83' lang='lat' dir='ltr'><strong>an-</strong></span> 
     </span>
    </p>
   </div>
   <div class='ocr_carea' id='block_1_117' title="bbox 2853 5174 3813 5244">
    <p class='ocr_par' dir='ltr' id='par_1_117' title="bbox 2853 5174 3813 5244">
     <span class='ocr_line' id='line_1_123' title="bbox 2853 5174 3813 5244; baseline 0 -18"><span class='ocrx_word' id='word_1_977' title='bbox 2853 5175 3156 5242; x_wconf 84' lang='lat' dir='ltr'><strong>igregum.</strong></span> <span class='ocrx_word' id='word_1_978' title='bbox 3236 5174 3312 5244; x_wconf 85' lang='lat' dir='ltr'><strong>(y)</strong></span> <span class='ocrx_word' id='word_1_979' title='bbox 3352 5175 3653 5229; x_wconf 63' lang='lat' dir='ltr'><strong>Chaldaeos.</strong></span> <span class='ocrx_word' id='word_1_980' title='bbox 3735 5177 3813 5243; x_wconf 62' lang='grc' dir='ltr'>(ι)</span> 
     </span>
    </p>
   </div>
   <div class='ocr_carea' id='block_1_118' title="bbox 3367 5244 3815 5313">
    <p class='ocr_par' dir='ltr' id='par_1_118' title="bbox 3367 5244 3815 5313">
     <span class='ocr_line' id='line_1_124' title="bbox 3367 5244 3815 5313; baseline 0 -17"><span class='ocrx_word' id='word_1_981' title='bbox 3367 5244 3588 5298; x_wconf 84' lang='lat' dir='ltr'><strong>fuerunt</strong></span> <span class='ocrx_word' id='word_1_982' title='bbox 3651 5259 3815 5313; x_wconf 88' lang='lat' dir='ltr'><strong>super</strong></span> 
     </span>
    </p>
   </div>
   <div class='ocr_carea' id='block_1_119' title="bbox 2389 5313 3810 5383">
    <p class='ocr_par' dir='ltr' id='par_1_119' title="bbox 2389 5313 3810 5383">
     <span class='ocr_line' id='line_1_125' title="bbox 2389 5313 3810 5383; baseline -0.001 -17"><span class='ocrx_word' id='word_1_983' title='bbox 2389 5313 2636 5383; x_wconf 88' lang='lat' dir='ltr'><strong>militiam</strong></span> <span class='ocrx_word' id='word_1_984' title='bbox 2687 5313 2849 5383; x_wconf 88' lang='lat' dir='ltr'><strong>ejus._</strong></span> <span class='ocrx_word' id='word_1_985' title='bbox 2903 5313 2981 5382; x_wconf 74' lang='grc' dir='ltr'>(ιι)</span> <span class='ocrx_word' id='word_1_986' title='bbox 3052 5313 3140 5378; x_wconf 85' lang='grc' dir='ltr'><strong>Α.,</strong></span> <span class='ocrx_word' id='word_1_987' title='bbox 3201 5316 3254 5368; x_wconf 91' lang='lat' dir='ltr'><strong>in</strong></span> <span class='ocrx_word' id='word_1_988' title='bbox 3285 5315 3546 5369; x_wconf 81' lang='lat' dir='ltr'><strong>exitibus.</strong></span> <span class='ocrx_word' id='word_1_989' title='bbox 3629 5314 3810 5383; x_wconf 80' lang='lat' dir='ltr'><strong>(e)A.,</strong></span> 
     </span>
    </p>
   </div>
   <div class='ocr_carea' id='block_1_120' title="bbox 2596 5381 3813 5507">
    <p class='ocr_par' dir='ltr' id='par_1_120' title="bbox 2596 5381 3813 5507">
     <span class='ocr_line' id='line_1_126' title="bbox 2596 5381 3813 5454; baseline 0.002 -21"><span class='ocrx_word' id='word_1_990' title='bbox 2596 5382 2674 5452; x_wconf 77' lang='lat' dir='ltr'><strong>(It)</strong></span> <span class='ocrx_word' id='word_1_991' title='bbox 2702 5382 2790 5448; x_wconf 85' lang='lat' dir='ltr'><strong>A.,</strong></span> <span class='ocrx_word' id='word_1_992' title='bbox 2821 5381 2904 5447; x_wconf 91' lang='lat'><strong>8.,</strong></span> <span class='ocrx_word' id='word_1_993' title='bbox 2940 5381 3133 5437; x_wconf 82' lang='lat' dir='ltr'><strong>extulit</strong></span> <span class='ocrx_word' id='word_1_994' title='bbox 3164 5400 3240 5438; x_wconf 88' lang='lat' dir='ltr'><strong>se.</strong></span> <span class='ocrx_word' id='word_1_995' title='bbox 3319 5385 3381 5454; x_wconf 82' lang='grc' dir='ltr'>(ἱ)</span> <span class='ocrx_word' id='word_1_996' title='bbox 3412 5383 3488 5438; x_wconf 85' lang='lat' dir='ltr'><strong>Ad</strong></span> <span class='ocrx_word' id='word_1_997' title='bbox 3514 5381 3813 5438; x_wconf 82' lang='lat' dir='ltr'><strong>conniven-</strong></span> 
     </span>
     <span class='ocr_line' id='line_1_127' title="bbox 2596 5451 3810 5507; baseline 0 0"><span class='ocrx_word' id='word_1_998' title='bbox 2596 5456 2687 5507; x_wconf 26' lang='lat' dir='ltr'><strong>eius</strong></span> <span class='ocrx_word' id='word_1_999' title='bbox 2734 5455 2798 5506; x_wconf 87' lang='lat' dir='ltr'><strong>ad</strong></span> <span class='ocrx_word' id='word_1_1000' title='bbox 2849 5453 3182 5507; x_wconf 77' lang='lat' dir='ltr'><strong>perdendum</strong></span> <span class='ocrx_word' id='word_1_1001' title='bbox 3221 5469 3363 5507; x_wconf 89' lang='lat' dir='ltr'><strong>eam.</strong></span> <span class='ocrx_word' id='word_1_1002' title='bbox 3453 5456 3549 5507; x_wconf 74' lang='lat' dir='ltr'><strong>{ml</strong></span> <span class='ocrx_word' id='word_1_1003' title='bbox 3593 5451 3680 5507; x_wconf 82' lang='grc' dir='ltr'><strong>Α..</strong></span> <span class='ocrx_word' id='word_1_1004' title='bbox 3725 5452 3810 5507; x_wconf 89' lang='grc'><strong>8..</strong></span> 
     </span>
    </p>
   </div>
   <div class='ocr_carea' id='block_1_121' title="bbox 2671 5456 3810 5590">
    <p class='ocr_par' dir='ltr' id='par_1_121' title="bbox 2671 5456 3810 5590">
     <span class='ocr_line' id='line_1_128' title="bbox 2671 5456 3810 5523; baseline 0.002 -18"><span class='ocrx_word' id='word_1_1005' title='bbox 2671 5469 2687 5505; x_wconf 79' lang='lat' dir='ltr'><strong>s</strong></span> <span class='ocrx_word' id='word_1_1006' title='bbox 2734 5456 2798 5506; x_wconf 89' lang='lat' dir='ltr'><strong>ad</strong></span> <span class='ocrx_word' id='word_1_1007' title='bbox 2849 5456 3182 5520; x_wconf 90' lang='lat' dir='ltr'><strong>perdendum</strong></span> <span class='ocrx_word' id='word_1_1008' title='bbox 3221 5469 3363 5508; x_wconf 89' lang='lat' dir='ltr'><strong>eam.</strong></span> <span class='ocrx_word' id='word_1_1009' title='bbox 3453 5456 3549 5523; x_wconf 78' lang='grc' dir='ltr'>(ιη)</span> <span class='ocrx_word' id='word_1_1010' title='bbox 3593 5456 3680 5517; x_wconf 83' lang='grc' dir='ltr'><strong>Α.,</strong></span> <span class='ocrx_word' id='word_1_1011' title='bbox 3725 5456 3810 5522; x_wconf 86' lang='grc'><strong>8.,</strong></span> 
     </span>
     <span class='ocr_line' id='line_1_129' title="bbox 2671 5520 3809 5590; baseline 0.003 -17"><span class='ocrx_word' id='word_1_1012' title='bbox 2671 5522 2744 5590; x_wconf 86' lang='grc' dir='ltr'>(υ)</span> <span class='ocrx_word' id='word_1_1013' title='bbox 2783 5520 2870 5584; x_wconf 83' lang='grc' dir='ltr'><strong>Α.,</strong></span> <span class='ocrx_word' id='word_1_1014' title='bbox 2917 5524 3207 5577; x_wconf 90' lang='lat' dir='ltr'><strong>multitudo</strong></span> <span class='ocrx_word' id='word_1_1015' title='bbox 3279 5525 3331 5577; x_wconf 91' lang='lat' dir='ltr'><strong>in</strong></span> <span class='ocrx_word' id='word_1_1016' title='bbox 3374 5523 3645 5577; x_wconf 86' lang='lat' dir='ltr'><strong>thesauris</strong></span> <span class='ocrx_word' id='word_1_1017' title='bbox 3667 5525 3809 5590; x_wconf 87' lang='lat' dir='ltr'><strong>ejus.</strong></span> 
     </span>
    </p>
   </div>
   <div class='ocr_carea' id='block_1_122' title="bbox 559 5589 3809 5711">
    <p class='ocr_par' dir='ltr' id='par_1_122' title="bbox 559 5589 3809 5711">
     <span class='ocr_line' id='line_1_130' title="bbox 559 5589 3809 5711; baseline -0.002 -61"><span class='ocrx_word' id='word_1_1018' title='bbox 559 5592 635 5711; x_wconf 50' lang='lat' dir='ltr'><strong>ﬁt)</strong></span> <span class='ocrx_word' id='word_1_1019' title='bbox 674 5591 761 5654; x_wconf 77' lang='grc' dir='ltr'><strong>Α..</strong></span> <span class='ocrx_word' id='word_1_1020' title='bbox 793 5589 876 5650; x_wconf 80' lang='lat'><strong>5-.</strong></span> <span class='ocrx_word' id='word_1_1021' title='bbox 913 5594 1151 5647; x_wconf 90' lang='lat' dir='ltr'><strong>cubitus.</strong></span> <span class='ocrx_word' id='word_1_1022' title='bbox 1178 5589 1260 5659; x_wconf 70' lang='lat'><strong>8.,</strong></span> <span class='ocrx_word' id='word_1_1023' title='bbox 1302 5589 1607 5650; x_wconf 40' lang='lat' dir='ltr'><strong>decisi&#39;tui.</strong></span> <span class='ocrx_word' id='word_1_1024' title='bbox 1681 5589 1871 5664; x_wconf 19' lang='lat' dir='ltr'><strong>(q)’A.‘,</strong></span> <span class='ocrx_word' id='word_1_1025' title='bbox 1913 5593 1994 5658; x_wconf 88' lang='lat'><strong>8.,</strong></span> <span class='ocrx_word' id='word_1_1026' title='bbox 2042 5589 2184 5647; x_wconf 80' lang='lat' dir='ltr'><strong>sicut</strong></span> <span class='ocrx_word' id='word_1_1027' title='bbox 2220 5593 2446 5646; x_wconf 91' lang='lat' dir='ltr'><strong>brucho.</strong></span> <span class='ocrx_word' id='word_1_1028' title='bbox 2526 5589 2700 5660; x_wconf 88' lang='lat' dir='ltr'><strong>(r)S.,</strong></span> <span class='ocrx_word' id='word_1_1029' title='bbox 2728 5589 2808 5645; x_wconf 90' lang='lat' dir='ltr'><strong>et.</strong></span> <span class='ocrx_word' id='word_1_1030' title='bbox 2858 5595 3259 5674; x_wconf 86' lang='lat' dir='ltr'><strong>respondebunt</strong></span> <span class='ocrx_word' id='word_1_1031' title='bbox 3304 5607 3468 5662; x_wconf 81' lang='lat' dir='ltr'><strong>super</strong></span> <span class='ocrx_word' id='word_1_1032' title='bbox 3497 5601 3546 5646; x_wconf 91' lang='lat' dir='ltr'><strong>te</strong></span> <span class='ocrx_word' id='word_1_1033' title='bbox 3601 5589 3809 5672; x_wconf 73' lang='lat' dir='ltr'><strong>&quot;adad,</strong></span> 
     </span>
     <span class='ocr_line' id='line_1_131' title="bbox 612 5659 3809 5711; baseline 0 0"><span class='ocrx_word' id='word_1_1034' title='bbox 612 5661 757 5711; x_wconf 84' lang='lat' dir='ltr'><strong>tdlel.</strong></span> <span class='ocrx_word' id='word_1_1035' title='bbox 819 5661 1064 5711; x_wconf 81' lang='lat' dir='ltr'><strong>Scholion</strong></span> <span class='ocrx_word' id='word_1_1036' title='bbox 1093 5675 1216 5711; x_wconf 74' lang='lat' dir='ltr'><strong>:t-sl</strong></span> <span class='ocrx_word' id='word_1_1037' title='bbox 1253 5666 1541 5711; x_wconf 62' lang='lat' dir='ltr'><strong>canﬁlena</strong></span> <span class='ocrx_word' id='word_1_1038' title='bbox 1598 5675 1888 5711; x_wconf 68' lang='lat' dir='ltr'><strong>iitonrnm-</strong></span> <span class='ocrx_word' id='word_1_1039' title='bbox 1923 5665 2013 5711; x_wconf 82' lang='lat' dir='ltr'><strong>mli</strong></span> <span class='ocrx_word' id='word_1_1040' title='bbox 2053 5665 2262 5711; x_wconf 80' lang='lat' dir='ltr'><strong>calcant.</strong></span> <span class='ocrx_word' id='word_1_1041' title='bbox 2305 5664 2561 5711; x_wconf 86' lang='lat' dir='ltr'><strong>torcular.</strong></span> <span class='ocrx_word' id='word_1_1042' title='bbox 2639 5669 2711 5711; x_wconf 70' lang='grc' dir='ltr'><strong>(δι</strong></span> <span class='ocrx_word' id='word_1_1043' title='bbox 2755 5659 2997 5711; x_wconf 71' lang='lat' dir='ltr'><strong>Heliam:</strong></span> <span class='ocrx_word' id='word_1_1044' title='bbox 3055 5673 3292 5711; x_wconf 81' lang='lat' dir='ltr'><strong>ventum.</strong></span> <span class='ocrx_word' id='word_1_1045' title='bbox 3369 5664 3432 5711; x_wconf 75' lang='grc' dir='ltr'><strong>(ι)</strong></span> <span class='ocrx_word' id='word_1_1046' title='bbox 3453 5663 3532 5711; x_wconf 78' lang='grc'><strong>8--</strong></span> <span class='ocrx_word' id='word_1_1047' title='bbox 3583 5678 3809 5711; x_wconf 80' lang='lat' dir='ltr'><strong>erroris.</strong></span> 
     </span>
    </p>
   </div>
   <div class='ocr_carea' id='block_1_123' title="bbox 612 5661 2561 5732">
    <p class='ocr_par' dir='ltr' id='par_1_123' title="bbox 612 5661 2561 5732">
     <span class='ocr_line' id='line_1_132' title="bbox 612 5661 2561 5732; baseline 0.001 -20"><span class='ocrx_word' id='word_1_1048' title='bbox 612 5661 757 5732; x_wconf 82' lang='lat' dir='ltr'><strong>idl_el.</strong></span> <span class='ocrx_word' id='word_1_1049' title='bbox 819 5661 1064 5732; x_wconf 76' lang='lat' dir='ltr'><strong>Scholion</strong></span> <span class='ocrx_word' id='word_1_1050' title='bbox 1093 5680 1110 5715; x_wconf 87' lang='lat'><strong><em>:</em></strong></span> <span class='ocrx_word' id='word_1_1051' title='bbox 1135 5675 1217 5718; x_wconf 75' lang='lat' dir='ltr'><strong>est</strong></span> <span class='ocrx_word' id='word_1_1052' title='bbox 1253 5666 1544 5730; x_wconf 86' lang='lat' dir='ltr'><strong>cantilena,</strong></span> <span class='ocrx_word' id='word_1_1053' title='bbox 1598 5675 1655 5719; x_wconf 92' lang='lat' dir='ltr'><strong>ut</strong></span> <span class='ocrx_word' id='word_1_1054' title='bbox 1677 5661 1889 5728; x_wconf 71' lang='lat' dir='ltr'><strong>eorum,</strong></span> <span class='ocrx_word' id='word_1_1055' title='bbox 1923 5665 2013 5732; x_wconf 90' lang='lat' dir='ltr'><strong>qui</strong></span> <span class='ocrx_word' id='word_1_1056' title='bbox 2053 5665 2262 5716; x_wconf 87' lang='lat' dir='ltr'><strong>calcant</strong></span> <span class='ocrx_word' id='word_1_1057' title='bbox 2305 5664 2561 5716; x_wconf 88' lang='lat' dir='ltr'><strong>torcular.</strong></span> 
     </span>
    </p>
   </div>
   <div class='ocr_carea' id='block_1_124' title="bbox 563 5729 1630 5801">
    <p class='ocr_par' dir='ltr' id='par_1_124' title="bbox 563 5729 1630 5801">
     <span class='ocr_line' id='line_1_133' title="bbox 563 5729 1630 5801; baseline 0.01 -23"><span class='ocrx_word' id='word_1_1058' title='bbox 563 5729 642 5798; x_wconf 79' lang='grc' dir='ltr'>(ιι)</span> <span class='ocrx_word' id='word_1_1059' title='bbox 675 5729 806 5784; x_wconf 75' lang='lat' dir='ltr'><strong>Pars</strong></span> <span class='ocrx_word' id='word_1_1060' title='bbox 826 5731 1060 5787; x_wconf 82' lang='lat' dir='ltr'><strong>lsraelis.</strong></span> <span class='ocrx_word' id='word_1_1061' title='bbox 1136 5736 1215 5801; x_wconf 66' lang='grc' dir='ltr'>(ας)</span> <span class='ocrx_word' id='word_1_1062' title='bbox 1248 5734 1334 5800; x_wconf 82' lang='grc' dir='ltr'><strong>Α.,</strong></span> <span class='ocrx_word' id='word_1_1063' title='bbox 1361 5729 1630 5792; x_wconf 84' lang='lat' dir='ltr'><strong>concutis.</strong></span> 
     </span>
    </p>
   </div>
   <div class='ocr_carea' id='block_1_125' title="bbox 1709 5734 2342 5805">
    <p class='ocr_par' dir='ltr' id='par_1_125' title="bbox 1709 5734 2342 5805">
     <span class='ocr_line' id='line_1_134' title="bbox 1709 5734 2342 5805; baseline -0.003 -17"><span class='ocrx_word' id='word_1_1064' title='bbox 1709 5735 1784 5805; x_wconf 70' lang='grc' dir='ltr'>(υ)</span> <span class='ocrx_word' id='word_1_1065' title='bbox 1816 5735 1903 5800; x_wconf 79' lang='grc' dir='ltr'><strong>Α.,</strong></span> <span class='ocrx_word' id='word_1_1066' title='bbox 1931 5743 1984 5787; x_wconf 86' lang='lat' dir='ltr'><strong>et</strong></span> <span class='ocrx_word' id='word_1_1067' title='bbox 2011 5734 2342 5789; x_wconf 87' lang='lat' dir='ltr'><strong>concutiam.</strong></span> 
     </span>
    </p>
   </div>
   <div class='ocr_carea' id='block_1_126' title="bbox 2423 5659 3809 5804">
    <p class='ocr_par' dir='ltr' id='par_1_126' title="bbox 2423 5659 3809 5804">
     <span class='ocr_line' id='line_1_135' title="bbox 2423 5659 3809 5804; baseline 0.001 -90"><span class='ocrx_word' id='word_1_1068' title='bbox 2423 5664 2563 5804; x_wconf 39' lang='lat' dir='ltr'><strong>plin;</strong></span> <span class='ocrx_word' id='word_1_1069' title='bbox 2602 5669 2711 5786; x_wconf 87' lang='lat' dir='ltr'><strong>l(s)</strong></span> <span class='ocrx_word' id='word_1_1070' title='bbox 2755 5659 2997 5731; x_wconf 78' lang='lat' dir='ltr'><strong>Reliqui:</strong></span> <span class='ocrx_word' id='word_1_1071' title='bbox 3055 5673 3292 5720; x_wconf 82' lang='lat' dir='ltr'><strong>ventum.</strong></span> <span class='ocrx_word' id='word_1_1072' title='bbox 3369 5659 3533 5735; x_wconf 78' lang='lat' dir='ltr'><strong>(t)S.,</strong></span> <span class='ocrx_word' id='word_1_1073' title='bbox 3583 5663 3809 5717; x_wconf 84' lang='lat' dir='ltr'><strong>erroris.</strong></span> 
     </span>
     <span class='ocr_line' id='line_1_136' title="bbox 2448 5747 2671 5784; baseline -0.009 0"><span class='ocrx_word' id='word_1_1074' title='bbox 2448 5749 2474 5784; x_wconf 69' lang='grc' dir='ltr'><strong><em>ι</em></strong></span> <span class='ocrx_word' id='word_1_1075' title='bbox 2624 5747 2671 5783; x_wconf 90' lang='lat' dir='ltr'><strong>e.</strong></span> 
     </span>
    </p>
   </div>
   <div class='ocr_carea' id='block_1_127' title="bbox 2448 5747 2671 5784">
    <p class='ocr_par' dir='ltr' id='par_1_127' title="bbox 2448 5747 2671 5784">
     <span class='ocr_line' id='line_1_137' title="bbox 2448 5747 2671 5784; baseline -0.009 0"><span class='ocrx_word' id='word_1_1076' title='bbox 2448 5747 2497 5784; x_wconf 64' lang='grc' dir='ltr'><strong>ὅ)</strong></span> <span class='ocrx_word' id='word_1_1077' title='bbox 2524 5747 2563 5784; x_wconf 70' lang='grc' dir='ltr'>Α</span> <span class='ocrx_word' id='word_1_1078' title='bbox 2602 5747 2671 5784; x_wconf 77' lang='lat' dir='ltr'><strong>IL‘.</strong></span> 
     </span>
    </p>
   </div>
  </div>
