3838 6532
162 360 278 416 1165

1192 353 1733 414 PROVERBIORUM
1769 354 2000 414 CAPUT
2032 354 2274 413 XXVIII.

3231 359 3368 416 NBG

751 473 924 534 Notas
952 478 1016 534 et
1048 471 1237 534 varias
1287 471 1598 534 lectiones
1635 471 1715 533 ad
1760 488 1893 551 cap.
1927 473 2172 534 XXVII
2209 470 2726 534 Proverbiorum.

147 587 473 649 praepropere2
540 582 622 649 ut”
651 573 880 649 solebat,
940 575 1260 646 exscripsit,
1305 577 1687 649 ὲνεχυράσατο,

144 643 665 713 νρηὶιιιυοηαὺειυιὶι.
780 645 979 700 θηλοιι.

203 713 258 768 ν.
290 712 372 767 15.
402 712 570 767 Hebr.
606 714 910 769 Secundum
946 714 1091 778 Keri,
1123 724 1342 776 sum.
1415 716 1568 773 lunt.

1798 575 1962 632 Thes.
2008 575 2073 630 ν.
2128 576 2189 630 Τ.
2222 577 2424 646 ερλμος
2456 584 2513 630 et
2555 575 2735 646 ὀλμρς.
2779 575 2870 631 Sic
2905 577 3067 632 etiam
3103 577 3366 634 Tromlnii

1795 648 2215 702 concordantize.
2259 645 2400 700 Edit.
2449 645 2632 700 autem
2667 645 2822 700 Rom.
2868 657 2922 700 et
2961 647 3206 703 Kircheri
3237 666 3369 704 con-

1792 717 1966 783 cord.,
1994 717 2178 788 ὀλμός,
2209 731 2333 771 cum
2369 716 2477 770 leui
2503 716 2718 785 spiritu.
2791 716 2992 770 DRACR.

198 785 251 838 ν.
284 784 368 838 22.
401 785 483 836 Ad
528 784 815 839 lectionem
845 785 896 838 Ἀ
944 796 996 840 et
1031 787 1118 847 Θ..
1166 787 1572 854 Schleusuerus
1624 789 1680 842 in

1071 837 1722 948 enarrandam
1789 881 2048 944 CAPUT
2105 837 2406 941 x'xvul.

425 975 835 1030 ΣΥΜΜΛΧΟΣ.

190 1229 239 1283 '5.

203 1390 529 1462 ’Δνεσχηκὼς
554 1393 656 1446 καὶ
678 1394 774 1447 οὐκ
796 1394 940 1448 ἔστιν
965 1395 1146 1466 ἄρτος.

194 1483 242 1538 5.

190 1649 230 1704 6.
257 1643 586 1715 Περιωτῶν
608 1646 667 1698 ὲν
685 1646 944 1718 ἁπλότητι
961 1648 1146 1702 αὑτοῦ.

191 1735 218 1786 7

185 1831 232 1884 9.
263 1831 433 1899 Καίγε
459 1833 746 1905 προσευχὴ
775 1833 936 1888 αὐτοῦ
973 1833 1152 1904 βδέλυ-

127 1916 242 1970 nm-

197 1992 269 2045 10.

193 2084 267 2134 11.

187 2175 261 2228 15.
293 2173 733 2247 Εὐοδωθήσεται.

184 2265 279 2318 Καὶ
299 2267 672 2339 ἐξαγορεύων.

184 2358 257 2434 16.
301 2359 668 2434 Ἡγούμενος,
697 2363 730 2434 ἢ
762 2362 1046 2432 δυνάστης,
1073 2364 1158 2415 ὲν-

124 2429 229 2496 δεὴς
247 2429 514 2484 συνέσεών
719 2429 730 2434 ⁷
927 2472 936 2482 .

187 2847 270 2903 17.

186 3152 265 3205 18.

195 3245 274 3297 19.

183 3342 262 3394 20.
299 3340 465 3413 ’Δνὴρ
488 3340 724 3412 ἀληθής.

402 3433 867 3490 SYMMACHUS.

185 3526 214 3562 ο

186 3567 232 3669 δῖ

184 3777 443 3833 Retincns
476 3792 561 3842 se,
590 3785 643 3830 et
671 3791 776 3830 non
803 3785 886 3830 est
914 3775 1090 3844 panis.

187 3867 234 3922 5.

185 4031 236 4087 6.
259 4031 574 4086 Ambulans
596 4031 650 4084 in
675 4029 1022 4100 simplicitate
1041 4042 1162 4082 sua.

198 4213 241 4249 Δ.

127 4421 160 4478 ﬁ
185 4355 235 4408 9.
273 4355 453 4408 Etiam
487 4353 668 4408 oratio
716 4351 836 4421 ejus
883 4351 1168 4407 abomina-

161 4437 209 4478 ο.

161 4437 192 4477 0

190 4517 272 4572 10.

191 4608 272 4662 11.

193 4699 274 4753 13.
309 4697 757 4768 Prosperabitur.

191 4791 251 4845 Et
275 4794 367 4861 qui
396 4791 708 4862 profitetur.

193 4883 272 4936 16.
329 4883 476 4948 Dux,
507 4883 593 4936 vel
641 4881 892 4952 dynasta,
925 4880 1172 4950 indigens

134 4951 520 5024 intelligentiis.

199 5346 282 5402 17-

203 5577 284 5631 18.

206 5673 286 5728 19.

200 5761 284 5816 ἳθ-
323 5771 356 5824 \'
371 5775 420 5829 ir
447 5790 632 5829 verax.

1223 1896 1556 1954 ἐὸδέλυκται.

1201 4539 1206 4545 ι
1310 4514 1396 4585 10.
1428 4511 1866 4567 Pertransibunt.

1718 982 1794 1038 θ’.
2273 1002 2291 1021 ο
2656 980 3054 1034 ΘΕΟΔΟἸῚΩΝ.

1289 1146 1344 1200 2.
1376 1145 1602 1218 Κρίσεις
1630 1147 1954 1216 ἐγείρονται.

1292 1237 1344 1290 3.
1373 1237 1641 1309 Ἀνδρεῖος
1673 1239 1732 1292 ἐν
1781 1237 2057 1301 ἀσεϐείαις
2097 1254 2258 1291 συκο-

1223 1310 1412 1375 φαντεῖ
1435 1309 1702 1379 πτωχούς.
2334 1315 2600 1382 πτωχούς.

1291 1397 1504 1470 Λάὁρος
1535 1401 1626 1453 καὶ
1652 1401 1952 1472 ἀνωφελής.
2402 1407 2741 1479 Ἀνεσχηκὼς
2770 1407 2864 1461 καὶ
2881 1407 2982 1462 οὐκ
3012 1407 3157 1460 ἔστιν
3188 1407 3369 1478 ἄρτος.

1294 1489 1344 1562 5.
1370 1492 1698 1562 Συνήσουσιν
1730 1493 1789 1546 ἐν
1816 1493 1998 1547 παντί.
2041 1496 2105 1547 οι
2136 1494 2262 1546 λοι·
2399 1501 2454 1554 5.

2401 1143 2456 1198 2.
2491 1142 2681 1196 Πολλοὶ
2709 1144 2968 1214 ἄρχοντες
3000 1143 3196 1200 αὐτῶν.

2402 1243 2457 1298 3.
2484 1242 2651 1312 Ἀνὴρ
2676 1243 2876 1312 ἄπορος
2900 1241 2995 1294 καὶ
3024 1239 3370 1298 συκοφαντῶν

1221 1560 1343 1624 ποῖ,
1378 1560 1664 1632 συνήσουσι
1696 1565 1891 1620 πάντα.

1225 1726 1236 1738 ⁸
1291 1650 1343 1705 6.
1382 1652 1748 1723 Πορευόμενος
1780 1655 1838 1708 ὲν
1867 1655 2112 1726 ἀληθείᾳ.
2402 1657 2455 1712 6.
2481 1655 2801 1729 Περιπατῶν
2822 1658 2880 1712 ὲν
2905 1657 3162 1723 ἁπλότητι
3186 1657 3371 1713 αὐτοῦ.

1296 1738 1348 1790 7.
1387 1737 1485 1802 Ι’ος
1512 1739 1568 1792 δὲ
1593 1741 1865 1811 ποιμαίνει
1897 1744 2153 1800 ἀσωτίαν.
2408 1750 2438 1801 7

1293 1829 1484 1915 9λΚα⁴ι
1531 1793 1702 1893 αὐτὸς⁸
1751 1833 2057 1903 προσευχὴν
2097 1835 2260 1888 αὐτοῦ
2403 1791 2460 1894 91
2486 1842 2660 1912 Καίγε
2698 1842 2970 1914 προσευχὴ
3002 1842 3167 1896 αὐτοῦ
3193 1842 3374 1915 βδέλυ-

2333 1927 2469 1980 γμσι⁹

1295 1993 1379 2048 10.
1407 1993 1800 2048 Διελεύσονται.
2407 1993 2491 2056 10.
2525 1999 2848 2056 Διελοῦνται.

1296 2083 1380 2136 11.
1408 2083 1834 2152 Καταγνώσεται
1863 2087 2046 2141 αὐτόν.
2407 2093 2492 2146 11.
2525 2093 2844 2164 Ἐξιχνιάσει
2868 2093 3048 2153 αὐτόν.

1296 2177 1380 2231 15.
1418 2178 1458 2229 Ε
1464 2177 1664 2245 ὐοδωθή
1672 2193 1839 2234 σεται.
2411 2185 2500 2240 15.

1306 2269 1364 2320 ὐ
1397 2268 1454 2320 δὲ
1475 2268 1854 2340 ἐξηγούμενος.
2410 2276 2522 2332 Καὶ
2548 2276 2842 2349 ὁμολογῶν.

1301 2360 1384 2413 16.
1420 2361 1677 2424 Βασιλεὺς
1712 2362 1898 2434 ἐνδεὴς
1924 2363 2219 2435 προσόδων.
2417 2369 2505 2425 16.

1299 2521 1485 2596 Μέγας
1508 2524 1865 2596 συκοφάντης.
1905 2528 2139 2594 Ἄλλος,
2179 2528 2272 2580 καὶ

1229 2593 1640 2664 πολύστρεελον.

1299 2689 1525 2760 Μακρὸν
1557 2690 1744 2760 χρόνον
1763 2691 2003 2760 ζήσεται.
2038 2694 2271 2759 Ἄλλος,

1233 2758 1442 2829 μακρὸν
1477 2758 1729 2830 βιώσεται
1766 2758 1896 2830 βίον.

1303 2849 1391 2925 1'_7.
1437 2851 1533 2925 '0‘;
1555 2851 1782 2925 (θράσσει
1811 2852 1878 2905 τὰ
1899 2847 2011 2925 ὦτα
2050 2855 2123 2925 μὴ
2160 2856 2272 2907 εἰσ-
2417 2854 2503 2912 17.

1232 2921 1460 2974 ακοῦσαι
1488 2921 1766 2984 ἀσθενοῦς,
1832 2924 1926 2976 καὶ
1955 2921 2122 2987 adeo;
2157 2927 2275 2976 ἐπι-

1233 2990 1538 3075 καξέσεται,
1581 2993 1677 3044 καὶ
1733 2993 1833 3044 οὐκ
1871 2993 2024 3046 ἔσται
2069 2995 2097 3046 ὁ
2122 2995 2273 3048 εἰσα-

1232 3078 1426 3114 κουων.

1304 3151 1389 3206 18.
1420 3151 1656 3216 Δίκαιος.
2418 3155 2502 3209 18.
2532 3153 2762 3220 Τέλειος.

1305 3245 1392 3299 19.
1427 3245 1646 3316 Σχολήν.
1678 3247 1909 3313 Ἄλλος,
1939 3248 2238 3319 ἀπραγίαν.
2423 3247 2507 3303 19.
2542 3248 2708 3301 Κενά.

1305 3335 1396 3390 20.
1436 3335 1597 3406 Ἀνὴρ
1623 3336 1954 3399 ἀξιόπιστος.
2428 3339 2520 3395 20.

1402 3430 1540 3484 LXX
1578 3429 2080 3487 INTERPRETES.
2647 3432 3065 3488 TIIEODOTIO.

1304 3523 1358 3576 2.
1390 3521 1598 3577 Judicia
1627 3525 1955 3579 excitantur.

1305 3615 1357 3668 5.
1393 3614 1667 3670 Robustus
1700 3617 1753 3670 in
1787 3617 2153 3684 impietatibus
2184 3632 2276 3669 ca-

1235 3683 1533 3738 lumniatur
1563 3702 1844 3754 pauperes.

1309 3775 1614 3831 Vehemens
1642 3787 1696 3831 et
1723 3776 1952 3831 inutilis.

2419 3524 2474 3578 9..
2503 3523 2652 3579 Multi
2680 3526 2950 3595 principes
2965 3539 3174 3580 eorum.

2426 3615 2477 3668 5.
2521 3614 2615 3668 Vir
2661 3632 2901 3686 egenus,
2947 3626 3001 3671 et
3047 3615 3387 3672 calumniam

2350 3699 2634 3754 pauperes.

2421 3773 2679 3829 Retineus
2707 3791 2786 3838 se,
2818 3785 2873 3830 et
2906 3791 3012 3830 non
3043 3789 3126 3831 est
3157 3778 3338 3847 panis.

1308 3866 1357 3918 5.
1425 3866 1727 3936 lnteiligent
1775 3867 1830 3920 in
1904 3869 2074 3922 omni.
2133 3867 2278 3921 Relt-
2422 3865 2474 3920 5.

1234 3937 1353 4005 qui,
1389 3936 1689 4006 iutelligeut
1720 3937 1925 3991 omnia.

1307 4029 1358 4082 6.
1392 4028 1602 4085 Vadens
1631 4030 1683 4083 in
1717 4030 1962 4084 veritate.
2422 4024 2474 4080 6.
2504 4026 2802 4081 Ambulans
2821 4027 2874 4080 in
2897 4027 3246 4097 simplicitate
3267 4042 3384 4082 sua.

1309 4191 1360 4244 7.
1399 4190 1504 4257 Qui
1547 4199 1727 4245 autem
1766 4192 1939 4261 pascit
1982 4192 2274 4245 luxuriam.
2420 4187 2478 4242 7.

1309 4355 1362 4408 9.
1394 4351 1460 4405 Et
1495 4353 1609 4423 ipse
1643 4351 1944 4406 orationem
1971 4367 2126 4423 suam
2151 4352 2280 4406 abo—

2421 4353 2473 4405 9.
2513 4349 2685 4403 Etiam
2729 4347 2906 4402 oratio
2947 4347 3068 4416 ejus
3111 4344 3382 4401 abomina-

1239 4421 1550 4478 miuabilem
1575 4421 1720 4477 fecit.
2001 4421 2003 4423 ’
2354 4422 2388 4476 ti

2354 4429 2448 4476 tio.

2425 4512 2510 4566 10.
2541 4510 2807 4566 Divident.

1309 4608 1397 4661 11.
1428 4605 1824 4660 Coudemnabit
1855 4621 2000 4659 eum.
2426 4602 2515 4656 11.
2545 4599 2888 4656 Scrutabitur
2914 4612 3062 4653 eum.

1313 4701 1400 4754 15.
1443 4699 1880 4768 Prosperabitur.
2427 4693 2514 4748 15.

1310 4791 1415 4857 Qui
1442 4800 1622 4845 autem
1653 4798 1861 4844 narrat.
2429 4787 2496 4841 Et
2522 4783 2808 4842 conﬁtens.

1311 4885 1400 4938 16.
1437 4882 1550 4938 Rex
1607 4882 1858 4954 indigens
1908 4881 2282 4952 proventibus.
2431 4877 2522 4934 16.

1314 5022 1538 5094 Magnus
1595 5023 1950 5094 sycophanta.
1998 5023 2188 5089 Alius,
2235 5033 2290 5078 et

1240 5095 1396 5148 valde
1420 5108 1752 5162 perversum.

1314 5185 1498 5253 Longo
1563 5194 1805 5255 tempore
1863 5186 2023 5240 vivet.
2090 5186 2286 5255 Alius,

1242 5258 1458 5326 longam
1487 5256 1652 5308 vitam
1684 5254 1864 5310 ducet.

1316 5347 1402 5402 17.
1455 5347 1559 5412 Qui
1613 5349 1835 5402 obturat
1879 5361 2042 5401 aures
2080 5357 2139 5402 ut
2178 5361 2289 5401 non
2435 5341 2519 5395 17.

1242 5417 1428 5470 audiat
1473 5417 1748 5470 inﬁrmum
1777 5457 1792 5482 ,
1831 5428 1883 5471 et
1921 5418 2036 5485 ipse
2067 5418 2291 5472 invoca--

1243 5487 1342 5551 bit,
1369 5497 1424 5540 et
1448 5503 1555 5540 non
1573 5487 1695 5542 ‘erit
1717 5488 1810 5557 qui
1835 5489 2112 5543 exaudiat.

1319 5577 1408 5632 18.
1435 5575 1646 5632 Justus.

1315 5670 1401 5725 19.
1443 5669 1650 5724 Otium.
1683 5669 1834 5725 Alius
1855 5711 1872 5738 ,
1905 5670 2179 5727 inertiam.

1309 5763 1402 5816 ⁸20.
1432 5761 1529 5817 Vir
1555 5762 1660 5818 fide
1689 5763 1907 5834 dignus.

2434 5572 2522 5625 18.
2559 5569 2857 5626 Perfectus.

2435 5663 2522 5727 19.
2561 5646 2735 5718 Vana.

2437 5761 2526 5817 20.
