3838 6530
150 432 261 489 N97

416 542 819 597 ΣΥΜΜΔΧΟΣ.

189 705 235 760 6.
266 705 530 775 Καταντᾷ.
562 744 576 757 .
606 743 622 758 .
665 741 680 756 .
725 742 740 755 .

189 1011 230 1062 7.
258 1007 357 1060 Kal.

189 1011 230 1062 7.
258 1007 357 1060 Kal.
384 1006 688 1129 ⁴ἓϐάλασσα
710 1006 770 1059 οὐ
796 1006 1132 1077 πλημμυρει·

130 1090 193 1142 εξς
234 1077 317 1129 τὸν
365 1093 395 1128 τ
429 1092 549 1142 πον,
603 1076 696 1143 ἀφ’
724 1070 784 1130 οὗ
821 1078 871 1129 οἱ
902 1075 1138 1147 ποταμοὶ

125 1147 432 1219 πορεύονται,
454 1148 550 1200 καὶ
573 1147 690 1199 ἐκεῖ
711 1147 865 1200 αὐτοὶ
881 1146 1139 1218 ἀναστρέ-

126 1235 306 1290 φουσιν.

183 1312 225 1368 8.
248 1307 535 1370 Κοπώδεις.

443 1004 688 1077 θάλασσα
710 1006 779 1077 of:
796 1006 902 1076 πλη
909 1023 1132 1077 μμυρειξ

191 1404 454 1476 Ἀδύνατόν
487 1406 640 1456 ἐστιν
664 1402 947 1476 ἄνθρωπον
991 1406 1135 1458 ἐκνι-

125 1477 259 1547 κῆσαι
279 1475 521 1542 λέγοντα.

178 1572 222 1623 9.
255 1568 323 1620 Τὸ
345 1567 605 1638 ἐσόμενον
631 1565 863 1620 ἔσεσθαι.

178 1664 240 1716 Τὸ
269 1663 454 1734 μέλλον
485 1664 724 1718 ἔσεσθαι.

178 1758 377 1812 Καινόν.

180 1850 252 1902 10.
280 1850 557 1917 Ἀρακὲστί
583 1867 635 1901 τι
661 1849 689 1901 ὃ
717 1851 830 1919 ἐρεῖ
858 1867 960 1913 τις,
983 1848 1136 1918 (Ἴδε,

120 1920 250 1991 τοῦτο
265 1921 442 1991 καινόν
469 1920 591 1972 ἐστι
617 1937 633 1986 ς
664 1921 776 1973 Καὶ
797 1921 896 1991 ἠδη
925 1921 1140 1989 ἐγένετο

119 1993 164 2043 ὲν
186 1988 254 2060 τῷ
281 1989 434 2044 αἰῶνι
456 1990 581 2060 τῷ)
609 1991 717 2062 πρὸ
747 1988 926 2062 ἡμῶν.

175 2150 252 2230 11.
284 2151 437 2218 Παρὰ
501 2154 620 2215 τοῖς
673 2154 952 2224 ἐσομένοις
1006 2154 1142 2224 μετὰ

117 2237 278 2274 ταυτα.

173 2313 248 2366 15.
280 2314 624 2387 Προεθέμην.

173 2500 370 2569 Ταύτην
405 2499 668 2571 ἀσχολίαν
701 2517 837 2572 πονη
845 2502 963 2572 ράν.

183 2593 571 2664 Ἀσχολείσθαι.

174 2683 249 2737 14.
289 2684 485 2755 Ἀτμὺς
508 2686 605 2738 καὶ
632 2684 890 2756 βόσκησις
911 2687 1139 2756 ἀνέμου.

176 2844 252 2920 15.
289 2845 398 2920 καὶ
425 2845 718 2920 ὑστέρημα
747 2847 820 2917 μὴ
849 2847 1145 2920 δυνάμενον

117 2917 480 2987 ἀναπληρῶσαι
501 2917 756 2987 ἀριθμόν.

175 3011 250 3061 16.
279 3009 430 3062 Μετὰ
458 3009 564 3078 τῆς
595 3008 829 3072 διανοίας
864 3027 986 3080 μου.

174 3101 270 3152 Καὶ
294 3101 396 3153 ὑπε
405 3101 668 3174 ρέϐαλλον
704 3101 884 3171 σοφίᾳ.

175 3193 251 3244 17.

388 3313 852 3371 SYMMACHUS.

174 3404 220 3459 6.
252 3404 408 3460 Vadit
455 3407 526 3461 ad
569 3407 876 3470 meridiem,
931 3418 985 3461 et
1042 3409 1153 3463 cir-

120 3475 266 3546 etimit
286 3479 353 3530 ad
376 3478 607 3532 boream
628 3496 641 3531 ;
664 3478 1044 3546 perambulans
1061 3493 1153 3532 va-

119 3545 184 3597 dit
218 3556 428 3614 ventus,
465 3557 524 3602 et
569 3545 676 3617 per,
699 3564 820 3618 qua:
858 3548 1151 3604 circumie-

121 3623 188 3668 rat
212 3619 504 3673 revertitur
541 3627 759 3672 ventus.

182 3776 227 3831 7.
266 3775 333 3830 Et
385 3793 546 3832 mare
591 3794 697 3833 non
750 3777 1061 3834 redundat:
1097 3778 1152 3834 in

117 3849 274 3919 locum
299 3890 313 3912 ,
350 3863 381 3900 a
416 3864 535 3918 quo
564 3848 791 3908 ﬂumina
827 3859 1070 3919 manant,
1097 3860 1150 3906 et

117 3918 231 3973 illuc
266 3921 384 3989 ipsa
417 3929 791 3976 revertuntur.

173 4007 220 4062 8.
264 4007 590 4064 Laboriosa.

176 4100 512 4172 lmpossibile
528 4110 612 4158 est
628 4101 905 4157 hominem
932 4100 1149 4158 vincere

118 4169 362 4228 dicentem
372 4215 387 4228 .

176 4268 225 4320 9.
258 4268 414 4332 Quod
446 4265 694 4322 futurum
725 4273 830 4321 est.

176 4358 320 4422 Quod
355 4357 611 4414 futurum
639 4365 724 4414 est
757 4366 818 4412 ut
846 4355 942 4414 sit.

175 4445 396 4505 Novum.

180 4541 258 4594 10.
287 4540 432 4612 Num
470 4550 558 4596 est
579 4541 856 4612 quidpiam
889 4540 1034 4612 quod
1067 4542 1149 4612 di-

120 4619 192 4681 cet
209 4613 327 4681 quis
352 4631 365 4666 :
392 4611 548 4677 Vide,
587 4611 689 4667 hoc
719 4611 923 4667 novum
947 4612 1064 4667 est?
1084 4611 1150 4665 Et

116 4678 456 4754 iAatn'factum
496 4691 581 4738 est
640 4684 694 4738 in
748 4683 950 4738 saeculo
1001 4683 1148 4754 quod

122 4748 208 4805 fuit
238 4763 363 4810 ante
400 4768 529 4809 nos.

179 4844 257 4898 il.
295 4844 457 4915 Apud
483 4860 580 4901 eos
609 4845 703 4916 qui
743 4853 904 4901 erunt
938 4853 1146 4916 postea.

183 5008 258 5059 15.
286 5007 577 5078 Proposui.

183 5191 322 5247 Hanc
347 5193 768 5262 occupationem
799 5191 1019 5251 malam.

185 5282 246 5339 Ut
280 5296 701 5355 occuparentur.

184 5379 258 5432 lt.
283 5378 468 5472 Vapor
498 5393 553 5436 et
579 5382 758 5452 pastio
783 5380 950 5437 venti.

187 5536 260 5589 15.
292 5537 357 5592 Et
394 5538 640 5594 defectus
677 5552 785 5593 non
819 5539 1006 5596 valens
1042 5546 1149 5596 lm-

133 5605 254 5673 plere
282 5624 595 5664 numerum.

193 5697 268 5751 16.
305 5697 443 5754 Cum
481 5703 666 5755 animo
704 5714 846 5758 meo.

192 5786 250 5841 Et
283 5793 533 5863 superavi
555 5793 839 5863 sapientia.
940 5817 943 5819 ·

196 5883 270 5936 17.

1297 420 1799 478 ECCLESIASTJE
1838 420 2069 478 CAPUT
2116 421 2161 476 1.

1695 548 1772 597 U’.

1279 704 1331 759 6.
1365 705 1664 778 Πορεύεται
1687 705 1825 776 πρὸς
1848 705 2020 778 νότον,
2046 704 2142 778 καὶἶ
2161 720 2262 778 ξυ-

1207 774 1326 828 κλοί
1355 773 1492 848 πρδς
1543 773 1765 848 βγοῤῥᾶνξ
1804 775 1994 848 κυκλοῖ
2021 773 2261 848 κυκλῶν,

1208 843 1499 916 πορεύεται
1530 843 1862 916 eumeum,
1902 846 1995 897 καὶ
2032 843 2262 916 ὲπὶῌκύ-

1207 913 1366 979 κλους
1387 915 1552 968 αὑτοῦ
1582 913 1901 986 ἐπιστρέφει
1925 916 1984 967 τὸ
2022 913 2259 984 πνεῦμα.

1278 1007 1332 1078 7.
1361 1007 1470 1060 Καὶ
1503 1007 1810 1078 ή’Θὰλασσα
1849 1007 1948 1078 οὐκ
1984 1005 2130 1078 ἔστιν
2161 1007 2262 1078 ἐμ.-

1210 1070 1556 1148 πιπλαμένη’·
1585 1079 1665 1148 είς
1692 1077 1785 1129 τὸν
1803 1077 1966 1148 τόπον
1996 1070 2057 1129 οὗ
2083 1077 2132 1148 οἱ
2153 1070 2264 1146 χεί-

1213 1150 1412 1271 μαρἐοι
1439 1147 1781 1218 πορεύονται,
1808 1147 1926 1199 ἐκεῖ
1955 1147 2107 1200 αὐτοὶ
2138 1147 2262 1200 ἐπι-

1213 1234 1310 1271 στο
1343 1235 1503 1271 meum
1536 1216 1630 1270 τοῦ
1662 1216 2014 1271 πορευθῆναι.

1212 1216 1630 1289 στρέφουσίτοῦ
1662 1216 2014 1288 πορευθῆναι.

1282 1310 1337 1364 8.
1371 1311 1660 1379 Ἕγκοποι.

1283 1404 1356 1456 Οὐ
1385 1403 1675 1475 δυνήσεται
1701 1403 1842 1475 ἀνὴρ
1874 1403 1970 1456 τοῦ
2004 1401 2208 1457 λαλεῖν.

1284 1563 1338 1618 9.
1369 1563 1443 1617 Τὸ
1471 1565 1854 1636 γενησόμενον.

1286 1658 1360 1712 Τὸ
1389 1659 1840 1731 ποιηθησόμενον.

1287 1754 1626 1825 Πρόσφατον.

1287 1846 1373 1917 10.
1404 1848 1500 1909 ὐς
1544 1847 1764 1917 λαλήσει
1818 1845 1912 1917 καὶ
1971 1846 2123 1917 ἐρεῖ,
2158 1843 2264 1917 Ἴδε

1287 1862 1373 1899 ιυ.
1405 1862 1500 1909 ὐς
1546 1862 1764 1917 Λαλησει
1818 1862 1912 1899 και
1971 1862 2082 1967 afer.
2109 1885 2123 1908 ,
2159 1862 2264 1896 ‘roe

1212 1916 1371 1970 τοῦτο
1394 1918 1577 1970 καινόν
1604 1918 1748 1969 ἐστιν
1773 1934 1786 1947 ο
1826 1916 1925 1987 ἤδη
1955 1933 1988 1984 γ
2023 1932 2183 1987 γονεν
2207 1916 2264 1966 ἐν

1213 1991 1325 2051 τοῖς
1359 1987 1520 2040 αίῶσι
1549 1988 1661 2050 τοῖς
1694 1984 2006 2055 γενουζένοις
2031 1984 2138 2038 ἀπὸ
2159 1984 2261 2055 ἒμ-

1215 2058 1452 2128 προσθεν
1482 2058 1658 2128 ἡμῶν.

1288 2151 1373 2205 11.
1406 2151 1560 2205 Μετὰ
1585 2151 1694 2203 τῶν
1744 2149 2123 2220 γενησομένων
2185 2149 2260 2212 εἰς

1215 2223 1316 2294 τὴν
1340 2220 1595 2292 ἐσχάτην.

1289 2314 1375 2369 15.
1405 2313 1514 2367 Καὶ
1545 2313 1720 2366 ἔδωκα
1749 2313 1848 2384 τὴν
1877 2311 2105 2384 καρδίαν
2133 2327 2262 2381 μου.

1286 2407 1397 2460 Καὶ
1424 2404 1518 2457 τοῦ
1547 2403 2014 2472 κατασκέψασθαι.

1289 2501 1411 2552 Ὅτι
1439 2499 1822 2570 περισπασμὸν
1851 2499 2107 2568 πονηρόν.

1289 2589 1688 2663 Περισπᾶσθαι.

1287 2683 1377 2770 11.
1416 2681 1730 2752 Ματαιότης
1755 2721 1770 2746 ,
1822 2682 1917 2734 καὶ
1948 2680 2266 2752 προαίρεσις

1218 2773 1349 2810 πνευ
1359 2770 1544 2826 ματος.

1294 2848 1377 2903 15.
1417 2845 1521 2899 Καὶ
1558 2844 1844 2916 ὑστέρημα
1891 2845 1953 2896 οὺ
1985 2843 2268 2914 δυνήσεται

1218 2917 1605 2991 ἀριθμηθῆναι.

1292 3010 1378 3064 16.
1415 3009 1504 3061 Ἐν
1535 3011 1600 3078 τῇ
1629 3006 1829 3078 καρδίᾳ
1861 3024 1982 3077 μου.

1291 3101 1401 3155 Καὶ
1431 3098 1748 3170 προσέθηκα
1778 3097 1991 3166 σοφίαν.

1293 3192 1379 3245 17.
1412 3189 1755 3261 Παραϐολάς.

1396 3311 1538 3367 LXX
1579 3307 2079 3364 INTERPRETES.

1297 3402 1352 3458 6.
1391 3401 1548 3457 Vadit
1595 3401 1663 3455 ad
1725 3409 1999 3460 austrum,
2036 3407 2090 3452 et
2119 3407 2271 3468 gyrat

1225 3477 1289 3530 ad
1317 3474 1672 3543 aquilonem:
1696 3481 1853 3543 gyrat
1881 3485 2100 3543 gyrans,
2127 3468 2274 3521 vadit

1225 3542 1472 3616 spiritus,
1521 3551 1576 3616 et
1610 3542 1684 3616 Ain
1739 3542 1978 3596 circulos
2020 3554 2152 3594 suos
2188 3554 2274 3592 re-

1224 3614 1456 3670 vertitur
1491 3614 1738 3683 spiritus.

1291 3780 1346 3835 7.
1380 3776 1447 3832 Et
1484 3791 1635 3830 mare
1685 3789 1792 3829 non
1835 3785 1921 3829 est
1962 3773 2269 3842 impletum.

1223 3848 1304 3903 Ad
1328 3851 1507 3903 locum
1533 3862 1642 3916 quo
1668 3856 1935 3900 torrentes
1957 3855 2110 3910 eunt,
2139 3843 2270 3897 illuc

1222 3919 1326 3990 ipsi
1352 3928 1699 3973 revertuntur
1731 3916 1801 3970 ad
1827 3917 2091 3970 eundum.

1293 4010 1348 4064 8.
1383 4009 1635 4064 Onerosi.

1290 4101 1410 4158 Non
1451 4102 1652 4172 poterit
1681 4101 1764 4155 vir
1798 4100 2004 4171 eloqui.

1289 4265 1345 4322 9.
1379 4263 1535 4332 Quod
1563 4263 1808 4327 futurum
1835 4272 1940 4320 est.

1294 4355 1476 4426 Ipsum
1516 4358 1663 4428 quod
1703 4356 2014 4413 faciendum
2035 4367 2138 4414 est.

1292 4449 1525 4505 Recens.

1292 4541 1380 4595 10.
1405 4539 1510 4607 Qui
1535 4541 1806 4610 loquetur,
1827 4556 1891 4595 ac
1905 4540 2047 4596 dicet
2071 4560 2082 4595 :
2109 4539 2266 4606 Vide,

1223 4611 1326 4666 hoc
1351 4628 1549 4666 novum
1579 4622 1662 4666 est
1697 4629 1711 4677 ;
1744 4614 1856 4680 jam
1881 4610 1985 4666 fuit
2014 4612 2068 4666 in
2097 4627 2272 4666 sazcu-

1223 4682 1308 4748 lis,
1341 4699 1463 4753 qua:
1489 4681 1709 4736 fuerunt
1731 4692 1858 4737 ante
1879 4698 1998 4738 nos.

1293 4847 1382 4928 11.
1409 4845 1548 4925 Cum
1597 4845 1676 4900 eis
1718 4845 1812 4915 qui
1853 4843 2023 4900 futuri
2054 4854 2182 4902 sunt
2214 4847 2270 4901 in

1222 4930 1547 4971 novnssmo.

1294 5009 1384 5064 15.
1408 5006 1474 5062 Et
1502 5005 1624 5062 dedi
1655 5021 1752 5062 cor
1790 5023 1990 5062 meum.

1293 5100 1360 5156 Et
1386 5101 1454 5155 ad
1482 5099 1960 5156 considerandum.

1293 5192 1564 5259 Quoniam
1605 5180 2017 5250 distractionem
2045 5195 2266 5251 malam.

1295 5281 1369 5338 Ut
1395 5294 1816 5354 occuparentur.

1255 5376 1381 5501 Ol“.
1409 5376 1637 5433 Vanitas
1670 5390 1724 5434 et
1762 5381 2114 5451 praesumptio
2159 5382 2272 5454 spi~

1255 5462 1382 5501 Ius.

1223 5461 1382 5502 ritus.

1294 5540 1383 5594 15.
1429 5539 1497 5622 Et
1554 5541 1863 5597 imminutio
1910 5558 2018 5598 non
2069 5547 2269 5616 poterit

1222 5625 1521 5666 numerari.
1993 5625 1999 5632 ’

1291 5704 1378 5759 16.
1407 5703 1464 5759 1η
1493 5706 1656 5760 corde
1680 5721 1822 5762 meo.

1289 5797 1355 5851 Et
1383 5798 1564 5854 addidi
1599 5799 1942 5870 sapientiam.

1292 5890 1372 5943 17.
1399 5889 1712 5950 Parabolas.

3237 414 3375 471 1198

2650 538 3028 596 θΕοΔυΤιαΝ
3049 509 3054 512 ’

2413 1829 2499 1883 10.

2409 2131 2499 2188 11.

2409 2295 2499 2350 15.

2408 2477 2608 2533 Τοῦτον
2636 2479 3018 2550 περισπασμὸν
3045 2480 3290 2552 πονηρόν.

2411 2664 2499 2718 14.
2541 2664 2736 2735 Ἀτμὺς
2765 2665 2858 2718 καὶ
2885 2665 3023 2738 νομὴ
3051 2665 3271 2735 ἀνέμου.

2413 2824 2502 2880 15.

2417 2992 2506 3046 16.

2419 3181 2504 3233 17.
2537 3179 2890 3252 Παραφοράς.

2651 3295 3064 3355 THEODOTIO.

2421 3393 2474 3448 6.

2413 4563 2503 4620 10.

2413 4867 2504 4923 11.

2415 5029 2505 5085 15.

2413 5210 2563 5266 Hanc
2586 5209 2995 5266 distractionem
3024 5210 3246 5268 malam.

2413 5396 2500 5452 14.
2541 5395 2720 5466 Vapor
2749 5404 2801 5449 et
2833 5396 3009 5464 pastio
3044 5394 3210 5450 venti.

2416 5557 2504 5613 15.

2419 5720 2502 5776 16.

2416 5905 2502 5959 17.
2537 5905 2793 5961 Furores.
