3838 6572
45 541 159 595 1505

300 651 694 704 ΣΥΜΜΛΧΟΣ.

86 819 125 868 9.
153 815 244 868 Kal
273 810 481 881 μεγέθει
504 807 849 878 ὑπερέϐαλον.

91 906 201 957 Ἀπὸ
226 900 520 973 ἔμπροσθεν
549 899 700 970 ἐμοῦ.

85 999 153 1049 10.
197 993 582 1062 Ἐπεθύμησαν.

89 1091 164 1141 Ἐκ
196 1089 360 1155 πάσης
389 1082 701 1152 φιλοπονίας
747 1100 868 1154 μου.

81 1179 147 1232 11.
175 1178 272 1230 Καὶ
307 1176 394 1229 τὸν
453 1175 615 1228 πόνον
667 1175 725 1228 ὃν
773 1176 1010 1244 ἐπόνησα

23 1249 454 1318 διαπρασσόμενος.

82 1504 144 1556 12.
181 1504 278 1555 Καὶ
304 1502 535 1573 πλάνην.

77 1757 142 1808 15.
180 1757 340 1828 Ὑπὲρ
368 1757 474 1826 τὴν
507 1758 764 1828 ἀμαθίαν.

72 1849 138 1903 15.
168 1850 266 1901 Kal
293 1851 372 1912 εἰς
393 1850 450 1901 τί
475 1867 567 1920 μοι
599 1853 633 1920 ή
660 1849 820 1919 σοφία
847 1866 970 1920 μου;

71 1942 145 2012 17.
166 1941 334 1992 Κακὸν
364 1941 479 2012 γάρ
515 1959 604 2012 μοι
632 1942 802 2012 ἐφάνη
829 1941 889 1994 τὸ
919 1941 1009 2012 Ep-

15 2027 88 2078 γον
111 2010 158 2061 τὸ
183 2010 480 2081 γινόμενον.

67 2104 136 2156 19.
171 2103 272 2156 Kal
293 2102 599 2174 κυριεύσει.

61 2196 138 2258 Ei;
163 2195 214 2249 ὃν
247 2195 591 2265 (ὲμόχθησα).

60 2289 132 2342 20.
153 2290 254 2341 Kal
285 2289 618 2359 περιήχθην.

51 2543 125 2595 21.
153 2543 254 2596 Kal
272 2544 330 2594 ἐν
360 2544 676 2614 γοργότητι.

55 2635 143 2687 Kal
172 2635 434 2697 κάκωσις.
623 2704 626 2706 ν

52 2726 124 2777 ‘12..
152 2725 263 2777 Ὅτι
299 2725 413 2796 γὰρ
452 2726 824 2795 περιγέγονεν.

52 2818 124 2869 25.

46 2912 120 2962 21.
158 2910 284 2963 Ἀπὸ
321 2911 501 2964 κόπου
537 2911 719 2964 αὑτοῦ.

50 3002 120 3055 :3.
158 3001 453 3056 Ἀυαλώσει

49 3095 122 3148 26.
156 3096 443 3165 ’Δρέσαντι
479 3095 646 3163 αὐτῷ.

57 3256 329 3326 ’Δσχολίαν.

226 3347 690 3405 SYMMACHUS.

45 3444 87 3495 9.
121 3441 178 3496 Et
205 3442 594 3514 magnitudine
624 3441 894 3512 superavi.

41 3535 107 3588 Ab
128 3544 250 3590 ante
279 3550 405 3592 me.

44 3625 110 3676 10.
145 3624 628 3680 Desideraverunt.

42 3714 102 3771 Ex
133 3718 280 3772 omni
334 3717 610 3772 industria
649 3731 788 3771 mea.

49 3808 113 3860 11.
144 3808 210 3863 Et
239 3809 494 3864 laborem
516 3850 532 3872 ,
571 3823 732 3876 quem
759 3806 1002 3861 laboravi.

1 3879 250 3944 perﬁciens.

41 4061 107 4117 12.
137 4062 200 4118 Et
229 4078 505 4118 errorem.

43 4152 122 4218 Qui
149 4158 328 4225 possit
362 4156 444 4210 ire
470 4162 596 4224 post
627 4155 841 4223 regem?

45 4317 109 4369 15.
139 4318 319 4386 Super
352 4315 650 4372 inscitiam.

1 4477 116 4600 :45;
158 4477 224 4532 Et
285 4479 358 4533 ad
399 4477 533 4547 quid
574 4477 707 4531 mihi
738 4478 1000 4549 sapientia

42 4641 110 4693 17.
147 4641 355 4696 Malum
382 4640 531 4696 enim
564 4639 696 4694 mibi
717 4640 893 4696 visum
921 4653 1002 4694 est

1 4717 89 4778 IDUS
109 4714 253 4781 quod
284 4714 366 4765 ﬁt.

37 4803 108 4854 19.
149 4803 216 4857 Et
247 4803 647 4858 dominabitur.

35 4895 78 4948 ln
107 4913 272 4966 quem
307 4896 574 4951 laboravi.

35 4986 109 5039 ξο.
145 4988 216 5042 ΕΙ.
249 4989 602 5045 circumverti
632 5002 736 5042 me.

37 5236 110 5291 ξι.
152 5238 218 5293 Et
256 5241 314 5293 in
345 5240 709 5296 solicitudine.

41 5329 91 5381 Et
115 5332 357 5390 aﬂ'lictio.

36 5421 112 5474 21.
140 5422 288 5489 Quia
323 5426 466 5480 enirn
493 5423 780 5495 superfuit.

36 5511 116 5565 '23.

35 5600 113 5651 it.
146 5604 189 5654 Α
219 5603 402 5659 labore
429 5619 551 5660 suo.

154 5692 471 5751 Consumet.

42 5781 119 5835 26.
155 5784 266 5850 Qui
296 5788 338 5840 ei
366 5787 560 5856 placet.

47 5869 474 5944 Occupationem.

1131 528 1624 586 ECCLESIASTAS
1664 532 1895 587 CAPUT
1937 534 1976 588 II

1550 658 1623 708 θ’.

1151 811 1203 861 9.
1235 810 1340 861 Kal
1370 812 1392 862 ἐ
1401 811 1754 880 μεγαλύνθην.

1155 901 1289 953 Ἀπὸ
1312 902 1616 972 ἔμπροσθέν
1648 922 1748 974 μου

1156 994 1243 1048 10.
1278 995 1542 1065 ’ᾙτησαν.

1154 1085 1287 1139 Ἀπὸ
1316 1087 1514 1150 παντὸς
1544 1088 1741 1158 μόχθου
1775 1107 1895 1159 μου.

1147 1176 1240 1257 11.
1276 1177 1385 1262 Kal
1413 1179 1470 1228 ὲν
1527 1176 1708 1247 μόχθῳ
1756 1172 1801 1245 ᾦ
1847 1178 2122 1249 ἐμόχθησα

1082 1264 1176 1300 του
1201 1262 1390 1299 ποιειν.

1153 1341 1483 1410 Ματαιότης,
1509 1341 1602 1391 καὶ
1627 1341 1941 1410 προαίρεσις
1960 1341 2124 1394 πνεύ-

1086 1428 1276 1479 ματος.

1155 1501 1240 1555 12.
1269 1501 1380 1554 Καὶ
1404 1503 1744 1574 παραφορὰν.

1156 1598 1278 1650 ’Ότι
1304 1597 1385 1659 τίς
1412 1597 1716 1668 ἄνθρωπος,
1748 1598 1806 1658 ὃς
1835 1597 2123 1650 ἐπελεύσε-

1081 1685 1169 1720 ται
1194 1667 1369 1720 ὀπίσω
1393 1669 1490 1738 τῆς
1521 1667 1715 1737 βουλῆς
1736 1685 1749 1729 ;

1154 1760 1241 1813 15.
1287 1759 1454 1828 ’Υπὲρ
1483 1759 1580 1828 τὴν
1613 1759 1942 1829 ἀφροσύνην.

1155 1850 1242 1904 15.
1270 1851 1379 1904 Kal
1420 1851 1556 1904 ίνατί
1593 1851 1931 1921 ὲσοφισάμην
1958 1851 2087 1920 ἐγώ;

1155 1944 1242 1997 17.
1277 1945 1398 1997 Ὅτι
1429 1943 1662 2014 πονηρὸν
1689 1945 1775 1996 ἐπ’
1806 1944 1904 2013 ἐμὲ
1925 1945 1985 1998 τὸ
2012 1945 2124 1998 ποί-

1083 2031 1199 2085 ημα
1221 2015 1282 2067 τὸ
1311 2015 1696 2083 πεποιημένον.

1153 2107 1238 2162 19.
1275 2107 1384 2160 Kal
1409 2109 1456 2159 εἰ
1484 2107 1870 2173 ἐξουσιάζεται.

1147 2195 1218 2272 ⁷ῼ
1237 2199 1437 2270 ἐμόχθη
1446 2216 1530 2252 σα.

1150 2287 1240 2340 20.
1270 2287 1380 2341 Kal
1406 2287 1734 2358 ἐπέστρεψα.

1153 2381 1571 2468 ζΑποτάξασθαι.
1632 2383 1856 2446 ’Ἄλλος
1876 2424 1889 2447 ,
1918 2383 2122 2434 ἀποκα-

1085 2470 1224 2520 μειν.

1150 2545 1239 2596 21.
1269 2545 1374 2597 Kal
1393 2547 1450 2597 ἐν
1479 2544 1716 2614 ἀνδρείᾳ.

1146 2637 1256 2689 Kal
1281 2638 1534 2708 πονηρία.

1147 2727 1234 2780 22.
1276 2728 1396 2780 Ὅτι
1429 2729 1658 2796 γίνεται.

1149 2821 1234 2874 25.
1275 2822 1626 2891 Ἀλγημάτων
1666 2825 1758 2876 καὶ
1787 2821 1979 2892 θυμοῦ.

1147 2912 1236 2964 24.
1271 2914 1359 2964 Ἐν
1397 2913 1576 2984 μόχθῳ
1601 2913 1827 2967 αὐτοῦ.-

1145 3003 1235 3057 25.
1280 3005 1374 3066 Τίς
1408 3004 1625 3068 arietat;

1121 3094 1236 3182 ,26.ἱ
1272 3095 1361 3164 Τῷ
1422 3097 1610 3168 ἀγαθῴ
1665 3098 1770 3167 πρὸ
1824 3096 2114 3169 προσώπου

1075 3181 1238 3218 αυτου
1247 3205 1260 3218 .

1152 3257 1559 3327 Περισπασμόν.

1242 3351 1377 3404 LXX
1425 3351 1920 3408 INTERPRETES.

1146 3441 1198 3496 9.
1233 3440 1298 3495 Et
1330 3443 1704 3514 magniﬁcatus
1729 3460 1869 3497 sum.

1144 3531 1227 3586 Ab
1258 3544 1383 3587 ante
1413 3550 1516 3588 me.

1150 3623 1236 3677 10.
1273 3623 1712 3680 Postulaverunt.

1150 3716 1230 3770 Ab
1250 3716 1397 3770 omni
1419 3717 1603 3771 labore
1626 3732 1764 3771 meo.

1149 3808 1234 3862 11.
1270 3807 1337 3863 Ει
1363 3809 1416 3862 iu
1447 3808 1651 3872 labore,
1685 3825 1796 3879 quo
1833 3809 2114 3865 laborave-

1075 3893 1191 3933 ram
1219 3879 1486 3934 faciendo.

1146 3968 1370 4024 Vanitas
1406 3977 1460 4023 ct
1498 3968 1848 4038 prazsumptio
1869 3968 2111 4038 spiritus.

1147 4060 1232 4114 12.
1258 4059 1326 4114 Et
1340 4073 1597 4114 errorem.

1146 4149 1412 4215 Quoniam
1442 4149 1564 4219 quis
1592 4157 1674 4203 est
1702 4151 1882 4215 homo,
1909 4147 2001 4218 qui
2026 4148 2111 4202 in-

1077 4221 1350 4288 grediatur
1371 4220 1436 4274 ad
1474 4220 1762 4274 consilium
1786 4219 1810 4271 ἲ

1149 4314 1235 4367 15.
1276 4311 1449 4381 Super
1475 4312 1782 4366 stultitiam.

1145 4475 1232 4529 15.
1284 4473 1371 4546 Et,
1401 4483 1459 4528 ut
1515 4473 1646 4546 quid
1691 4473 1908 4543 sapiens
1936 4470 2114 4528 factus

1073 4559 1196 4600 sum
1231 4559 1332 4614 ego
1355 4545 1379 4597 ?

1145 4636 1232 4691 17.
1269 4635 1404 4702 Quia
1435 4620 1636 4690 malum
1665 4650 1828 4706 super
1854 4651 1940 4690 me
1976 4649 2114 4706 opus

1074 4706 1221 4776 quod
1247 4706 1448 4762 factum
1478 4715 1580 4760 est.

1147 4797 1230 4851 19.
1267 4796 1330 4851 Et
1368 4813 1434 4851 an
1466 4805 1786 4865 potestatem
1825 4795 2039 4850 habeat.

1032 4919 1038 4928 -
1145 4887 1264 4954 Quo
1285 4887 1546 4942 laboravi.

1141 4982 1232 5038 20.
1263 4980 1331 5035 Et
1364 4996 1660 5036 conversus
1688 4996 1829 5036 sum.

1142 5069 1213 5126 Ut
1244 5071 1631 5126 renuntiarem.
1687 5070 1880 5133 Alius,
1939 5068 2112 5124 labori

1072 5141 1450 5199 succumberet
1476 5142 1592 5211 (cor
1617 5145 1842 5209 meum).

1137 5234 1228 5288 21.
1255 5231 1320 5286 Et
1349 5232 1403 5286 in
1435 5234 1650 5286 virtute.

1140 5322 1207 5377 Et
1230 5323 1491 5393 nequitia.

1133 5416 1224 5470 22.
1257 5415 1396 5482 Quia
1425 5415 1505 5468 ﬁt.

1132 5510 1223 5564 25.
1258 5507 1512 5562 Dolorum
1544 5515 1598 5560 et
1631 5503 1940 5560 iracundiae.

1137 5603 1225 5656 24.
1255 5601 1313 5655 1η
1341 5600 1526 5654 labore
1569 5613 1690 5654 suo.

1135 5694 1228 5748 25.
1267 5691 1400 5758 Quis
1439 5691 1622 5745 bibit?

1137 5785 1227 5840 26.
1259 5785 1409 5839 Bono
1439 5794 1563 5840 ante
1589 5783 1780 5838 faciem
1821 5782 1959 5853 ejus.

1136 5876 1574 5932 Distractionem.

2217 1041 2222 1046 .
2265 1000 2351 1054 10.

2268 1508 2353 1563 12.

2266 1760 2354 1813 15.

2267 1851 2352 1906 15.

2264 1943 2349 1996 17.

2269 2288 2358 2341 20.

2267 2545 2356 2598 21.

2263 2728 2350 2782 22.

2261 2913 2353 2966 24.

2174 2993 2182 3004 ’
2264 3005 2354 3060 25.

2262 3096 2350 3150 26.

2265 3625 2356 3683 10.

2259 3810 2350 3864 11.

2260 4061 2350 4116 12.

2259 4313 2347 4368 15.

2257 4475 2346 4531 15.

2255 4633 2343 4689 17.

2255 4793 2345 4850 19.

2249 5230 2342 5286 21.

2253 5508 2345 5564 25.

2247 5595 2342 5650 24.

2249 5687 2346 5744 25.

2514 659 2886 715 ΘΕΟΔΟΤῙΩΝ
2899 704 2910 718 .

2492 3347 2900 3407 THEODOTIO.

3098 524 3232 584 1506
