3838 6538
203 377 313 433 1535

470 494 865 550 ΣΥΜΜΔΧΟΣ.

246 613 360 712 Καὶ..
380 654 485 725 γὰρ
510 654 666 725 τοῦτο
712 655 968 725 ἀνάλογον
999 655 1185 709 τούτου

187 727 411 799 ἐποίησεν
439 724 470 776 ὁ
497 724 647 799 Θεὸς,
668 725 762 799 τοῦ
795 726 868 799 μὴ
881 724 1070 799 εὑρεῖν
1093 727 1187 782 ἄν·

187 743 411 799 εποίησεν
439 743 470 776 o
497 743 647 788 σεος,
668 743 762 779 του
791 743 868 850 ἓιη
891 743 973 798 ευρ

187 801 374 871 Θρωπον
405 797 520 850 κατ’
555 795 719 850 αὐτοῦ
748 814 788 867 μ
823 797 973 868 μψιν.

244 961 316 1015 16.
347 961 420 1030 Τῇ
448 960 760 1029 δικαιοσύνῃ
792 957 976 1012 αὐτοῦ.

236 1209 312 1263 17.
338 1207 520 1262 Πλὲον.

237 1299 339 1352 Ἵνα
367 1299 439 1370 μὴ
472 1299 572 1371 ἀδη
581 1303 748 1372 μονῇς
775 1299 1065 1370 περισσῶς.

235 1390 309 1446 19.
336 1391 423 1462 Μή
453 1391 608 1462 ἀνῇς.

242 1484 294 1536 '0
320 1481 421 1554 γὰρ
454 1483 789 1554 φοὸούμενος
820 1483 911 1537 τὸν
943 1483 1075 1539 Θεὸν
1108 1483 1185 1538 δι-

175 1553 478 1618 εξελεύσεται
513 1553 584 1608 τὰ
616 1555 810 1610 πάντα.

229 1645 316 1790 :2):
347 1733 510 1806 Ἀλλὰ
535 1735 672 1806 μηδὲ
694 1736 828 1790 πᾶσι
854 1737 968 1800 τοῖς
991 1735 1175 1789 λαλου-

175 1806 331 1875 μένοις
357 1805 644 1878 παράσχῃς
673 1809 741 1878 τῇ
767 1806 963 1878 καρδίᾳ
995 1823 1111 1860 σου.

228 1965 594 2035 Δοιδοροῦντός
625 1985 704 2021 σε.

228 2056 308 2111 25.

225 2291 325 2345 Καὶ
353 2291 415 2346 σὺ
442 2291 793 2364 ἐλοιδόρησας
817 2282 1028 2357 ἄλλους.

220 2454 302 2508 24.
321 2453 542 2508 Τούτων
561 2455 894 2528 ἐπειράσθην
921 2457 980 2512 ὲν
998 2455 1178 2526 σοφίᾳ.

231 2611 518 2666 Ὑπέλαϐον
547 2614 709 2684 σοφὸς
735 2613 1003 2682 γενέσθαι.

217 2704 294 2759 25.
324 2705 513 2770 Οὐδείς
551 2744 566 2757 .
603 2747 616 2759 .
648 2747 662 2760 .

217 2791 298 2846 26.
332 2831 348 2846 .
385 2831 400 2845 .
435 2831 450 2846 .
477 2795 581 2848 καὶ
602 2793 910 2866 διαθρῆσαι.

217 3023 402 3094 Σοφίαν
441 3025 547 3081 καὶ
564 3027 844 3096 λογισμόν.

415 3161 504 3218 SY
513 3162 806 3222 MMACHU
817 3163 874 3219 S.

215 3276 411 3334 Etenim
455 3278 574 3334 hoc
625 3285 1050 3333 consentaneum
1107 3278 1182 3332 illi

157 3348 266 3402 fecit
316 3348 497 3413 Deus,
567 3362 637 3403 ne
698 3348 967 3403 inveniret
1022 3349 1184 3403 homo

157 3428 322 3475 contra
347 3421 538 3490 ipsum
568 3417 1063 3488 reprehensionem.

213 3581 294 3636 16.
332 3579 562 3637 Iustitia
590 3597 711 3636 sua.

215 3832 294 3888 l7.
322 3831 474 3889 Plus.

214 3921 282 3978 Ne
311 3925 504 3979 animo
542 3922 800 3979 concidas
824 3921 1020 3994 magis.

217 4015 291 4070 I9.
316 4012 395 4071 Ne
423 4015 704 4071 remittas.

157 4191 184 4231 ο
211 4105 336 4233 Na}:
373 4109 472 4180 qui
529 4107 682 4164 timet
732 4108 900 4164 Deum
926 4107 1185 4179 pervadat

187 4193 284 4232 mm
322 4218 337 4233 .

212 4270 296 4328 20.

213 4430 295 4484 22.
328 4430 438 4488 Sed
473 4435 552 4486 ne
572 4431 826 4486 omnibus
852 4448 970 4500 qua:
993 4433 1185 4489 dicun-

160 4509 232 4553 tur
252 4501 639 4558 accommodes
664 4511 714 4556 te
735 4503 899 4557 corde
937 4514 1046 4558 tuo.
1208 4507 1218 4518 "

218 4662 631 4720 Conviciantem
655 4663 776 4715 tilii.

215 4754 300 4811 25.

221 4984 388 5042 Etiam
425 4997 488 5044 tu
517 4985 849 5042 maledixisti
870 4985 1014 5042 aliis.

219 5145 302 5201 24.
352 5145 568 5204 Horum
624 5146 929 5217 periculum
980 5145 1084 5204 Ieci
1135 5148 1190 5202 in

164 5219 434 5285 sapientia.

222 5309 528 5367 Arbitratus
555 5325 679 5366 sum
711 5310 930 5381 sapiens
959 5309 1098 5364 ﬁeri.

223 5471 306 5525 25.
331 5469 509 5526 Nemo
542 5470 850 5544 [inveniet].

224 5559 305 5613 26.
338 5561 668 5616 Pertransivi
719 5566 972 5617 universa
1023 5575 1188 5617 sensu

173 5642 295 5694 meo,
317 5637 484 5697 scire,
513 5643 567 5686 et
601 5632 833 5696 discere,
878 5643 932 5687 et
969 5632 1192 5688 investi-

175 5710 301 5766 gare.

234 5791 558 5862 Sapientiam
591 5804 644 5849 et
681 5794 1083 5864 cogitationem.

481 5892 746 5950 Putth
778 5888 822 5943 (ἶ
837 5907 895 5946 ιι.
927 5887 1064 5946 ΧΠ

1303 373 1800 430 ECCLESIASTE
1838 374 2063 430 CAPUT
2104 376 2216 430 VII.

1747 501 1822 550 0'.

1332 657 1456 728 Ἴδε.
1477 658 1583 710 Καί
1611 675 1675 726 γε
1696 657 1982 728 σὺνίτούτῳ
1995 657 2295 728 συμφώνως

1259 727 1425 798 τοῦτον
1446 729 1709 798 ἐποίησεν
1727 729 1756 778 ὁ
1783 727 1914 790 Θεὸς
1941 726 2294 798 “spumae.

1262 797 1447 920 ita:
1470 796 1604 870 εὓρῄ
1624 797 1907 868 ἄνθρωπος
1931 796 2106 850 ὀπίσω
2131 796 2296 851 αὐτοῦ

1258 868 1428 920 οὐδέν.

1332 959 1418 1013 16.
1452 963 1540 1014 Ἐν
1571 962 1760 1030 δικαίῳ
1793 961 1978 1015 αὐτοῦ.

1328 1051 1518 1122 Μένῳν
1555 1052 1614 1104 ὲν
1635 1053 1803 1122 κακίᾳ
1833 1051 2018 1104 αὑτοῦ.
2051 1053 2292 1114 Ἄλλος,

1261 1120 1573 1191 μακρόϐιος.

1334 1211 1417 1264 17.
1447 1213 1705 1282 Περισσά.

1327 1301 1418 1371 Μή
1448 1318 1580 1355 ποτε
1606 1303 1902 1374 ὲκπλαγῇς.

1327 1393 1414 1448 49.
1446 1395 1538 1466 Μὴ
1565 1395 1777 1468 μιάνῃς.

1328 1485 1452 1559 ίὈτι
1475 1486 1641 1559 φοῦου
1649 1487 1829 1559 μένοις
1860 1488 1950 1541 τὸν
1971 1487 2102 1543 Θεὸν
2126 1487 2295 1555 διεξε-

1257 1553 1506 1610 λεύσεταί
1537 1557 1608 1611 τὰ
1639 1553 1836 1612 ἀπάντα.

1324 1649 1414 1704 20.
1451 1649 1516 1702 Ἡ
1546 1649 1706 1720 σοφία
1735 1649 1988 1721 βοηθήσει
2024 1648 2102 1720 τῷ
2125 1649 2292 1720 σοφῷ.

1326 1735 1415 1789 22.
1446 1736 1620 1804 Καίγε
1645 1737 1726 1798 εἰς
1756 1737 1963 1798 πάντας
1984 1735 2172 1804 λόγους
2205 1735 2298 1800 οὒς

1256 1804 1574 1875 λαλήσουσιν
1603 1807 1837 1869 ἀσεϐεῖς.
1861 1807 1931 1875 μὴ
1953 1805 2049 1876 θῇς
2073 1807 2297 1877 καρδίαν

1260 1892 1374 1929 σου.

1326 1968 1729 2040 Καταρωμένου
1754 1985 1832 2022 σε.

1321 2059 1413 2132 25.
1442 2059 1564 2132 ’Ότι
1594 2059 1911 2132 πλειστάκις
1955 2059 2296 2132 Ῠπονηρεύσε-

1256 2129 1342 2181 ταί
1363 2146 1442 2194 σε,
1471 2129 1564 2182 καὶ
1595 2129 1852 2193 καθόδους
1884 2131 2083 2193 πολλὰς
2112 2129 2297 2184 κακώ-

1258 2215 1339 2251 σει
1367 2198 1564 2270 καρδία
1603 2217 1717 2254 σου.

1325 2291 1449 2343 ’Ότι
1475 2290 1552 2354 ὡς
1581 2292 1740 2360 καίγε
1778 2309 1842 2346 συ
1863 2293 2165 2364 κατηράσω
2186 2291 2294 2345 ἑτέ-

1321 2378 1398 2424 υς.

1258 2377 1411 2524 ρο2ι1,
1447 2451 1632 2504 Πάντα
1687 2451 1860 2505 ταῦτα
1915 2453 2182 2524 ἐπείρασα
2236 2453 2296 2507 ἐν

1259 2521 1435 2592 σοφίᾳ.

1325 2609 1488 2677 Εἷπα,
1510 2614 1930 2685 Σοφισθήσομαι.

1325 2704 1414 2757 25.
1443 2703 1539 2768 Τίς
1567 2705 1788 2775 εὑρήσει
1823 2704 1990 2769 auro;

1326 2795 1415 2848 26.
1459 2793 1776 2870 :Exugkwaa
1795 2796 1906 2870 ἐγὼ
1919 2799 2012 2870 καὶ
2037 2800 2069 2867 ή
2104 2799 2295 2870 καρδία

1260 2883 1360 2934 μου
1393 2863 1486 2918 τοῦ
1522 2865 1722 2933 γνῶναι
1766 2863 1860 2920 καὶ
1907 2867 2001 2921 τοῦ
2031 2863 2296 2922 κατασκέ-

1254 2934 1458 3003 ψασθαι
1491 2937 1583 2988 καὶ
1614 2935 1707 2988 τοῦ
1733 2935 1983 3008 ζητῆσαι.

1323 3026 1520 3094 Σοφίαν
1548 3028 1640 3079 καὶ
1675 3027 1872 3098 ψῆφον.

1422 3164 1563 3218 LXX
1596 3164 1988 3223 INTERPRET
1995 3168 2095 3224 ES.

1335 3275 1485 3350 Vide.
1503 3277 1567 3350 Et
1586 3279 1800 3350 quidem
1827 3280 1958 3336 huic
1995 3296 2302 3350 congruen-

1260 3357 1342 3401 ter
1375 3349 1516 3404 istud
1542 3347 1670 3420 fecit
1699 3349 1839 3406 Deus
1861 3356 1930 3408 de
1947 3347 2171 3420 loquela
2191 3391 2207 3414 ,
2240 3360 2299 3407 ut

1258 3433 1383 3491 non
1433 3416 1671 3473 inveniat
1740 3421 1906 3477 homo
1977 3416 2102 3491 post
2170 3437 2296 3478 eum

1257 3488 1574 3560 quidquam.

1331 3576 1416 3631 I6.
1447 3575 1504 3632 In
1529 3577 1677 3643 justo
1699 3595 1822 3633 suo.

1327 3667 1553 3725 Manens
1612 3671 1665 3724 in
1720 3671 1922 3725 malitia
1962 3688 2082 3727 sua.
2122 3673 2295 3738 Alius,

1257 3736 1553 3808 longaevus.

1328 3830 1416 3885 17.
1448 3830 1580 3887 Plus
1604 3846 1769 3902 quam
1800 3840 2038 3902 oportet.

1325 3917 1626 3987 Nequando
1651 3921 2028 3992 obstupescas.

1327 4008 1415 4064 I9.
1444 4007 1523 4064 Ne
1543 4013 1902 4068 contamines.

1326 4097 1593 4166 Quoniam
1618 4103 1932 4175 timentibus
1955 4103 2124 4161 Deum
2145 4119 2298 4175 egre-

1254 4169 1472 4225 dientur
1496 4173 1698 4226 omnia.

1296 4263 1419 4347 20.
1475 4262 1749 4334 Sapientia
1795 4267 2148 4324 auxiliabitur
2202 4287 2295 4327 sa-

1256 4343 1445 4405 pienti.

1325 4426 1414 4482 22.
1447 4425 1514 4484 Et
1537 4429 1757 4498 quidem
1791 4428 1844 4485 in
1867 4446 2058 4488 omnes
2088 4448 2298 4490 sermo-

1259 4513 1354 4552 nes
1381 4512 1521 4567 quos
1551 4499 1842 4568 loquentur
1884 4501 2066 4572 impii,
2101 4519 2171 4558 ne
2197 4520 2296 4574 po-

1259 4583 1357 4622 nas
1389 4583 1487 4622 COI‘
1526 4577 1700 4624 tuum.

1331 4657 1740 4714 Maledicentem
1769 4659 1892 4716 tibi.

1325 4752 1416 4824 2.3.
1463 4751 1734 4824 Quoniam
1784 4753 2092 4824 frequenter
2141 4756 2300 4810 mali-

1260 4821 1512 4890 gnabitur
1559 4823 1613 4875 in
1667 4831 1739 4886 te,
1787 4834 1841 4878 et
1880 4821 2078 4881 'multis
2121 4827 2299 4882 modis

1262 4891 1401 4948 male
1426 4891 1619 4948 aﬂiciet
1645 4909 1741 4948 cor
1761 4902 1938 4950 tuum.

1259 4982 1468 5102 al.Quia
1499 4985 1639 5040 sicut
1674 4984 1838 5040 etiam
1871 4997 1928 5041 tu
1972 4986 2299 5044 maledixisti

1318 5069 1403 5102 IIS.

1317 5069 1403 5108 IIS.

1301 5146 1426 5229 .24..
1459 5144 1652 5202 Omnia
1702 5147 1819 5203 haec
1859 5149 2062 5204 tentavi
2115 5149 2173 5204 in
2212 5165 2302 5207 sa-

1262 5229 1484 5286 ptenua.

1333 5309 1476 5377 Dixi,
1509 5307 1739 5380 Sapiens
1767 5311 1975 5367 ciliciar

1333 5471 1424 5525 25.
1459 5470 1594 5537 Quis
1620 5471 1857 5527 inveniet
1881 5472 2012 5528 illud
2033 5472 2059 5526 τ

1331 5563 1420 5618 26.
1469 5563 1703 5618 Circuivi
1744 5579 1846 5634 ego
1876 5574 1930 5619 et
1959 5580 2058 5619 cor
2091 5580 2296 5636 meum,

1264 5643 1323 5687 ut
1353 5649 1734 5703 cognoscerem
1757 5676 1770 5698 ,
1804 5644 1858 5687 et
1896 5644 1956 5689 ut
1983 5636 2297 5692 considera-

1263 5719 1400 5768 rem,
1429 5714 1483 5758 et
1508 5714 1565 5756 ut
1593 5719 1910 5773 qumrerem.

1336 5795 1665 5860 Sapientiam
1692 5804 1744 5848 et
1767 5797 2225 5864 supputationem.

2443 958 2531 1015 I6.

2442 1211 2530 1268 I7.

2439 1393 2530 1451 19.

2433 1645 2526 1700 20.

2439 1739 2511 1793 22

2437 2059 2528 2115 25.

2435 2707 2528 2764 25.

2435 2799 2526 2855 26.

2442 3585 2532 3640 16.

2440 3838 2530 3899 17.

2436 4022 2506 4078 19

2437 4273 2529 4330 20.

2428 4433 2526 4490 22.

2684 487 3080 553 θεοΔοΤιΩΝ.

2685 3171 3100 3235 THEODO'I‘IO.

3061 5889 3139 5952 [ιθ

3265 373 3405 434 ιπι
