  <div class='ocr_page' id='page_1' title='image "/cluster/home/n/w/nwhite01/storage/ocr_20150623/16, pt. 2 (Origen, pt. 6)/nyp.33433081862330/263.png"; bbox 0 0 3838 6514; ppageno 0'>
   <div class='ocr_carea' id='block_1_1' title="bbox 532 429 673 486">
    <p class='ocr_par' dir='ltr' id='par_1_1' title="bbox 532 429 673 486">
     <span class='ocr_line' id='line_1_1' title="bbox 532 429 673 486; baseline 0 -1"><span class='ocrx_word' id='word_1_1' title='bbox 532 429 673 486; x_wconf 76' lang='grc'><strong>1775</strong></span> 
     </span>
    </p>
   </div>
   <div class='ocr_carea' id='block_1_2' title="bbox 803 542 1289 599">
    <p class='ocr_par' dir='ltr' id='par_1_2' title="bbox 803 542 1289 599">
     <span class='ocr_line' id='line_1_2' title="bbox 803 542 1289 599; baseline 0.004 -2"><span class='ocrx_word' id='word_1_2' title='bbox 803 542 891 598; x_wconf 90' lang='grc' dir='ltr'><strong>ΤΟ</strong></span> <span class='ocrx_word' id='word_1_3' title='bbox 925 542 1289 599; x_wconf 76' lang='grc' dir='ltr'><strong>ΕΒΡΛΙΚΟΝ.</strong></span> 
     </span>
    </p>
   </div>
   <div class='ocr_carea' id='block_1_3' title="bbox 1004 708 1495 769">
    <p class='ocr_par' dir='ltr' id='par_1_3' title="bbox 1004 708 1495 769">
     <span class='ocr_line' id='line_1_3' title="bbox 1004 708 1495 769; baseline -0.006 -1"><span class='ocrx_word' id='word_1_4' title='bbox 1004 714 1224 768; x_wconf 66' lang='grc' dir='ltr'><strong>ΒΩΠῚἾΞ</strong></span> <span class='ocrx_word' id='word_1_5' title='bbox 1258 716 1391 769; x_wconf 60' lang='lat'><strong>“5.31</strong></span> <span class='ocrx_word' id='word_1_6' title='bbox 1429 708 1495 765; x_wconf 88' lang='grc'><strong>18</strong></span> 
     </span>
    </p>
   </div>
   <div class='ocr_carea' id='block_1_4' title="bbox 1371 881 1497 933">
    <p class='ocr_par' dir='ltr' id='par_1_4' title="bbox 1371 881 1497 933">
     <span class='ocr_line' id='line_1_4' title="bbox 1371 881 1497 933; baseline 0.024 -3"><span class='ocrx_word' id='word_1_7' title='bbox 1371 881 1497 933; x_wconf 65' lang='lat' dir='ltr'><strong>una</strong></span> 
     </span>
    </p>
   </div>
   <div class='ocr_carea' id='block_1_5' title="bbox 1122 963 1499 1035">
    <p class='ocr_par' dir='ltr' id='par_1_5' title="bbox 1122 963 1499 1035">
     <span class='ocr_line' id='line_1_5' title="bbox 1122 963 1499 1035; baseline -0.008 -16"><span class='ocrx_word' id='word_1_8' title='bbox 1122 968 1391 1035; x_wconf 60' lang='grc' dir='ltr'><strong>πρυ-ν)</strong></span> <span class='ocrx_word' id='word_1_9' title='bbox 1430 963 1499 1017; x_wconf 72' lang='grc' dir='ltr'>ιθ</span> 
     </span>
    </p>
   </div>
   <div class='ocr_carea' id='block_1_6' title="bbox 1314 1037 1498 1113">
    <p class='ocr_par' dir='ltr' id='par_1_6' title="bbox 1314 1037 1498 1113">
     <span class='ocr_line' id='line_1_6' title="bbox 1314 1037 1498 1113; baseline 0 0"><span class='ocrx_word' id='word_1_10' title='bbox 1314 1037 1498 1113; x_wconf 64' lang='lat' dir='ltr'><strong>nSv‘m</strong></span> 
     </span>
    </p>
   </div>
   <div class='ocr_carea' id='block_1_7' title="bbox 1244 1153 1499 1227">
    <p class='ocr_par' dir='ltr' id='par_1_7' title="bbox 1244 1153 1499 1227">
     <span class='ocr_line' id='line_1_7' title="bbox 1244 1153 1499 1227; baseline -0.02 -19"><span class='ocrx_word' id='word_1_11' title='bbox 1244 1153 1499 1227; x_wconf 58' lang='lat' dir='ltr'><strong>nim-p1</strong></span> 
     </span>
    </p>
   </div>
   <div class='ocr_carea' id='block_1_8' title="bbox 530 1234 1499 1319">
    <p class='ocr_par' dir='ltr' id='par_1_8' title="bbox 530 1234 1499 1319">
     <span class='ocr_line' id='line_1_8' title="bbox 530 1234 1499 1319; baseline -0.006 -26"><span class='ocrx_word' id='word_1_12' title='bbox 530 1239 695 1293; x_wconf 72' lang='lat' dir='ltr'><strong>man</strong></span> <span class='ocrx_word' id='word_1_13' title='bbox 751 1240 985 1319; x_wconf 67' lang='grc' dir='ltr'><strong>-ιιφ-ν)</strong></span> <span class='ocrx_word' id='word_1_14' title='bbox 1040 1240 1241 1298; x_wconf 66' lang='lat' dir='ltr'><strong>nam</strong></span> <span class='ocrx_word' id='word_1_15' title='bbox 1274 1242 1396 1319; x_wconf 69' lang='lat' dir='ltr'><strong>pan</strong></span> <span class='ocrx_word' id='word_1_16' title='bbox 1428 1234 1499 1287; x_wconf 78' lang='lat'><strong>20</strong></span> 
     </span>
    </p>
   </div>
   <div class='ocr_carea' id='block_1_9' title="bbox 670 1333 1569 1390">
    <p class='ocr_par' dir='ltr' id='par_1_9' title="bbox 670 1333 1569 1390">
     <span class='ocr_line' id='line_1_9' title="bbox 670 1333 1569 1390; baseline 0.006 -9"><span class='ocrx_word' id='word_1_17' title='bbox 670 1333 878 1384; x_wconf 62' lang='lat' dir='ltr'><strong>DJDH&#39;D</strong></span> <span class='ocrx_word' id='word_1_18' title='bbox 912 1334 1029 1385; x_wconf 67' lang='grc' dir='ltr'><strong><em>ΠἾῖ</em></strong></span> <span class='ocrx_word' id='word_1_19' title='bbox 1063 1335 1281 1385; x_wconf 67' lang='lat' dir='ltr'><strong>meum</strong></span> <span class='ocrx_word' id='word_1_20' title='bbox 1312 1335 1569 1390; x_wconf 69' lang='lat' dir='ltr'><strong>mm:</strong></span> 
     </span>
    </p>
   </div>
   <div class='ocr_carea' id='block_1_10' title="bbox 637 1536 1495 1619">
    <p class='ocr_par' dir='ltr' id='par_1_10' title="bbox 637 1536 1495 1619">
     <span class='ocr_line' id='line_1_10' title="bbox 637 1536 1495 1619; baseline 0 -30"><span class='ocrx_word' id='word_1_21' title='bbox 637 1540 755 1591; x_wconf 76' lang='lat' dir='ltr'><strong>mm</strong></span> <span class='ocrx_word' id='word_1_22' title='bbox 792 1541 917 1619; x_wconf 58' lang='lat' dir='ltr'><strong>mp?</strong></span> <span class='ocrx_word' id='word_1_23' title='bbox 953 1541 1309 1596; x_wconf 62' lang='grc' dir='ltr'><strong>εινκ-πΞ--πω</strong></span> <span class='ocrx_word' id='word_1_24' title='bbox 1344 1544 1398 1595; x_wconf 72' lang='grc' dir='ltr'><strong>ν)</strong></span> <span class='ocrx_word' id='word_1_25' title='bbox 1431 1536 1495 1590; x_wconf 86' lang='lat' dir='ltr'><strong>2t</strong></span> 
     </span>
    </p>
   </div>
   <div class='ocr_carea' id='block_1_11' title="bbox 736 1679 1504 1760">
    <p class='ocr_par' dir='ltr' id='par_1_11' title="bbox 736 1679 1504 1760">
     <span class='ocr_line' id='line_1_11' title="bbox 736 1679 1504 1760; baseline 0.004 -9"><span class='ocrx_word' id='word_1_26' title='bbox 736 1698 906 1756; x_wconf 66' lang='lat' dir='ltr'><strong>ma</strong></span> <span class='ocrx_word' id='word_1_27' title='bbox 938 1699 1097 1753; x_wconf 71' lang='lat' dir='ltr'><strong>rma:</strong></span> <span class='ocrx_word' id='word_1_28' title='bbox 1135 1702 1307 1758; x_wconf 60' lang='lat' dir='ltr'><strong>inm:</strong></span> <span class='ocrx_word' id='word_1_29' title='bbox 1340 1679 1504 1760; x_wconf 60' lang='grc' dir='ltr'><strong>τινῇ</strong></span> 
     </span>
    </p>
   </div>
   <div class='ocr_carea' id='block_1_12' title="bbox 1028 1838 1500 1917">
    <p class='ocr_par' dir='ltr' id='par_1_12' title="bbox 1028 1838 1500 1917">
     <span class='ocr_line' id='line_1_12' title="bbox 1028 1838 1500 1917; baseline -0.015 1"><span class='ocrx_word' id='word_1_30' title='bbox 1028 1838 1394 1917; x_wconf 65' lang='grc' dir='ltr'><strong>ππήτιη-Βκ</strong></span> <span class='ocrx_word' id='word_1_31' title='bbox 1428 1857 1500 1911; x_wconf 73' lang='lat'><strong>22</strong></span> 
     </span>
    </p>
   </div>
   <div class='ocr_carea' id='block_1_13' title="bbox 1250 1957 1501 2007">
    <p class='ocr_par' dir='ltr' id='par_1_13' title="bbox 1250 1957 1501 2007">
     <span class='ocr_line' id='line_1_13' title="bbox 1250 1957 1501 2007; baseline 0.004 -1"><span class='ocrx_word' id='word_1_32' title='bbox 1250 1957 1501 2007; x_wconf 51' lang='lat' dir='ltr'><strong>DJ’WD‘DD</strong></span> 
     </span>
    </p>
   </div>
   <div class='ocr_carea' id='block_1_14' title="bbox 1069 2021 1500 2098">
    <p class='ocr_par' dir='ltr' id='par_1_14' title="bbox 1069 2021 1500 2098">
     <span class='ocr_line' id='line_1_14' title="bbox 1069 2021 1500 2098; baseline 0.002 -1"><span class='ocrx_word' id='word_1_33' title='bbox 1069 2046 1275 2098; x_wconf 61' lang='lat' dir='ltr'><strong>nummi</strong></span> <span class='ocrx_word' id='word_1_34' title='bbox 1310 2021 1411 2098; x_wconf 62' lang='grc' dir='ltr'><strong>τὸ)</strong></span> <span class='ocrx_word' id='word_1_35' title='bbox 1448 2047 1500 2097; x_wconf 65' lang='grc' dir='ltr'><strong>τ)</strong></span> 
     </span>
    </p>
   </div>
   <div class='ocr_carea' id='block_1_15' title="bbox 818 2225 1506 2286">
    <p class='ocr_par' dir='ltr' id='par_1_15' title="bbox 818 2225 1506 2286">
     <span class='ocr_line' id='line_1_15' title="bbox 818 2225 1506 2286; baseline 0.004 -8"><span class='ocrx_word' id='word_1_36' title='bbox 818 2225 938 2278; x_wconf 64' lang='lat' dir='ltr'><strong>mn?</strong></span> <span class='ocrx_word' id='word_1_37' title='bbox 975 2227 1096 2281; x_wconf 63' lang='grc' dir='ltr'><strong>’.ΠΝ</strong></span> <span class='ocrx_word' id='word_1_38' title='bbox 1131 2231 1266 2281; x_wconf 62' lang='lat' dir='ltr'><strong>MD</strong></span> <span class='ocrx_word' id='word_1_39' title='bbox 1303 2229 1506 2286; x_wconf 57' lang='lat' dir='ltr'><strong>inm</strong></span> 
     </span>
    </p>
   </div>
   <div class='ocr_carea' id='block_1_16' title="bbox 750 2295 1508 2372">
    <p class='ocr_par' dir='ltr' id='par_1_16' title="bbox 750 2295 1508 2372">
     <span class='ocr_line' id='line_1_16' title="bbox 750 2295 1508 2372; baseline -0.004 -4"><span class='ocrx_word' id='word_1_40' title='bbox 750 2317 922 2371; x_wconf 69' lang='lat' dir='ltr'><strong>unm</strong></span> <span class='ocrx_word' id='word_1_41' title='bbox 955 2318 1109 2372; x_wconf 67' lang='lat' dir='ltr'><strong>mm</strong></span> <span class='ocrx_word' id='word_1_42' title='bbox 1140 2320 1268 2371; x_wconf 69' lang='lat' dir='ltr'><strong>cum</strong></span> <span class='ocrx_word' id='word_1_43' title='bbox 1302 2295 1404 2371; x_wconf 65' lang='grc' dir='ltr'><strong>’πη</strong></span> <span class='ocrx_word' id='word_1_44' title='bbox 1437 2312 1508 2365; x_wconf 72' lang='lat'><strong>24</strong></span> 
     </span>
    </p>
   </div>
   <div class='ocr_carea' id='block_1_17' title="bbox 783 2458 1511 2536">
    <p class='ocr_par' dir='ltr' id='par_1_17' title="bbox 783 2458 1511 2536">
     <span class='ocr_line' id='line_1_17' title="bbox 783 2458 1511 2536; baseline 0 -6"><span class='ocrx_word' id='word_1_45' title='bbox 783 2476 971 2531; x_wconf 68' lang='lat' dir='ltr'><strong>mam</strong></span> <span class='ocrx_word' id='word_1_46' title='bbox 1006 2479 1166 2531; x_wconf 72' lang='lat' dir='ltr'><strong>mm</strong></span> <span class='ocrx_word' id='word_1_47' title='bbox 1200 2480 1341 2532; x_wconf 60' lang='lat' dir='ltr'><strong>nam</strong></span> <span class='ocrx_word' id='word_1_48' title='bbox 1376 2458 1511 2536; x_wconf 66' lang='lat' dir='ltr'><strong>m5</strong></span> 
     </span>
    </p>
   </div>
   <div class='ocr_carea' id='block_1_18' title="bbox 1096 2633 1513 2719">
    <p class='ocr_par' dir='ltr' id='par_1_18' title="bbox 1096 2633 1513 2719">
     <span class='ocr_line' id='line_1_18' title="bbox 1096 2633 1513 2719; baseline -0.019 -24"><span class='ocrx_word' id='word_1_49' title='bbox 1096 2641 1215 2719; x_wconf 76' lang='lat' dir='ltr'><strong>mp</strong></span> <span class='ocrx_word' id='word_1_50' title='bbox 1248 2640 1413 2716; x_wconf 67' lang='grc' dir='ltr'><strong>ψει-η</strong></span> <span class='ocrx_word' id='word_1_51' title='bbox 1442 2633 1513 2688; x_wconf 78' lang='lat'><strong>25</strong></span> 
     </span>
    </p>
   </div>
   <div class='ocr_carea' id='block_1_19' title="bbox 1157 2799 1510 2881">
    <p class='ocr_par' dir='ltr' id='par_1_19' title="bbox 1157 2799 1510 2881">
     <span class='ocr_line' id='line_1_19' title="bbox 1157 2799 1510 2881; baseline 0.003 -29"><span class='ocrx_word' id='word_1_52' title='bbox 1157 2799 1340 2881; x_wconf 46' lang='lat'><strong>11.13331</strong></span> <span class='ocrx_word' id='word_1_53' title='bbox 1375 2803 1510 2881; x_wconf 66' lang='grc' dir='ltr'><strong>ῘὩΒΙ</strong></span> 
     </span>
    </p>
   </div>
   <div class='ocr_carea' id='block_1_20' title="bbox 812 2867 1512 2947">
    <p class='ocr_par' dir='ltr' id='par_1_20' title="bbox 812 2867 1512 2947">
     <span class='ocr_line' id='line_1_20' title="bbox 812 2867 1512 2947; baseline -0.003 -4"><span class='ocrx_word' id='word_1_54' title='bbox 812 2867 970 2947; x_wconf 59' lang='grc' dir='ltr'><strong>νην-θη</strong></span> <span class='ocrx_word' id='word_1_55' title='bbox 1005 2870 1229 2945; x_wconf 55' lang='lat' dir='ltr'><strong>amb</strong></span> <span class='ocrx_word' id='word_1_56' title='bbox 1263 2867 1408 2945; x_wconf 59' lang='lat' dir='ltr'><strong>non</strong></span> <span class='ocrx_word' id='word_1_57' title='bbox 1443 2887 1512 2941; x_wconf 88' lang='lat'><strong>26</strong></span> 
     </span>
    </p>
   </div>
   <div class='ocr_carea' id='block_1_21' title="bbox 715 3032 1514 3131">
    <p class='ocr_par' dir='ltr' id='par_1_21' title="bbox 715 3032 1514 3131">
     <span class='ocr_line' id='line_1_21' title="bbox 715 3032 1514 3131; baseline -0.006 -25"><span class='ocrx_word' id='word_1_58' title='bbox 715 3032 1514 3131; x_wconf 61' lang='lat' dir='ltr'><strong>mpmnvhmu‘aum</strong></span> 
     </span>
    </p>
   </div>
   <div class='ocr_carea' id='block_1_22' title="bbox 650 3315 1498 3374">
    <p class='ocr_par' dir='ltr' id='par_1_22' title="bbox 650 3315 1498 3374">
     <span class='ocr_line' id='line_1_22' title="bbox 650 3315 1498 3374; baseline 0.005 -4"><span class='ocrx_word' id='word_1_59' title='bbox 650 3315 899 3374; x_wconf 82' lang='lat' dir='ltr'><strong>VERSlO</strong></span> <span class='ocrx_word' id='word_1_60' title='bbox 934 3316 1256 3373; x_wconf 79' lang='lat' dir='ltr'><strong>HEBRAICI</strong></span> <span class='ocrx_word' id='word_1_61' title='bbox 1292 3316 1498 3374; x_wconf 77' lang='lat' dir='ltr'><strong>TEXT.</strong></span> 
     </span>
    </p>
   </div>
   <div class='ocr_carea' id='block_1_23' title="bbox 625 3456 1577 3513">
    <p class='ocr_par' dir='ltr' id='par_1_23' title="bbox 625 3456 1577 3513">
     <span class='ocr_line' id='line_1_23' title="bbox 625 3456 1577 3513; baseline -0.001 0"><span class='ocrx_word' id='word_1_62' title='bbox 625 3458 714 3513; x_wconf 85' lang='grc'><strong>18.</strong></span> <span class='ocrx_word' id='word_1_63' title='bbox 756 3458 824 3513; x_wconf 86' lang='lat' dir='ltr'><strong>Et</strong></span> <span class='ocrx_word' id='word_1_64' title='bbox 879 3457 1183 3512; x_wconf 78' lang='lat' dir='ltr'><strong>abolebitur</strong></span> <span class='ocrx_word' id='word_1_65' title='bbox 1250 3456 1429 3512; x_wconf 70' lang='lat' dir='ltr'><strong>fmdus</strong></span> <span class='ocrx_word' id='word_1_66' title='bbox 1486 3471 1577 3512; x_wconf 87' lang='lat' dir='ltr'><strong>vc-</strong></span> 
     </span>
    </p>
   </div>
   <div class='ocr_carea' id='block_1_24' title="bbox 556 3537 753 3585">
    <p class='ocr_par' dir='ltr' id='par_1_24' title="bbox 556 3537 753 3585">
     <span class='ocr_line' id='line_1_24' title="bbox 556 3537 753 3585; baseline -0.01 0"><span class='ocrx_word' id='word_1_67' title='bbox 556 3537 753 3585; x_wconf 88' lang='lat' dir='ltr'><strong>strum.</strong></span> 
     </span>
    </p>
   </div>
   <div class='ocr_carea' id='block_1_25' title="bbox 627 3618 943 3690">
    <p class='ocr_par' dir='ltr' id='par_1_25' title="bbox 627 3618 943 3690">
     <span class='ocr_line' id='line_1_25' title="bbox 627 3618 943 3690; baseline 0.003 -17"><span class='ocrx_word' id='word_1_68' title='bbox 627 3618 943 3690; x_wconf 79' lang='lat' dir='ltr'><strong>Flagellum.</strong></span> 
     </span>
    </p>
   </div>
   <div class='ocr_carea' id='block_1_26' title="bbox 627 3708 1191 3789">
    <p class='ocr_par' dir='ltr' id='par_1_26' title="bbox 627 3708 1191 3789">
     <span class='ocr_line' id='line_1_26' title="bbox 627 3708 1191 3789; baseline -0.002 -24"><span class='ocrx_word' id='word_1_69' title='bbox 627 3712 718 3768; x_wconf 82' lang='grc'><strong>19.</strong></span> <span class='ocrx_word' id='word_1_70' title='bbox 758 3708 898 3777; x_wconf 85' lang='lat' dir='ltr'><strong>Quia</strong></span> <span class='ocrx_word' id='word_1_71' title='bbox 937 3708 990 3789; x_wconf 83' lang='lat' dir='ltr'><strong>in</strong></span> <span class='ocrx_word' id='word_1_72' title='bbox 1015 3723 1191 3765; x_wconf 88' lang='lat' dir='ltr'><strong>mane.</strong></span> 
     </span>
    </p>
   </div>
   <div class='ocr_carea' id='block_1_27' title="bbox 627 3801 992 3858">
    <p class='ocr_par' dir='ltr' id='par_1_27' title="bbox 627 3801 992 3858">
     <span class='ocr_line' id='line_1_27' title="bbox 627 3801 992 3858; baseline -0.003 -2"><span class='ocrx_word' id='word_1_73' title='bbox 627 3801 695 3858; x_wconf 82' lang='lat' dir='ltr'><strong>Et</strong></span> <span class='ocrx_word' id='word_1_74' title='bbox 725 3801 780 3857; x_wconf 88' lang='lat' dir='ltr'><strong>in</strong></span> <span class='ocrx_word' id='word_1_75' title='bbox 815 3810 992 3858; x_wconf 86' lang='lat' dir='ltr'><strong>nocte.</strong></span> 
     </span>
    </p>
   </div>
   <div class='ocr_carea' id='block_1_28' title="bbox 629 3890 1219 3948">
    <p class='ocr_par' dir='ltr' id='par_1_28' title="bbox 629 3890 1219 3948">
     <span class='ocr_line' id='line_1_28' title="bbox 629 3890 1219 3948; baseline 0 -3"><span class='ocrx_word' id='word_1_76' title='bbox 629 3891 862 3948; x_wconf 89' lang='lat' dir='ltr'><strong>Tantum</strong></span> <span class='ocrx_word' id='word_1_77' title='bbox 902 3890 1219 3947; x_wconf 80' lang='lat' dir='ltr'><strong>commotio.</strong></span> 
     </span>
    </p>
   </div>
   <div class='ocr_carea' id='block_1_29' title="bbox 630 3981 1589 4052">
    <p class='ocr_par' dir='ltr' id='par_1_29' title="bbox 630 3981 1589 4052">
     <span class='ocr_line' id='line_1_29' title="bbox 630 3981 1589 4052; baseline -0.002 -15"><span class='ocrx_word' id='word_1_78' title='bbox 630 3982 721 4037; x_wconf 86' lang='lat'><strong>20.</strong></span> <span class='ocrx_word' id='word_1_79' title='bbox 763 3982 1063 4049; x_wconf 79' lang='lat' dir='ltr'><strong>Intelligere</strong></span> <span class='ocrx_word' id='word_1_80' title='bbox 1122 3981 1399 4046; x_wconf 88' lang='lat' dir='ltr'><strong>auditum,</strong></span> <span class='ocrx_word' id='word_1_81' title='bbox 1462 3982 1589 4052; x_wconf 82' lang='lat' dir='ltr'><strong>quia</strong></span> 
     </span>
    </p>
   </div>
   <div class='ocr_carea' id='block_1_30' title="bbox 559 4053 1591 4123">
    <p class='ocr_par' dir='ltr' id='par_1_30' title="bbox 559 4053 1591 4123">
     <span class='ocr_line' id='line_1_30' title="bbox 559 4053 1591 4123; baseline -0.003 -14"><span class='ocrx_word' id='word_1_82' title='bbox 559 4053 782 4109; x_wconf 81' lang='lat' dir='ltr'><strong>brevius</strong></span> <span class='ocrx_word' id='word_1_83' title='bbox 817 4063 901 4109; x_wconf 91' lang='lat' dir='ltr'><strong>est</strong></span> <span class='ocrx_word' id='word_1_84' title='bbox 928 4062 1181 4123; x_wconf 89' lang='lat' dir='ltr'><strong>stratum,</strong></span> <span class='ocrx_word' id='word_1_85' title='bbox 1213 4067 1375 4123; x_wconf 90' lang='lat' dir='ltr'><strong>quam</strong></span> <span class='ocrx_word' id='word_1_86' title='bbox 1405 4062 1464 4107; x_wconf 91' lang='lat' dir='ltr'><strong>ut</strong></span> <span class='ocrx_word' id='word_1_87' title='bbox 1495 4068 1591 4107; x_wconf 79' lang='lat' dir='ltr'><strong>ex-</strong></span> 
     </span>
    </p>
   </div>
   <div class='ocr_carea' id='block_1_31' title="bbox 562 4122 1589 4194">
    <p class='ocr_par' dir='ltr' id='par_1_31' title="bbox 562 4122 1589 4194">
     <span class='ocr_line' id='line_1_31' title="bbox 562 4122 1589 4194; baseline -0.001 -17"><span class='ocrx_word' id='word_1_88' title='bbox 562 4123 834 4194; x_wconf 82' lang='lat' dir='ltr'><strong>tendatur,</strong></span> <span class='ocrx_word' id='word_1_89' title='bbox 882 4133 935 4179; x_wconf 90' lang='lat' dir='ltr'><strong>et</strong></span> <span class='ocrx_word' id='word_1_90' title='bbox 975 4122 1365 4194; x_wconf 78' lang='lat' dir='ltr'><strong>cperimentum</strong></span> <span class='ocrx_word' id='word_1_91' title='bbox 1418 4138 1589 4192; x_wconf 86' lang='lat' dir='ltr'><strong>angu-</strong></span> 
     </span>
    </p>
   </div>
   <div class='ocr_carea' id='block_1_32' title="bbox 562 4192 1361 4263">
    <p class='ocr_par' dir='ltr' id='par_1_32' title="bbox 562 4192 1361 4263">
     <span class='ocr_line' id='line_1_32' title="bbox 562 4192 1361 4263; baseline -0.005 -13"><span class='ocrx_word' id='word_1_92' title='bbox 562 4193 701 4250; x_wconf 88' lang='lat' dir='ltr'><strong>stius</strong></span> <span class='ocrx_word' id='word_1_93' title='bbox 724 4203 806 4249; x_wconf 87' lang='lat' dir='ltr'><strong>est</strong></span> <span class='ocrx_word' id='word_1_94' title='bbox 841 4192 1024 4262; x_wconf 48' lang='lat' dir='ltr'><strong>quam&#39;</strong></span> <span class='ocrx_word' id='word_1_95' title='bbox 1044 4202 1104 4248; x_wconf 93' lang='lat' dir='ltr'><strong>ut</strong></span> <span class='ocrx_word' id='word_1_96' title='bbox 1126 4192 1361 4263; x_wconf 79' lang='lat' dir='ltr'><strong>colligat.</strong></span> 
     </span>
    </p>
   </div>
   <div class='ocr_carea' id='block_1_33' title="bbox 630 4282 1591 4352">
    <p class='ocr_par' dir='ltr' id='par_1_33' title="bbox 630 4282 1591 4352">
     <span class='ocr_line' id='line_1_33' title="bbox 630 4282 1591 4352; baseline -0.002 -12"><span class='ocrx_word' id='word_1_97' title='bbox 630 4285 721 4340; x_wconf 97' lang='grc'><strong>21.</strong></span> <span class='ocrx_word' id='word_1_98' title='bbox 760 4284 898 4352; x_wconf 83' lang='lat' dir='ltr'><strong>Quia</strong></span> <span class='ocrx_word' id='word_1_99' title='bbox 937 4285 1081 4341; x_wconf 84' lang='lat' dir='ltr'><strong>sicut</strong></span> <span class='ocrx_word' id='word_1_100' title='bbox 1117 4282 1591 4340; x_wconf 86' lang='lat' dir='ltr'><strong>montePharasim</strong></span> 
     </span>
    </p>
   </div>
   <div class='ocr_carea' id='block_1_34' title="bbox 562 4354 1063 4426">
    <p class='ocr_par' dir='ltr' id='par_1_34' title="bbox 562 4354 1063 4426">
     <span class='ocr_line' id='line_1_34' title="bbox 562 4354 1063 4426; baseline 0.004 -13"><span class='ocrx_word' id='word_1_101' title='bbox 562 4364 747 4426; x_wconf 80' lang='lat' dir='ltr'><strong>surget</strong></span> <span class='ocrx_word' id='word_1_102' title='bbox 782 4354 1063 4415; x_wconf 88' lang='lat' dir='ltr'><strong>Dominus.</strong></span> 
     </span>
    </p>
   </div>
   <div class='ocr_carea' id='block_1_35' title="bbox 632 4444 1590 4517">
    <p class='ocr_par' dir='ltr' id='par_1_35' title="bbox 632 4444 1590 4517">
     <span class='ocr_line' id='line_1_35' title="bbox 632 4444 1590 4517; baseline -0.001 -16"><span class='ocrx_word' id='word_1_103' title='bbox 632 4445 701 4501; x_wconf 87' lang='lat' dir='ltr'><strong>Et</strong></span> <span class='ocrx_word' id='word_1_104' title='bbox 744 4446 808 4501; x_wconf 90' lang='lat' dir='ltr'><strong>ad</strong></span> <span class='ocrx_word' id='word_1_105' title='bbox 844 4446 1178 4515; x_wconf 85' lang='lat' dir='ltr'><strong>operandum</strong></span> <span class='ocrx_word' id='word_1_106' title='bbox 1222 4444 1590 4517; x_wconf 86' lang='lat' dir='ltr'><strong>operationem</strong></span> 
     </span>
    </p>
   </div>
   <div class='ocr_carea' id='block_1_36' title="bbox 567 4516 1459 4588">
    <p class='ocr_par' dir='ltr' id='par_1_36' title="bbox 567 4516 1459 4588">
     <span class='ocr_line' id='line_1_36' title="bbox 567 4516 1459 4588; baseline -0.006 -14"><span class='ocrx_word' id='word_1_107' title='bbox 567 4532 742 4584; x_wconf 87' lang='lat' dir='ltr'><strong>suam,</strong></span> <span class='ocrx_word' id='word_1_108' title='bbox 774 4524 1030 4573; x_wconf 75' lang='lat' dir='ltr'><strong>extranea</strong></span> <span class='ocrx_word' id='word_1_109' title='bbox 1059 4517 1177 4588; x_wconf 85' lang='lat' dir='ltr'><strong>ejus</strong></span> <span class='ocrx_word' id='word_1_110' title='bbox 1201 4516 1459 4588; x_wconf 77' lang='lat' dir='ltr'><strong>operatio.</strong></span> 
     </span>
    </p>
   </div>
   <div class='ocr_carea' id='block_1_37' title="bbox 636 4608 1281 4665">
    <p class='ocr_par' dir='ltr' id='par_1_37' title="bbox 636 4608 1281 4665">
     <span class='ocr_line' id='line_1_37' title="bbox 636 4608 1281 4665; baseline 0 -2"><span class='ocrx_word' id='word_1_111' title='bbox 636 4609 727 4663; x_wconf 89' lang='lat'><strong>22.</strong></span> <span class='ocrx_word' id='word_1_112' title='bbox 764 4608 843 4664; x_wconf 94' lang='lat' dir='ltr'><strong>Ne</strong></span> <span class='ocrx_word' id='word_1_113' title='bbox 875 4609 1142 4665; x_wconf 88' lang='lat' dir='ltr'><strong>deludatis</strong></span> <span class='ocrx_word' id='word_1_114' title='bbox 1164 4623 1281 4665; x_wconf 91' lang='lat' dir='ltr'><strong>vos.</strong></span> 
     </span>
    </p>
   </div>
   <div class='ocr_carea' id='block_1_38' title="bbox 632 4700 1085 4757">
    <p class='ocr_par' dir='ltr' id='par_1_38' title="bbox 632 4700 1085 4757">
     <span class='ocr_line' id='line_1_38' title="bbox 632 4700 1085 4757; baseline 0 -3"><span class='ocrx_word' id='word_1_115' title='bbox 632 4700 863 4756; x_wconf 79' lang='lat' dir='ltr'><strong>Vincula</strong></span> <span class='ocrx_word' id='word_1_116' title='bbox 883 4710 1085 4757; x_wconf 90' lang='lat' dir='ltr'><strong>vestra.</strong></span> 
     </span>
    </p>
   </div>
   <div class='ocr_carea' id='block_1_39' title="bbox 638 4790 1596 4858">
    <p class='ocr_par' dir='ltr' id='par_1_39' title="bbox 638 4790 1596 4858">
     <span class='ocr_line' id='line_1_39' title="bbox 638 4790 1596 4858; baseline 0 -11"><span class='ocrx_word' id='word_1_117' title='bbox 638 4790 778 4858; x_wconf 84' lang='lat' dir='ltr'><strong>Quia</strong></span> <span class='ocrx_word' id='word_1_118' title='bbox 814 4793 1246 4850; x_wconf 84' lang='lat' dir='ltr'><strong>eonsumtionem</strong></span> <span class='ocrx_word' id='word_1_119' title='bbox 1274 4801 1329 4849; x_wconf 91' lang='lat' dir='ltr'><strong>et</strong></span> <span class='ocrx_word' id='word_1_120' title='bbox 1363 4791 1596 4850; x_wconf 81' lang='lat' dir='ltr'><strong>decisio-</strong></span> 
     </span>
    </p>
   </div>
   <div class='ocr_carea' id='block_1_40' title="bbox 572 4878 716 4919">
    <p class='ocr_par' dir='ltr' id='par_1_40' title="bbox 572 4878 716 4919">
     <span class='ocr_line' id='line_1_40' title="bbox 572 4878 716 4919; baseline -0.021 0"><span class='ocrx_word' id='word_1_121' title='bbox 572 4878 691 4919; x_wconf 87' lang='lat' dir='ltr'><strong>nem</strong></span> <span class='ocrx_word' id='word_1_122' title='bbox 700 4902 716 4916; x_wconf 85' lang='lat'><strong>.</strong></span> 
     </span>
    </p>
   </div>
   <div class='ocr_carea' id='block_1_41' title="bbox 637 4952 1425 5011">
    <p class='ocr_par' dir='ltr' id='par_1_41' title="bbox 637 4952 1425 5011">
     <span class='ocr_line' id='line_1_41' title="bbox 637 4952 1425 5011; baseline -0.001 -2"><span class='ocrx_word' id='word_1_123' title='bbox 637 4952 832 5009; x_wconf 80' lang='lat' dir='ltr'><strong>Audivi</strong></span> <span class='ocrx_word' id='word_1_124' title='bbox 854 4968 886 5008; x_wconf 90' lang='lat' dir='ltr'><strong>a</strong></span> <span class='ocrx_word' id='word_1_125' title='bbox 922 4952 1151 5009; x_wconf 90' lang='lat' dir='ltr'><strong>Domino</strong></span> <span class='ocrx_word' id='word_1_126' title='bbox 1174 4952 1425 5011; x_wconf 89' lang='lat' dir='ltr'><strong>Domino.</strong></span> 
     </span>
    </p>
   </div>
   <div class='ocr_carea' id='block_1_42' title="bbox 638 5041 1601 5112">
    <p class='ocr_par' dir='ltr' id='par_1_42' title="bbox 638 5041 1601 5112">
     <span class='ocr_line' id='line_1_42' title="bbox 638 5041 1601 5112; baseline 0 -14"><span class='ocrx_word' id='word_1_127' title='bbox 638 5043 731 5100; x_wconf 67' lang='grc'><strong>21.</strong></span> <span class='ocrx_word' id='word_1_128' title='bbox 767 5042 1039 5112; x_wconf 84' lang='lat' dir='ltr'><strong>Numquid</strong></span> <span class='ocrx_word' id='word_1_129' title='bbox 1097 5052 1208 5101; x_wconf 89' lang='lat' dir='ltr'><strong>tota</strong></span> <span class='ocrx_word' id='word_1_130' title='bbox 1269 5041 1356 5099; x_wconf 84' lang='lat' dir='ltr'><strong>die</strong></span> <span class='ocrx_word' id='word_1_131' title='bbox 1425 5042 1601 5099; x_wconf 91' lang='lat' dir='ltr'><strong>arabit</strong></span> 
     </span>
    </p>
   </div>
   <div class='ocr_carea' id='block_1_43' title="bbox 572 5114 775 5170">
    <p class='ocr_par' dir='ltr' id='par_1_43' title="bbox 572 5114 775 5170">
     <span class='ocr_line' id='line_1_43' title="bbox 572 5114 775 5170; baseline -0.01 0"><span class='ocrx_word' id='word_1_132' title='bbox 572 5130 736 5170; x_wconf 88' lang='lat' dir='ltr'><strong>arans</strong></span> <span class='ocrx_word' id='word_1_133' title='bbox 749 5114 775 5168; x_wconf 72' lang='grc'><strong>1</strong></span> 
     </span>
    </p>
   </div>
   <div class='ocr_carea' id='block_1_44' title="bbox 640 5201 1601 5275">
    <p class='ocr_par' dir='ltr' id='par_1_44' title="bbox 640 5201 1601 5275">
     <span class='ocr_line' id='line_1_44' title="bbox 640 5201 1601 5275; baseline -0.003 -16"><span class='ocrx_word' id='word_1_134' title='bbox 640 5204 721 5259; x_wconf 78' lang='lat' dir='ltr'><strong>Ad</strong></span> <span class='ocrx_word' id='word_1_135' title='bbox 750 5203 1126 5275; x_wconf 81' lang='lat' dir='ltr'><strong>seminandum</strong></span> <span class='ocrx_word' id='word_1_136' title='bbox 1147 5201 1354 5275; x_wconf 84' lang='lat' dir='ltr'><strong>aperiet</strong></span> <span class='ocrx_word' id='word_1_137' title='bbox 1364 5211 1420 5259; x_wconf 89' lang='lat' dir='ltr'><strong>et</strong></span> <span class='ocrx_word' id='word_1_138' title='bbox 1443 5216 1601 5259; x_wconf 87' lang='lat' dir='ltr'><strong>ocea-</strong></span> 
     </span>
    </p>
   </div>
   <div class='ocr_carea' id='block_1_45' title="bbox 570 5273 1106 5331">
    <p class='ocr_par' dir='ltr' id='par_1_45' title="bbox 570 5273 1106 5331">
     <span class='ocr_line' id='line_1_45' title="bbox 570 5273 1106 5331; baseline -0.006 0"><span class='ocrx_word' id='word_1_139' title='bbox 570 5273 651 5331; x_wconf 85' lang='lat' dir='ltr'><strong>bit</strong></span> <span class='ocrx_word' id='word_1_140' title='bbox 670 5284 868 5331; x_wconf 88' lang='lat' dir='ltr'><strong>terram</strong></span> <span class='ocrx_word' id='word_1_141' title='bbox 910 5290 1064 5329; x_wconf 88' lang='lat' dir='ltr'><strong>suam</strong></span> <span class='ocrx_word' id='word_1_142' title='bbox 1082 5274 1106 5327; x_wconf 71' lang='grc'><strong>1</strong></span> 
     </span>
    </p>
   </div>
   <div class='ocr_carea' id='block_1_46' title="bbox 640 5361 1443 5435">
    <p class='ocr_par' dir='ltr' id='par_1_46' title="bbox 640 5361 1443 5435">
     <span class='ocr_line' id='line_1_46' title="bbox 640 5361 1443 5435; baseline -0.002 -16"><span class='ocrx_word' id='word_1_143' title='bbox 640 5365 733 5421; x_wconf 82' lang='lat'><strong>25.</strong></span> <span class='ocrx_word' id='word_1_144' title='bbox 775 5364 843 5419; x_wconf 87' lang='lat' dir='ltr'><strong>Et</strong></span> <span class='ocrx_word' id='word_1_145' title='bbox 871 5364 1145 5435; x_wconf 82' lang='lat' dir='ltr'><strong>disperget</strong></span> <span class='ocrx_word' id='word_1_146' title='bbox 1169 5361 1443 5433; x_wconf 87' lang='lat' dir='ltr'><strong>nigellam.</strong></span> 
     </span>
    </p>
   </div>
   <div class='ocr_carea' id='block_1_47' title="bbox 580 5524 1208 5594">
    <p class='ocr_par' dir='ltr' id='par_1_47' title="bbox 580 5524 1208 5594">
     <span class='ocr_line' id='line_1_47' title="bbox 580 5524 1208 5594; baseline -0.002 -14"><span class='ocrx_word' id='word_1_147' title='bbox 580 5532 587 5537; x_wconf 86' lang='lat'><em>&#39;</em></span> <span class='ocrx_word' id='word_1_148' title='bbox 642 5525 850 5580; x_wconf 77' lang='lat' dir='ltr'><strong>Milium</strong></span> <span class='ocrx_word' id='word_1_149' title='bbox 879 5532 934 5580; x_wconf 90' lang='lat' dir='ltr'><strong>et</strong></span> <span class='ocrx_word' id='word_1_150' title='bbox 962 5524 1208 5594; x_wconf 89' lang='lat' dir='ltr'><strong>speltam.</strong></span> 
     </span>
    </p>
   </div>
   <div class='ocr_carea' id='block_1_48' title="bbox 642 5616 1600 5689">
    <p class='ocr_par' dir='ltr' id='par_1_48' title="bbox 642 5616 1600 5689">
     <span class='ocr_line' id='line_1_48' title="bbox 642 5616 1600 5689; baseline 0 -17"><span class='ocrx_word' id='word_1_151' title='bbox 642 5619 732 5674; x_wconf 83' lang='lat'><strong>26.</strong></span> <span class='ocrx_word' id='word_1_152' title='bbox 756 5616 849 5689; x_wconf 72' lang='lat' dir='ltr'><strong>Et</strong></span> <span class='ocrx_word' id='word_1_153' title='bbox 861 5617 1070 5674; x_wconf 87' lang='lat' dir='ltr'><strong>erudiet</strong></span> <span class='ocrx_word' id='word_1_154' title='bbox 1083 5617 1235 5674; x_wconf 90' lang='lat' dir='ltr'><strong>illum</strong></span> <span class='ocrx_word' id='word_1_155' title='bbox 1259 5617 1323 5673; x_wconf 90' lang='lat' dir='ltr'><strong>ad</strong></span> <span class='ocrx_word' id='word_1_156' title='bbox 1339 5616 1600 5689; x_wconf 85' lang='lat' dir='ltr'><strong>judicium</strong></span> 
     </span>
    </p>
   </div>
   <div class='ocr_carea' id='block_1_49' title="bbox 577 5684 942 5768">
    <p class='ocr_par' dir='ltr' id='par_1_49' title="bbox 577 5684 942 5768">
     <span class='ocr_line' id='line_1_49' title="bbox 577 5684 942 5768; baseline -0.016 -22"><span class='ocrx_word' id='word_1_157' title='bbox 577 5689 722 5746; x_wconf 87' lang='lat' dir='ltr'><strong>Deus</strong></span> <span class='ocrx_word' id='word_1_158' title='bbox 751 5684 942 5768; x_wconf 83' lang='lat' dir='ltr'><strong>ipsius.</strong></span> 
     </span>
    </p>
   </div>
   <div class='ocr_carea' id='block_1_50' title="bbox 646 5780 1607 5848">
    <p class='ocr_par' dir='ltr' id='par_1_50' title="bbox 646 5780 1607 5848">
     <span class='ocr_line' id='line_1_50' title="bbox 646 5780 1607 5848; baseline 0.005 -12"><span class='ocrx_word' id='word_1_159' title='bbox 646 5782 735 5836; x_wconf 81' lang='lat'><strong>27.</strong></span> <span class='ocrx_word' id='word_1_160' title='bbox 765 5780 903 5848; x_wconf 87' lang='lat' dir='ltr'><strong>Quia</strong></span> <span class='ocrx_word' id='word_1_161' title='bbox 938 5798 1047 5841; x_wconf 92' lang='lat' dir='ltr'><strong>non</strong></span> <span class='ocrx_word' id='word_1_162' title='bbox 1070 5784 1127 5842; x_wconf 90' lang='lat' dir='ltr'><strong>in</strong></span> <span class='ocrx_word' id='word_1_163' title='bbox 1154 5782 1351 5843; x_wconf 88' lang='lat' dir='ltr'><strong>tribula</strong></span> <span class='ocrx_word' id='word_1_164' title='bbox 1385 5782 1607 5843; x_wconf 80' lang='lat' dir='ltr'><strong>tritura-</strong></span> 
     </span>
    </p>
   </div>
   <div class='ocr_carea' id='block_1_51' title="bbox 580 5852 976 5924">
    <p class='ocr_par' dir='ltr' id='par_1_51' title="bbox 580 5852 976 5924">
     <span class='ocr_line' id='line_1_51' title="bbox 580 5852 976 5924; baseline -0.008 -14"><span class='ocrx_word' id='word_1_165' title='bbox 580 5854 727 5910; x_wconf 85' lang='lat' dir='ltr'><strong>bitur</strong></span> <span class='ocrx_word' id='word_1_166' title='bbox 764 5852 976 5924; x_wconf 77' lang='lat' dir='ltr'><strong>nigella.</strong></span> 
     </span>
    </p>
   </div>
   <div class='ocr_carea' id='block_1_52' title="bbox 1577 429 2717 499">
    <p class='ocr_par' dir='ltr' id='par_1_52' title="bbox 1577 429 2717 499">
     <span class='ocr_line' id='line_1_52' title="bbox 1577 429 2717 499; baseline -0.005 -8"><span class='ocrx_word' id='word_1_167' title='bbox 1577 434 1710 491; x_wconf 76' lang='lat' dir='ltr'><strong>HEX</strong></span> <span class='ocrx_word' id='word_1_168' title='bbox 1720 433 2050 492; x_wconf 80' lang='lat' dir='ltr'><strong>APLORUM</strong></span> <span class='ocrx_word' id='word_1_169' title='bbox 2085 432 2253 499; x_wconf 66' lang='lat' dir='ltr'><strong>QUAE</strong></span> <span class='ocrx_word' id='word_1_170' title='bbox 2290 429 2717 488; x_wconf 76' lang='lat' dir='ltr'><strong>SUPERSUNT.</strong></span> 
     </span>
    </p>
   </div>
   <div class='ocr_carea' id='block_1_53' title="bbox 1914 546 2383 601">
    <p class='ocr_par' dir='ltr' id='par_1_53' title="bbox 1914 546 2383 601">
     <span class='ocr_line' id='line_1_53' title="bbox 1914 546 2383 601; baseline -0.006 0"><span class='ocrx_word' id='word_1_171' title='bbox 1914 550 2001 601; x_wconf 89' lang='grc' dir='ltr'><strong>ΤΟ</strong></span> <span class='ocrx_word' id='word_1_172' title='bbox 2037 546 2383 601; x_wconf 82' lang='grc' dir='ltr'><strong>ΕΒΡΑΙΚΟΝ</strong></span> 
     </span>
    </p>
   </div>
   <div class='ocr_carea' id='block_1_54' title="bbox 1823 617 2487 688">
    <p class='ocr_par' dir='ltr' id='par_1_54' title="bbox 1823 617 2487 688">
     <span class='ocr_line' id='line_1_54' title="bbox 1823 617 2487 688; baseline -0.005 -15"><span class='ocrx_word' id='word_1_173' title='bbox 1823 619 2145 688; x_wconf 84' lang='grc' dir='ltr'><strong>Ἑλληνικοῖς</strong></span> <span class='ocrx_word' id='word_1_174' title='bbox 2180 617 2487 688; x_wconf 81' lang='grc' dir='ltr'><strong>γράμμασι.</strong></span> 
     </span>
    </p>
   </div>
   <div class='ocr_carea' id='block_1_55' title="bbox 1696 713 1783 769">
    <p class='ocr_par' dir='ltr' id='par_1_55' title="bbox 1696 713 1783 769">
     <span class='ocr_line' id='line_1_55' title="bbox 1696 713 1783 769; baseline 0.011 -1"><span class='ocrx_word' id='word_1_175' title='bbox 1696 713 1783 769; x_wconf 92' lang='grc'><strong>18.</strong></span> 
     </span>
    </p>
   </div>
   <div class='ocr_carea' id='block_1_56' title="bbox 1712 972 1800 1028">
    <p class='ocr_par' dir='ltr' id='par_1_56' title="bbox 1712 972 1800 1028">
     <span class='ocr_line' id='line_1_56' title="bbox 1712 972 1800 1028; baseline -0.011 0"><span class='ocrx_word' id='word_1_176' title='bbox 1712 972 1800 1028; x_wconf 86' lang='grc'><strong>19.</strong></span> 
     </span>
    </p>
   </div>
   <div class='ocr_carea' id='block_1_57' title="bbox 1705 1244 1797 1301">
    <p class='ocr_par' dir='ltr' id='par_1_57' title="bbox 1705 1244 1797 1301">
     <span class='ocr_line' id='line_1_57' title="bbox 1705 1244 1797 1301; baseline 0.011 -2"><span class='ocrx_word' id='word_1_177' title='bbox 1705 1244 1797 1301; x_wconf 88' lang='grc'><strong>20.</strong></span> 
     </span>
    </p>
   </div>
   <div class='ocr_carea' id='block_1_58' title="bbox 1709 1545 1799 1601">
    <p class='ocr_par' dir='ltr' id='par_1_58' title="bbox 1709 1545 1799 1601">
     <span class='ocr_line' id='line_1_58' title="bbox 1709 1545 1799 1601; baseline 0.022 -2"><span class='ocrx_word' id='word_1_178' title='bbox 1709 1545 1799 1601; x_wconf 85' lang='grc'><strong>21.</strong></span> 
     </span>
    </p>
   </div>
   <div class='ocr_carea' id='block_1_59' title="bbox 1708 1866 1796 1923">
    <p class='ocr_par' dir='ltr' id='par_1_59' title="bbox 1708 1866 1796 1923">
     <span class='ocr_line' id='line_1_59' title="bbox 1708 1866 1796 1923; baseline -0.023 -1"><span class='ocrx_word' id='word_1_179' title='bbox 1708 1866 1796 1923; x_wconf 84' lang='grc'><strong>22.</strong></span> 
     </span>
    </p>
   </div>
   <div class='ocr_carea' id='block_1_60' title="bbox 1725 2630 1817 2685">
    <p class='ocr_par' dir='ltr' id='par_1_60' title="bbox 1725 2630 1817 2685">
     <span class='ocr_line' id='line_1_60' title="bbox 1725 2630 1817 2685; baseline 0.033 -3"><span class='ocrx_word' id='word_1_180' title='bbox 1725 2630 1817 2685; x_wconf 84' lang='lat'><strong>25.</strong></span> 
     </span>
    </p>
   </div>
   <div class='ocr_carea' id='block_1_61' title="bbox 1718 2884 1809 2940">
    <p class='ocr_par' dir='ltr' id='par_1_61' title="bbox 1718 2884 1809 2940">
     <span class='ocr_line' id='line_1_61' title="bbox 1718 2884 1809 2940; baseline 0.022 -2"><span class='ocrx_word' id='word_1_181' title='bbox 1718 2884 1809 2940; x_wconf 87' lang='lat'><strong>26.</strong></span> 
     </span>
    </p>
   </div>
   <div class='ocr_carea' id='block_1_62' title="bbox 1723 3048 1813 3103">
    <p class='ocr_par' dir='ltr' id='par_1_62' title="bbox 1723 3048 1813 3103">
     <span class='ocr_line' id='line_1_62' title="bbox 1723 3048 1813 3103; baseline 0 -1"><span class='ocrx_word' id='word_1_182' title='bbox 1723 3048 1813 3103; x_wconf 86' lang='lat'><strong>27.</strong></span> 
     </span>
    </p>
   </div>
   <div class='ocr_carea' id='block_1_63' title="bbox 1866 3315 2496 3375">
    <p class='ocr_par' dir='ltr' id='par_1_63' title="bbox 1866 3315 2496 3375">
     <span class='ocr_line' id='line_1_63' title="bbox 1866 3315 2496 3375; baseline 0.006 -8"><span class='ocrx_word' id='word_1_183' title='bbox 1866 3315 2190 3375; x_wconf 79' lang='lat' dir='ltr'><strong>VULGATA</strong></span> <span class='ocrx_word' id='word_1_184' title='bbox 2225 3315 2496 3373; x_wconf 83' lang='lat' dir='ltr'><strong>LA&#39;liNA.</strong></span> 
     </span>
    </p>
   </div>
   <div class='ocr_carea' id='block_1_64' title="bbox 1732 3454 2685 3512">
    <p class='ocr_par' dir='ltr' id='par_1_64' title="bbox 1732 3454 2685 3512">
     <span class='ocr_line' id='line_1_64' title="bbox 1732 3454 2685 3512; baseline -0.006 -2"><span class='ocrx_word' id='word_1_185' title='bbox 1732 3456 1818 3511; x_wconf 87' lang='grc'><strong>18.</strong></span> <span class='ocrx_word' id='word_1_186' title='bbox 1846 3455 1911 3512; x_wconf 87' lang='lat' dir='ltr'><strong>Et</strong></span> <span class='ocrx_word' id='word_1_187' title='bbox 1931 3455 2199 3511; x_wconf 87' lang='lat' dir='ltr'><strong>delebitur</strong></span> <span class='ocrx_word' id='word_1_188' title='bbox 2230 3454 2406 3511; x_wconf 71' lang='lat' dir='ltr'><strong>fmdus</strong></span> <span class='ocrx_word' id='word_1_189' title='bbox 2424 3460 2685 3508; x_wconf 89' lang='lat' dir='ltr'><strong>vestrum.</strong></span> 
     </span>
    </p>
   </div>
   <div class='ocr_carea' id='block_1_65' title="bbox 1729 3617 2044 3689">
    <p class='ocr_par' dir='ltr' id='par_1_65' title="bbox 1729 3617 2044 3689">
     <span class='ocr_line' id='line_1_65' title="bbox 1729 3617 2044 3689; baseline -0.01 -15"><span class='ocrx_word' id='word_1_190' title='bbox 1729 3617 2044 3689; x_wconf 88' lang='lat' dir='ltr'><strong>Flagellum.</strong></span> 
     </span>
    </p>
   </div>
   <div class='ocr_carea' id='block_1_66' title="bbox 1730 3709 2339 3776">
    <p class='ocr_par' dir='ltr' id='par_1_66' title="bbox 1730 3709 2339 3776">
     <span class='ocr_line' id='line_1_66' title="bbox 1730 3709 2339 3776; baseline -0.003 -11"><span class='ocrx_word' id='word_1_191' title='bbox 1730 3710 1819 3767; x_wconf 88' lang='grc'><strong>19.</strong></span> <span class='ocrx_word' id='word_1_192' title='bbox 1858 3709 2127 3776; x_wconf 88' lang='lat' dir='ltr'><strong>Quoniam</strong></span> <span class='ocrx_word' id='word_1_193' title='bbox 2159 3724 2339 3764; x_wconf 90' lang='lat' dir='ltr'><strong>mane.</strong></span> 
     </span>
    </p>
   </div>
   <div class='ocr_carea' id='block_1_67' title="bbox 1729 3805 2585 3867">
    <p class='ocr_par' dir='ltr' id='par_1_67' title="bbox 1729 3805 2585 3867">
     <span class='ocr_line' id='line_1_67' title="bbox 1729 3805 2585 3867; baseline 0.008 -7"><span class='ocrx_word' id='word_1_194' title='bbox 1729 3805 1796 3862; x_wconf 83' lang='lat' dir='ltr'><strong>Et</strong></span> <span class='ocrx_word' id='word_1_195' title='bbox 1827 3807 1881 3861; x_wconf 94' lang='lat' dir='ltr'><strong>in</strong></span> <span class='ocrx_word' id='word_1_196' title='bbox 1917 3815 2093 3861; x_wconf 88' lang='lat' dir='ltr'><strong>nocte.</strong></span> <span class='ocrx_word' id='word_1_197' title='bbox 2582 3864 2585 3867; x_wconf 71' lang='lat'>,</span> 
     </span>
    </p>
   </div>
   <div class='ocr_carea' id='block_1_68' title="bbox 1733 3894 2620 3953">
    <p class='ocr_par' dir='ltr' id='par_1_68' title="bbox 1733 3894 2620 3953">
     <span class='ocr_line' id='line_1_68' title="bbox 1733 3894 2620 3953; baseline -0.006 -2"><span class='ocrx_word' id='word_1_198' title='bbox 1733 3898 1797 3953; x_wconf 86' lang='lat' dir='ltr'><strong>Et</strong></span> <span class='ocrx_word' id='word_1_199' title='bbox 1828 3896 2205 3952; x_wconf 88' lang='lat' dir='ltr'><strong>tantummodo</strong></span> <span class='ocrx_word' id='word_1_200' title='bbox 2236 3895 2351 3950; x_wconf 82' lang='lat' dir='ltr'><strong>sola</strong></span> <span class='ocrx_word' id='word_1_201' title='bbox 2383 3894 2620 3949; x_wconf 75' lang='lat' dir='ltr'><strong>vexatio.</strong></span> 
     </span>
    </p>
   </div>
   <div class='ocr_carea' id='block_1_69' title="bbox 1732 3984 2688 4044">
    <p class='ocr_par' dir='ltr' id='par_1_69' title="bbox 1732 3984 2688 4044">
     <span class='ocr_line' id='line_1_69' title="bbox 1732 3984 2688 4044; baseline -0.007 -2"><span class='ocrx_word' id='word_1_202' title='bbox 1732 3990 1823 4044; x_wconf 78' lang='lat'><strong>20.</strong></span> <span class='ocrx_word' id='word_1_203' title='bbox 1862 3989 2204 4043; x_wconf 84' lang='lat' dir='ltr'><strong>Intellectum</strong></span> <span class='ocrx_word' id='word_1_204' title='bbox 2255 3987 2408 4041; x_wconf 90' lang='lat' dir='ltr'><strong>dabit</strong></span> <span class='ocrx_word' id='word_1_205' title='bbox 2461 3984 2688 4039; x_wconf 87' lang='lat' dir='ltr'><strong>auditui.</strong></span> 
     </span>
    </p>
   </div>
   <div class='ocr_carea' id='block_1_70' title="bbox 1660 4058 2696 4141">
    <p class='ocr_par' dir='ltr' id='par_1_70' title="bbox 1660 4058 2696 4141">
     <span class='ocr_line' id='line_1_70' title="bbox 1660 4058 2696 4141; baseline -0.005 -27"><span class='ocrx_word' id='word_1_206' title='bbox 1660 4059 2089 4141; x_wconf 81' lang='lat' dir='ltr'><strong>Coangustatum</strong></span> <span class='ocrx_word' id='word_1_207' title='bbox 2113 4067 2197 4111; x_wconf 90' lang='lat' dir='ltr'><strong>est</strong></span> <span class='ocrx_word' id='word_1_208' title='bbox 2217 4058 2384 4124; x_wconf 87' lang='lat' dir='ltr'><strong>enim,</strong></span> <span class='ocrx_word' id='word_1_209' title='bbox 2407 4067 2696 4123; x_wconf 84' lang='lat' dir='ltr'><strong>utrumque</strong></span> 
     </span>
    </p>
   </div>
   <div class='ocr_carea' id='block_1_71' title="bbox 1662 4137 2239 4198">
    <p class='ocr_par' dir='ltr' id='par_1_71' title="bbox 1662 4137 2239 4198">
     <span class='ocr_line' id='line_1_71' title="bbox 1662 4137 2239 4198; baseline -0.007 -13"><span class='ocrx_word' id='word_1_210' title='bbox 1662 4137 1874 4196; x_wconf 81' lang='lat' dir='ltr'><strong>operire</strong></span> <span class='ocrx_word' id='word_1_211' title='bbox 1909 4145 2016 4183; x_wconf 86' lang='lat' dir='ltr'><strong>non</strong></span> <span class='ocrx_word' id='word_1_212' title='bbox 2046 4137 2239 4198; x_wconf 86' lang='lat' dir='ltr'><strong>potest.</strong></span> 
     </span>
    </p>
   </div>
   <div class='ocr_carea' id='block_1_72' title="bbox 1730 4285 2691 4344">
    <p class='ocr_par' dir='ltr' id='par_1_72' title="bbox 1730 4285 2691 4344">
     <span class='ocr_line' id='line_1_72' title="bbox 1730 4285 2691 4344; baseline -0.006 0"><span class='ocrx_word' id='word_1_213' title='bbox 1730 4291 1819 4344; x_wconf 91' lang='grc'><strong>21.</strong></span> <span class='ocrx_word' id='word_1_214' title='bbox 1862 4289 2016 4344; x_wconf 88' lang='lat' dir='ltr'><strong>Sicut</strong></span> <span class='ocrx_word' id='word_1_215' title='bbox 2059 4287 2113 4342; x_wconf 91' lang='lat' dir='ltr'><strong>in</strong></span> <span class='ocrx_word' id='word_1_216' title='bbox 2152 4294 2333 4343; x_wconf 90' lang='lat' dir='ltr'><strong>monte</strong></span> <span class='ocrx_word' id='word_1_217' title='bbox 2361 4285 2691 4341; x_wconf 87' lang='lat' dir='ltr'><strong>divisionum</strong></span> 
     </span>
    </p>
   </div>
   <div class='ocr_carea' id='block_1_73' title="bbox 1662 4360 2129 4418">
    <p class='ocr_par' dir='ltr' id='par_1_73' title="bbox 1662 4360 2129 4418">
     <span class='ocr_line' id='line_1_73' title="bbox 1662 4360 2129 4418; baseline -0.013 0"><span class='ocrx_word' id='word_1_218' title='bbox 1662 4361 1826 4418; x_wconf 85' lang='lat' dir='ltr'><strong>stabit</strong></span> <span class='ocrx_word' id='word_1_219' title='bbox 1847 4360 2129 4414; x_wconf 89' lang='lat' dir='ltr'><strong>Dominus.</strong></span> 
     </span>
    </p>
   </div>
   <div class='ocr_carea' id='block_1_74' title="bbox 1736 4450 2694 4520">
    <p class='ocr_par' dir='ltr' id='par_1_74' title="bbox 1736 4450 2694 4520">
     <span class='ocr_line' id='line_1_74' title="bbox 1736 4450 2694 4520; baseline -0.008 -14"><span class='ocrx_word' id='word_1_220' title='bbox 1736 4450 1809 4506; x_wconf 88' lang='lat' dir='ltr'><strong>Ut</strong></span> <span class='ocrx_word' id='word_1_221' title='bbox 1843 4457 2095 4520; x_wconf 86' lang='lat' dir='ltr'><strong>operetur</strong></span> <span class='ocrx_word' id='word_1_222' title='bbox 2129 4462 2266 4520; x_wconf 85' lang='lat' dir='ltr'><strong>opus</strong></span> <span class='ocrx_word' id='word_1_223' title='bbox 2314 4461 2494 4520; x_wconf 85' lang='lat' dir='ltr'><strong>suum,</strong></span> <span class='ocrx_word' id='word_1_224' title='bbox 2543 4459 2694 4513; x_wconf 83' lang='lat' dir='ltr'><strong>pere-</strong></span> 
     </span>
    </p>
   </div>
   <div class='ocr_carea' id='block_1_75' title="bbox 1664 4517 2502 4594">
    <p class='ocr_par' dir='ltr' id='par_1_75' title="bbox 1664 4517 2502 4594">
     <span class='ocr_line' id='line_1_75' title="bbox 1664 4517 2502 4594; baseline -0.01 -18"><span class='ocrx_word' id='word_1_225' title='bbox 1664 4517 1984 4594; x_wconf 57' lang='lat' dir='ltr'><strong>grinum&#39;est</strong></span> <span class='ocrx_word' id='word_1_226' title='bbox 2010 4533 2147 4589; x_wconf 84' lang='lat' dir='ltr'><strong>opus</strong></span> <span class='ocrx_word' id='word_1_227' title='bbox 2174 4519 2291 4586; x_wconf 78' lang='lat' dir='ltr'><strong>ejus</strong></span> <span class='ocrx_word' id='word_1_228' title='bbox 2324 4517 2391 4569; x_wconf 85' lang='lat' dir='ltr'><strong>ab</strong></span> <span class='ocrx_word' id='word_1_229' title='bbox 2416 4531 2502 4569; x_wconf 86' lang='lat' dir='ltr'><strong>eo.</strong></span> 
     </span>
    </p>
   </div>
   <div class='ocr_carea' id='block_1_76' title="bbox 1732 4610 2308 4671">
    <p class='ocr_par' dir='ltr' id='par_1_76' title="bbox 1732 4610 2308 4671">
     <span class='ocr_line' id='line_1_76' title="bbox 1732 4610 2308 4671; baseline -0.005 -4"><span class='ocrx_word' id='word_1_230' title='bbox 1732 4612 1825 4671; x_wconf 88' lang='lat'><strong>22.</strong></span> <span class='ocrx_word' id='word_1_231' title='bbox 1859 4610 2035 4667; x_wconf 85' lang='lat' dir='ltr'><strong>Nolite</strong></span> <span class='ocrx_word' id='word_1_232' title='bbox 2064 4610 2308 4665; x_wconf 88' lang='lat' dir='ltr'><strong>illudere.</strong></span> 
     </span>
    </p>
   </div>
   <div class='ocr_carea' id='block_1_77' title="bbox 1734 4701 2192 4757">
    <p class='ocr_par' dir='ltr' id='par_1_77' title="bbox 1734 4701 2192 4757">
     <span class='ocr_line' id='line_1_77' title="bbox 1734 4701 2192 4757; baseline -0.009 0"><span class='ocrx_word' id='word_1_233' title='bbox 1734 4701 1966 4757; x_wconf 76' lang='lat' dir='ltr'><strong>Vincula</strong></span> <span class='ocrx_word' id='word_1_234' title='bbox 1988 4708 2192 4756; x_wconf 88' lang='lat' dir='ltr'><strong>vestra.</strong></span> 
     </span>
    </p>
   </div>
   <div class='ocr_carea' id='block_1_78' title="bbox 1702 4789 2694 4875">
    <p class='ocr_par' dir='ltr' id='par_1_78' title="bbox 1702 4789 2694 4875">
     <span class='ocr_line' id='line_1_78' title="bbox 1702 4789 2694 4875; baseline -0.006 -26"><span class='ocrx_word' id='word_1_235' title='bbox 1702 4863 1714 4875; x_wconf 43' lang='lat'><em>.</em></span> <span class='ocrx_word' id='word_1_236' title='bbox 1726 4791 2262 4875; x_wconf 76' lang='lat' dir='ltr'><strong>consummationem</strong></span> <span class='ocrx_word' id='word_1_237' title='bbox 2279 4790 2423 4845; x_wconf 92' lang='lat' dir='ltr'><strong>enim</strong></span> <span class='ocrx_word' id='word_1_238' title='bbox 2439 4797 2493 4845; x_wconf 90' lang='lat' dir='ltr'><strong>et</strong></span> <span class='ocrx_word' id='word_1_239' title='bbox 2505 4789 2694 4844; x_wconf 82' lang='lat' dir='ltr'><strong>abbre-</strong></span> 
     </span>
    </p>
   </div>
   <div class='ocr_carea' id='block_1_79' title="bbox 1666 4872 1980 4918">
    <p class='ocr_par' dir='ltr' id='par_1_79' title="bbox 1666 4872 1980 4918">
     <span class='ocr_line' id='line_1_79' title="bbox 1666 4872 1980 4918; baseline -0.01 0"><span class='ocrx_word' id='word_1_240' title='bbox 1666 4872 1980 4918; x_wconf 84' lang='lat' dir='ltr'><strong>viationem.</strong></span> 
     </span>
    </p>
   </div>
   <div class='ocr_carea' id='block_1_80' title="bbox 1735 4948 2416 5009">
    <p class='ocr_par' dir='ltr' id='par_1_80' title="bbox 1735 4948 2416 5009">
     <span class='ocr_line' id='line_1_80' title="bbox 1735 4948 2416 5009; baseline -0.007 0"><span class='ocrx_word' id='word_1_241' title='bbox 1735 4952 1929 5009; x_wconf 80' lang='lat' dir='ltr'><strong>Audivi</strong></span> <span class='ocrx_word' id='word_1_242' title='bbox 1966 4966 1998 5006; x_wconf 90' lang='lat' dir='ltr'><strong>a</strong></span> <span class='ocrx_word' id='word_1_243' title='bbox 2033 4948 2265 5005; x_wconf 89' lang='lat' dir='ltr'><strong>Domino</strong></span> <span class='ocrx_word' id='word_1_244' title='bbox 2286 4948 2416 5005; x_wconf 90' lang='lat' dir='ltr'><strong>Deo.</strong></span> 
     </span>
    </p>
   </div>
   <div class='ocr_carea' id='block_1_81' title="bbox 1734 5036 2700 5111">
    <p class='ocr_par' dir='ltr' id='par_1_81' title="bbox 1734 5036 2700 5111">
     <span class='ocr_line' id='line_1_81' title="bbox 1734 5036 2700 5111; baseline -0.007 -13"><span class='ocrx_word' id='word_1_245' title='bbox 1734 5043 1826 5098; x_wconf 70' lang='grc'><strong>24.</strong></span> <span class='ocrx_word' id='word_1_246' title='bbox 1865 5039 2140 5111; x_wconf 90' lang='lat' dir='ltr'><strong>Numquid</strong></span> <span class='ocrx_word' id='word_1_247' title='bbox 2198 5048 2311 5096; x_wconf 86' lang='lat' dir='ltr'><strong>tota</strong></span> <span class='ocrx_word' id='word_1_248' title='bbox 2379 5038 2467 5094; x_wconf 88' lang='lat' dir='ltr'><strong>die</strong></span> <span class='ocrx_word' id='word_1_249' title='bbox 2524 5036 2700 5093; x_wconf 87' lang='lat' dir='ltr'><strong>arabit</strong></span> 
     </span>
    </p>
   </div>
   <div class='ocr_carea' id='block_1_82' title="bbox 1670 5111 1880 5170">
    <p class='ocr_par' dir='ltr' id='par_1_82' title="bbox 1670 5111 1880 5170">
     <span class='ocr_line' id='line_1_82' title="bbox 1670 5111 1880 5170; baseline -0.019 0"><span class='ocrx_word' id='word_1_250' title='bbox 1670 5129 1833 5170; x_wconf 84' lang='lat' dir='ltr'><strong>arans</strong></span> <span class='ocrx_word' id='word_1_251' title='bbox 1856 5111 1880 5166; x_wconf 84' lang='lat'><strong>?</strong></span> 
     </span>
    </p>
   </div>
   <div class='ocr_carea' id='block_1_83' title="bbox 1741 5195 2702 5270">
    <p class='ocr_par' dir='ltr' id='par_1_83' title="bbox 1741 5195 2702 5270">
     <span class='ocr_line' id='line_1_83' title="bbox 1741 5195 2702 5270; baseline -0.007 -11"><span class='ocrx_word' id='word_1_252' title='bbox 1741 5203 1812 5259; x_wconf 84' lang='lat' dir='ltr'><strong>Ut</strong></span> <span class='ocrx_word' id='word_1_253' title='bbox 1842 5211 2006 5267; x_wconf 88' lang='lat' dir='ltr'><strong>serat,</strong></span> <span class='ocrx_word' id='word_1_254' title='bbox 2045 5200 2376 5270; x_wconf 88' lang='lat' dir='ltr'><strong>proscindet,</strong></span> <span class='ocrx_word' id='word_1_255' title='bbox 2416 5208 2471 5255; x_wconf 90' lang='lat' dir='ltr'><strong>et</strong></span> <span class='ocrx_word' id='word_1_256' title='bbox 2508 5195 2702 5255; x_wconf 88' lang='lat' dir='ltr'><strong>sarriet</strong></span> 
     </span>
    </p>
   </div>
   <div class='ocr_carea' id='block_1_84' title="bbox 1672 5272 2116 5329">
    <p class='ocr_par' dir='ltr' id='par_1_84' title="bbox 1672 5272 2116 5329">
     <span class='ocr_line' id='line_1_84' title="bbox 1672 5272 2116 5329; baseline -0.009 0"><span class='ocrx_word' id='word_1_257' title='bbox 1672 5273 1896 5329; x_wconf 87' lang='lat' dir='ltr'><strong>humum</strong></span> <span class='ocrx_word' id='word_1_258' title='bbox 1927 5272 2116 5328; x_wconf 84' lang='lat' dir='ltr'><strong>suam?</strong></span> 
     </span>
    </p>
   </div>
   <div class='ocr_carea' id='block_1_85' title="bbox 1739 5360 2181 5431">
    <p class='ocr_par' dir='ltr' id='par_1_85' title="bbox 1739 5360 2181 5431">
     <span class='ocr_line' id='line_1_85' title="bbox 1739 5360 2181 5431; baseline -0.005 -15"><span class='ocrx_word' id='word_1_259' title='bbox 1739 5362 1830 5418; x_wconf 86' lang='lat'><strong>25.</strong></span> <span class='ocrx_word' id='word_1_260' title='bbox 1870 5360 2028 5417; x_wconf 85' lang='lat' dir='ltr'><strong>Feret</strong></span> <span class='ocrx_word' id='word_1_261' title='bbox 2046 5360 2181 5431; x_wconf 86' lang='lat' dir='ltr'><strong>gith.</strong></span> 
     </span>
    </p>
   </div>
   <div class='ocr_carea' id='block_1_86' title="bbox 1742 5520 2373 5579">
    <p class='ocr_par' dir='ltr' id='par_1_86' title="bbox 1742 5520 2373 5579">
     <span class='ocr_line' id='line_1_86' title="bbox 1742 5520 2373 5579; baseline -0.01 0"><span class='ocrx_word' id='word_1_262' title='bbox 1742 5523 1810 5579; x_wconf 87' lang='lat' dir='ltr'><strong>Et</strong></span> <span class='ocrx_word' id='word_1_263' title='bbox 1838 5524 2047 5579; x_wconf 85' lang='lat' dir='ltr'><strong>milium</strong></span> <span class='ocrx_word' id='word_1_264' title='bbox 2076 5529 2131 5576; x_wconf 90' lang='lat' dir='ltr'><strong>et</strong></span> <span class='ocrx_word' id='word_1_265' title='bbox 2160 5520 2373 5575; x_wconf 88' lang='lat' dir='ltr'><strong>viciam.</strong></span> 
     </span>
    </p>
   </div>
   <div class='ocr_carea' id='block_1_87' title="bbox 1739 5608 2699 5681">
    <p class='ocr_par' dir='ltr' id='par_1_87' title="bbox 1739 5608 2699 5681">
     <span class='ocr_line' id='line_1_87' title="bbox 1739 5608 2699 5681; baseline -0.006 -12"><span class='ocrx_word' id='word_1_266' title='bbox 1739 5615 1830 5672; x_wconf 84' lang='lat'><strong>26.</strong></span> <span class='ocrx_word' id='word_1_267' title='bbox 1871 5615 1939 5671; x_wconf 82' lang='lat' dir='ltr'><strong>Et</strong></span> <span class='ocrx_word' id='word_1_268' title='bbox 1961 5614 2171 5670; x_wconf 86' lang='lat' dir='ltr'><strong>erudiet</strong></span> <span class='ocrx_word' id='word_1_269' title='bbox 2196 5612 2348 5668; x_wconf 88' lang='lat' dir='ltr'><strong>illum</strong></span> <span class='ocrx_word' id='word_1_270' title='bbox 2380 5609 2434 5666; x_wconf 90' lang='lat' dir='ltr'><strong>in</strong></span> <span class='ocrx_word' id='word_1_271' title='bbox 2452 5608 2656 5681; x_wconf 90' lang='lat' dir='ltr'><strong>judicio</strong></span> <span class='ocrx_word' id='word_1_272' title='bbox 2683 5628 2699 5663; x_wconf 85' lang='lat'><strong>:</strong></span> 
     </span>
    </p>
   </div>
   <div class='ocr_carea' id='block_1_88' title="bbox 1676 5685 2001 5742">
    <p class='ocr_par' dir='ltr' id='par_1_88' title="bbox 1676 5685 2001 5742">
     <span class='ocr_line' id='line_1_88' title="bbox 1676 5685 2001 5742; baseline 0.006 -3"><span class='ocrx_word' id='word_1_273' title='bbox 1676 5685 1816 5742; x_wconf 87' lang='lat' dir='ltr'><strong>Deus</strong></span> <span class='ocrx_word' id='word_1_274' title='bbox 1845 5701 2001 5741; x_wconf 90' lang='lat' dir='ltr'><strong>suus.</strong></span> 
     </span>
    </p>
   </div>
   <div class='ocr_carea' id='block_1_89' title="bbox 1750 5770 2702 5835">
    <p class='ocr_par' dir='ltr' id='par_1_89' title="bbox 1750 5770 2702 5835">
     <span class='ocr_line' id='line_1_89' title="bbox 1750 5770 2702 5835; baseline -0.002 -5"><span class='ocrx_word' id='word_1_275' title='bbox 1750 5776 1841 5830; x_wconf 83' lang='lat'><strong>27.</strong></span> <span class='ocrx_word' id='word_1_276' title='bbox 1880 5776 1995 5832; x_wconf 87' lang='lat' dir='ltr'><strong>Non</strong></span> <span class='ocrx_word' id='word_1_277' title='bbox 2021 5776 2163 5835; x_wconf 89' lang='lat' dir='ltr'><strong>cnim</strong></span> <span class='ocrx_word' id='word_1_278' title='bbox 2195 5776 2250 5833; x_wconf 87' lang='lat' dir='ltr'><strong>in</strong></span> <span class='ocrx_word' id='word_1_279' title='bbox 2282 5774 2446 5834; x_wconf 80' lang='lat' dir='ltr'><strong>serris</strong></span> <span class='ocrx_word' id='word_1_280' title='bbox 2480 5770 2702 5830; x_wconf 84' lang='lat' dir='ltr'><strong>tritura-</strong></span> 
     </span>
    </p>
   </div>
   <div class='ocr_carea' id='block_1_90' title="bbox 1676 5847 1974 5919">
    <p class='ocr_par' dir='ltr' id='par_1_90' title="bbox 1676 5847 1974 5919">
     <span class='ocr_line' id='line_1_90' title="bbox 1676 5847 1974 5919; baseline -0.017 -13"><span class='ocrx_word' id='word_1_281' title='bbox 1676 5850 1821 5907; x_wconf 85' lang='lat' dir='ltr'><strong>bitur</strong></span> <span class='ocrx_word' id='word_1_282' title='bbox 1842 5847 1974 5919; x_wconf 76' lang='lat' dir='ltr'><strong>gitli.</strong></span> 
     </span>
    </p>
   </div>
   <div class='ocr_carea' id='block_1_91' title="bbox 3592 422 3690 481">
    <p class='ocr_par' dir='ltr' id='par_1_91' title="bbox 3592 422 3690 481">
     <span class='ocr_line' id='line_1_91' title="bbox 3592 422 3690 481; baseline 0.082 -8"><span class='ocrx_word' id='word_1_283' title='bbox 3592 422 3690 481; x_wconf 79' lang='grc'><strong>1776</strong></span> 
     </span>
    </p>
   </div>
   <div class='ocr_carea' id='block_1_92' title="bbox 3102 534 3413 589">
    <p class='ocr_par' dir='ltr' id='par_1_92' title="bbox 3102 534 3413 589">
     <span class='ocr_line' id='line_1_92' title="bbox 3102 534 3413 589; baseline -0.016 0"><span class='ocrx_word' id='word_1_284' title='bbox 3102 534 3389 589; x_wconf 74' lang='grc' dir='ltr'><strong>ΑΚΥΔΔΣ.</strong></span> <span class='ocrx_word' id='word_1_285' title='bbox 3410 544 3413 545; x_wconf 66' lang='grc'><strong><em>⁷</em></strong></span> 
     </span>
    </p>
   </div>
   <div class='ocr_carea' id='block_1_93' title="bbox 2810 702 2877 760">
    <p class='ocr_par' dir='ltr' id='par_1_93' title="bbox 2810 702 2877 760">
     <span class='ocr_line' id='line_1_93' title="bbox 2810 702 2877 760; baseline -0.03 0"><span class='ocrx_word' id='word_1_286' title='bbox 2810 702 2877 760; x_wconf 89' lang='grc'><strong>18</strong></span> 
     </span>
    </p>
   </div>
   <div class='ocr_carea' id='block_1_94' title="bbox 2806 865 3105 934">
    <p class='ocr_par' dir='ltr' id='par_1_94' title="bbox 2806 865 3105 934">
     <span class='ocr_line' id='line_1_94' title="bbox 2806 865 3105 934; baseline -0.01 -12"><span class='ocrx_word' id='word_1_287' title='bbox 2806 865 3105 934; x_wconf 83' lang='grc' dir='ltr'><strong>Μάστιγες.</strong></span> 
     </span>
    </p>
   </div>
   <div class='ocr_carea' id='block_1_95' title="bbox 2816 958 2907 1013">
    <p class='ocr_par' dir='ltr' id='par_1_95' title="bbox 2816 958 2907 1013">
     <span class='ocr_line' id='line_1_95' title="bbox 2816 958 2907 1013; baseline -0.011 0"><span class='ocrx_word' id='word_1_288' title='bbox 2816 958 2907 1013; x_wconf 86' lang='grc'><strong>19.</strong></span> 
     </span>
    </p>
   </div>
   <div class='ocr_carea' id='block_1_96' title="bbox 2809 1037 3205 1104">
    <p class='ocr_par' dir='ltr' id='par_1_96' title="bbox 2809 1037 3205 1104">
     <span class='ocr_line' id='line_1_96' title="bbox 2809 1037 3205 1104; baseline -0.02 0"><span class='ocrx_word' id='word_1_289' title='bbox 2809 1050 2920 1104; x_wconf 75' lang='grc' dir='ltr'><strong>Καὶ</strong></span> <span class='ocrx_word' id='word_1_290' title='bbox 2948 1050 3008 1101; x_wconf 84' lang='grc' dir='ltr'>ὲν</span> <span class='ocrx_word' id='word_1_291' title='bbox 3033 1037 3205 1101; x_wconf 77' lang='grc' dir='ltr'>νυκτί.</span> 
     </span>
    </p>
   </div>
   <div class='ocr_carea' id='block_1_97' title="bbox 2822 1133 3303 1208">
    <p class='ocr_par' dir='ltr' id='par_1_97' title="bbox 2822 1133 3303 1208">
     <span class='ocr_line' id='line_1_97' title="bbox 2822 1133 3303 1208; baseline -0.008 -16"><span class='ocrx_word' id='word_1_292' title='bbox 2822 1138 3009 1201; x_wconf 84' lang='grc' dir='ltr'><strong>Ἐκτός</strong></span> <span class='ocrx_word' id='word_1_293' title='bbox 3038 1133 3303 1208; x_wconf 77' lang='grc' dir='ltr'><strong>βρασμός.</strong></span> 
     </span>
    </p>
   </div>
   <div class='ocr_carea' id='block_1_98' title="bbox 2812 1228 2902 1284">
    <p class='ocr_par' dir='ltr' id='par_1_98' title="bbox 2812 1228 2902 1284">
     <span class='ocr_line' id='line_1_98' title="bbox 2812 1228 2902 1284; baseline 0.022 -2"><span class='ocrx_word' id='word_1_294' title='bbox 2812 1228 2902 1284; x_wconf 90' lang='grc'><strong>20.</strong></span> 
     </span>
    </p>
   </div>
   <div class='ocr_carea' id='block_1_99' title="bbox 2815 1523 3481 1602">
    <p class='ocr_par' dir='ltr' id='par_1_99' title="bbox 2815 1523 3481 1602">
     <span class='ocr_line' id='line_1_99' title="bbox 2815 1523 3481 1602; baseline -0.015 -14"><span class='ocrx_word' id='word_1_295' title='bbox 2815 1534 2906 1588; x_wconf 89' lang='grc'><strong>21.</strong></span> <span class='ocrx_word' id='word_1_296' title='bbox 2942 1532 3028 1595; x_wconf 83' lang='grc' dir='ltr'><strong>Ὠς</strong></span> <span class='ocrx_word' id='word_1_297' title='bbox 3054 1531 3172 1602; x_wconf 68' lang='lat' dir='ltr'><strong>lipsi</strong></span> <span class='ocrx_word' id='word_1_298' title='bbox 3198 1523 3481 1581; x_wconf 81' lang='grc' dir='ltr'><strong>διαχοπῶν.</strong></span> 
     </span>
    </p>
   </div>
   <div class='ocr_carea' id='block_1_100' title="bbox 2820 1683 3718 1753">
    <p class='ocr_par' dir='ltr' id='par_1_100' title="bbox 2820 1683 3718 1753">
     <span class='ocr_line' id='line_1_100' title="bbox 2820 1683 3718 1753; baseline -0.011 -5"><span class='ocrx_word' id='word_1_299' title='bbox 2820 1695 2930 1748; x_wconf 76' lang='grc' dir='ltr'><strong>Καὶ</strong></span> <span class='ocrx_word' id='word_1_300' title='bbox 2963 1690 3057 1745; x_wconf 83' lang='grc' dir='ltr'>τοῦ</span> <span class='ocrx_word' id='word_1_301' title='bbox 3084 1686 3369 1743; x_wconf 82' lang='grc' dir='ltr'><strong>δουλεῦσαι</strong></span> <span class='ocrx_word' id='word_1_302' title='bbox 3414 1683 3505 1753; x_wconf 82' lang='grc' dir='ltr'><strong>τὴν</strong></span> <span class='ocrx_word' id='word_1_303' title='bbox 3535 1683 3718 1739; x_wconf 78' lang='grc' dir='ltr'><strong>δουλείαν</strong></span> 
     </span>
    </p>
   </div>
   <div class='ocr_carea' id='block_1_101' title="bbox 2750 1754 3596 1829">
    <p class='ocr_par' dir='ltr' id='par_1_101' title="bbox 2750 1754 3596 1829">
     <span class='ocr_line' id='line_1_101' title="bbox 2750 1754 3596 1829; baseline -0.015 -8"><span class='ocrx_word' id='word_1_304' title='bbox 2750 1764 2934 1827; x_wconf 81' lang='grc' dir='ltr'>αὐτοῦ,</span> <span class='ocrx_word' id='word_1_305' title='bbox 2975 1762 3099 1829; x_wconf 77' lang='grc' dir='ltr'><strong>ξένη</strong></span> <span class='ocrx_word' id='word_1_306' title='bbox 3138 1761 3172 1827; x_wconf 82' lang='grc' dir='ltr'>ἡ</span> <span class='ocrx_word' id='word_1_307' title='bbox 3198 1756 3407 1811; x_wconf 83' lang='grc' dir='ltr'><strong>δουλεία</strong></span> <span class='ocrx_word' id='word_1_308' title='bbox 3433 1754 3596 1808; x_wconf 71' lang='grc' dir='ltr'>αὑτοῦ.</span> 
     </span>
    </p>
   </div>
   <div class='ocr_carea' id='block_1_102' title="bbox 2819 1851 3267 1916">
    <p class='ocr_par' dir='ltr' id='par_1_102' title="bbox 2819 1851 3267 1916">
     <span class='ocr_line' id='line_1_102' title="bbox 2819 1851 3267 1916; baseline -0.018 -4"><span class='ocrx_word' id='word_1_309' title='bbox 2819 1858 2910 1912; x_wconf 89' lang='grc'><strong>22.</strong></span> <span class='ocrx_word' id='word_1_310' title='bbox 2941 1851 3267 1916; x_wconf 74' lang='grc' dir='ltr'><strong>Χλευάζετε.</strong></span> 
     </span>
    </p>
   </div>
   <div class='ocr_carea' id='block_1_103' title="bbox 2821 1942 3273 2015">
    <p class='ocr_par' dir='ltr' id='par_1_103' title="bbox 2821 1942 3273 2015">
     <span class='ocr_line' id='line_1_103' title="bbox 2821 1942 3273 2015; baseline -0.024 -11"><span class='ocrx_word' id='word_1_311' title='bbox 2821 1952 2886 2004; x_wconf 82' lang='grc' dir='ltr'><strong>Αἱ</strong></span> <span class='ocrx_word' id='word_1_312' title='bbox 2908 1948 3063 2002; x_wconf 79' lang='grc' dir='ltr'><strong>πέδαι</strong></span> <span class='ocrx_word' id='word_1_313' title='bbox 3096 1942 3273 2015; x_wconf 80' lang='grc' dir='ltr'><strong>ὑμῶν.</strong></span> 
     </span>
    </p>
   </div>
   <div class='ocr_carea' id='block_1_104' title="bbox 2824 2030 3673 2105">
    <p class='ocr_par' dir='ltr' id='par_1_104' title="bbox 2824 2030 3673 2105">
     <span class='ocr_line' id='line_1_104' title="bbox 2824 2030 3673 2105; baseline -0.018 -7"><span class='ocrx_word' id='word_1_314' title='bbox 2824 2041 3135 2097; x_wconf 83' lang='grc' dir='ltr'>Συντὲλειαν</span> <span class='ocrx_word' id='word_1_315' title='bbox 3166 2035 3275 2105; x_wconf 81' lang='grc' dir='ltr'><strong>γὰρ</strong></span> <span class='ocrx_word' id='word_1_316' title='bbox 3307 2032 3399 2087; x_wconf 73' lang='grc' dir='ltr'><strong>καὶ</strong></span> <span class='ocrx_word' id='word_1_317' title='bbox 3428 2030 3673 2098; x_wconf 68' lang='grc' dir='ltr'>συντομήν.</span> 
     </span>
    </p>
   </div>
   <div class='ocr_carea' id='block_1_105' title="bbox 2824 2192 3693 2269">
    <p class='ocr_par' dir='ltr' id='par_1_105' title="bbox 2824 2192 3693 2269">
     <span class='ocr_line' id='line_1_105' title="bbox 2824 2192 3693 2269; baseline -0.02 -9"><span class='ocrx_word' id='word_1_318' title='bbox 2824 2208 3069 2259; x_wconf 84' lang='grc' dir='ltr'><strong>Ἤκουσα</strong></span> <span class='ocrx_word' id='word_1_319' title='bbox 3095 2196 3251 2269; x_wconf 79' lang='grc' dir='ltr'>παρὰ</span> <span class='ocrx_word' id='word_1_320' title='bbox 3284 2192 3481 2266; x_wconf 82' lang='grc' dir='ltr'><strong>Κυρίου</strong></span> <span class='ocrx_word' id='word_1_321' title='bbox 3516 2193 3693 2261; x_wconf 69' lang='grc' dir='ltr'><strong>Κυρίου.</strong></span> 
     </span>
    </p>
   </div>
   <div class='ocr_carea' id='block_1_106' title="bbox 2822 2282 3723 2369">
    <p class='ocr_par' dir='ltr' id='par_1_106' title="bbox 2822 2282 3723 2369">
     <span class='ocr_line' id='line_1_106' title="bbox 2822 2282 3723 2369; baseline -0.021 -19"><span class='ocrx_word' id='word_1_322' title='bbox 2822 2296 2912 2369; x_wconf 63' lang='grc'><strong>24.</strong></span> <span class='ocrx_word' id='word_1_323' title='bbox 2941 2294 3031 2369; x_wconf 72' lang='grc' dir='ltr'><strong>Μὴ</strong></span> <span class='ocrx_word' id='word_1_324' title='bbox 3061 2291 3207 2369; x_wconf 65' lang='grc' dir='ltr'><strong>Δὅλην</strong></span> <span class='ocrx_word' id='word_1_325' title='bbox 3254 2288 3374 2369; x_wconf 42' lang='grc' dir='ltr'><strong>,τὴν</strong></span> <span class='ocrx_word' id='word_1_326' title='bbox 3406 2282 3598 2355; x_wconf 74' lang='grc' dir='ltr'><strong>ἡμέραν</strong></span> <span class='ocrx_word' id='word_1_327' title='bbox 3637 2284 3723 2352; x_wconf 63' lang='grc' dir='ltr'><strong>ἐψι-</strong></span> 
     </span>
    </p>
   </div>
   <div class='ocr_carea' id='block_1_107' title="bbox 2754 2363 3353 2440">
    <p class='ocr_par' dir='ltr' id='par_1_107' title="bbox 2754 2363 3353 2440">
     <span class='ocr_line' id='line_1_107' title="bbox 2754 2363 3353 2440; baseline -0.02 -18"><span class='ocrx_word' id='word_1_328' title='bbox 2754 2367 2965 2440; x_wconf 82' lang='grc' dir='ltr'><strong>τριάσει</strong></span> <span class='ocrx_word' id='word_1_329' title='bbox 3000 2368 3030 2418; x_wconf 85' lang='grc' dir='ltr'>ὁ</span> <span class='ocrx_word' id='word_1_330' title='bbox 3050 2363 3320 2433; x_wconf 77' lang='grc' dir='ltr'><strong>ἀροτριῶν</strong></span> <span class='ocrx_word' id='word_1_331' title='bbox 3339 2374 3353 2423; x_wconf 88' lang='lat'>;</span> 
     </span>
    </p>
   </div>
   <div class='ocr_carea' id='block_1_108' title="bbox 2823 2610 3721 2688">
    <p class='ocr_par' dir='ltr' id='par_1_108' title="bbox 2823 2610 3721 2688">
     <span class='ocr_line' id='line_1_108' title="bbox 2823 2610 3721 2688; baseline -0.023 -6"><span class='ocrx_word' id='word_1_332' title='bbox 2823 2624 2916 2682; x_wconf 69' lang='lat'><strong>25.</strong></span> <span class='ocrx_word' id='word_1_333' title='bbox 2952 2622 3061 2678; x_wconf 75' lang='lat' dir='ltr'><strong>Kal.</strong></span> <span class='ocrx_word' id='word_1_334' title='bbox 3088 2614 3463 2688; x_wconf 79' lang='grc' dir='ltr'><strong>διασκορπξσει</strong></span> <span class='ocrx_word' id='word_1_335' title='bbox 3488 2610 3721 2683; x_wconf 50' lang='lat' dir='ltr'><strong>gemam.</strong></span> 
     </span>
    </p>
   </div>
   <div class='ocr_carea' id='block_1_109' title="bbox 2825 2775 3491 2854">
    <p class='ocr_par' dir='ltr' id='par_1_109' title="bbox 2825 2775 3491 2854">
     <span class='ocr_line' id='line_1_109' title="bbox 2825 2775 3491 2854; baseline -0.023 -12"><span class='ocrx_word' id='word_1_336' title='bbox 2825 2787 2937 2842; x_wconf 80' lang='grc' dir='ltr'><strong>Καὶ</strong></span> <span class='ocrx_word' id='word_1_337' title='bbox 2963 2785 3200 2854; x_wconf 80' lang='grc' dir='ltr'><strong>κέγχρον</strong></span> <span class='ocrx_word' id='word_1_338' title='bbox 3225 2778 3320 2832; x_wconf 79' lang='grc' dir='ltr'><strong>καὶ</strong></span> <span class='ocrx_word' id='word_1_339' title='bbox 3351 2775 3491 2841; x_wconf 76' lang='grc' dir='ltr'><strong>ζέαν.</strong></span> 
     </span>
    </p>
   </div>
   <div class='ocr_carea' id='block_1_110' title="bbox 2823 2873 3309 2948">
    <p class='ocr_par' dir='ltr' id='par_1_110' title="bbox 2823 2873 3309 2948">
     <span class='ocr_line' id='line_1_110' title="bbox 2823 2873 3309 2948; baseline -0.021 -14"><span class='ocrx_word' id='word_1_340' title='bbox 2823 2879 2914 2934; x_wconf 88' lang='grc'><strong>26.</strong></span> <span class='ocrx_word' id='word_1_341' title='bbox 2942 2877 3034 2948; x_wconf 83' lang='grc' dir='ltr'>Τῷ</span> <span class='ocrx_word' id='word_1_342' title='bbox 3061 2873 3309 2947; x_wconf 83' lang='grc' dir='ltr'><strong>κρίματι.</strong></span> 
     </span>
    </p>
   </div>
   <div class='ocr_carea' id='block_1_111' title="bbox 2826 3024 3725 3105">
    <p class='ocr_par' dir='ltr' id='par_1_111' title="bbox 2826 3024 3725 3105">
     <span class='ocr_line' id='line_1_111' title="bbox 2826 3024 3725 3105; baseline -0.024 -8"><span class='ocrx_word' id='word_1_343' title='bbox 2826 3041 2916 3097; x_wconf 82' lang='lat'><strong>27.</strong></span> <span class='ocrx_word' id='word_1_344' title='bbox 2949 3041 3063 3095; x_wconf 82' lang='grc' dir='ltr'><strong>Οὐκ</strong></span> <span class='ocrx_word' id='word_1_345' title='bbox 3090 3039 3146 3090; x_wconf 79' lang='grc' dir='ltr'><strong>ὲν</strong></span> <span class='ocrx_word' id='word_1_346' title='bbox 3162 3034 3244 3105; x_wconf 85' lang='grc' dir='ltr'><strong>τῷ</strong></span> <span class='ocrx_word' id='word_1_347' title='bbox 3271 3032 3589 3101; x_wconf 81' lang='grc' dir='ltr'>συντέμνοντι</span> <span class='ocrx_word' id='word_1_348' title='bbox 3614 3024 3725 3092; x_wconf 53' lang='lat' dir='ltr'><strong>dion.</strong></span> 
     </span>
    </p>
   </div>
   <div class='ocr_carea' id='block_1_112' title="bbox 2758 3106 3294 3185">
    <p class='ocr_par' dir='ltr' id='par_1_112' title="bbox 2758 3106 3294 3185">
     <span class='ocr_line' id='line_1_112' title="bbox 2758 3106 3294 3185; baseline -0.017 -19"><span class='ocrx_word' id='word_1_349' title='bbox 2758 3113 2980 3185; x_wconf 81' lang='grc' dir='ltr'><strong>Θήσεται</strong></span> <span class='ocrx_word' id='word_1_350' title='bbox 3009 3106 3209 3180; x_wconf 85' lang='grc' dir='ltr'><strong>μελάνο</strong></span> <span class='ocrx_word' id='word_1_351' title='bbox 3218 3121 3294 3159; x_wconf 85' lang='grc' dir='ltr'>ιον</span> 
     </span>
    </p>
   </div>
   <div class='ocr_carea' id='block_1_113' title="bbox 3150 3305 3428 3375">
    <p class='ocr_par' dir='ltr' id='par_1_113' title="bbox 3150 3305 3428 3375">
     <span class='ocr_line' id='line_1_113' title="bbox 3150 3305 3428 3375; baseline -0.004 -12"><span class='ocrx_word' id='word_1_352' title='bbox 3150 3305 3428 3375; x_wconf 80' lang='lat' dir='ltr'><strong>AQUILA.</strong></span> 
     </span>
    </p>
   </div>
   <div class='ocr_carea' id='block_1_114' title="bbox 2798 3450 2927 3504">
    <p class='ocr_par' dir='ltr' id='par_1_114' title="bbox 2798 3450 2927 3504">
     <span class='ocr_line' id='line_1_114' title="bbox 2798 3450 2927 3504; baseline -0.008 0"><span class='ocrx_word' id='word_1_353' title='bbox 2798 3459 2803 3465; x_wconf 82' lang='grc'><strong>”</strong></span> <span class='ocrx_word' id='word_1_354' title='bbox 2838 3450 2927 3504; x_wconf 87' lang='grc'><strong>18.</strong></span> 
     </span>
    </p>
   </div>
   <div class='ocr_carea' id='block_1_115' title="bbox 2833 3607 3087 3679">
    <p class='ocr_par' dir='ltr' id='par_1_115' title="bbox 2833 3607 3087 3679">
     <span class='ocr_line' id='line_1_115' title="bbox 2833 3607 3087 3679; baseline -0.008 -16"><span class='ocrx_word' id='word_1_355' title='bbox 2833 3607 3087 3679; x_wconf 85' lang='lat' dir='ltr'><strong>Flagella.</strong></span> 
     </span>
    </p>
   </div>
   <div class='ocr_carea' id='block_1_116' title="bbox 2841 3700 2928 3755">
    <p class='ocr_par' dir='ltr' id='par_1_116' title="bbox 2841 3700 2928 3755">
     <span class='ocr_line' id='line_1_116' title="bbox 2841 3700 2928 3755; baseline 0 0"><span class='ocrx_word' id='word_1_356' title='bbox 2841 3700 2928 3755; x_wconf 90' lang='grc'><strong>19.</strong></span> 
     </span>
    </p>
   </div>
   <div class='ocr_carea' id='block_1_117' title="bbox 2834 3792 3194 3846">
    <p class='ocr_par' dir='ltr' id='par_1_117' title="bbox 2834 3792 3194 3846">
     <span class='ocr_line' id='line_1_117' title="bbox 2834 3792 3194 3846; baseline -0.014 0"><span class='ocrx_word' id='word_1_357' title='bbox 2834 3792 2900 3846; x_wconf 84' lang='lat' dir='ltr'><strong>Et</strong></span> <span class='ocrx_word' id='word_1_358' title='bbox 2934 3792 2985 3845; x_wconf 92' lang='lat' dir='ltr'><strong>in</strong></span> <span class='ocrx_word' id='word_1_359' title='bbox 3015 3797 3194 3844; x_wconf 86' lang='lat' dir='ltr'><strong>nocte.</strong></span> 
     </span>
    </p>
   </div>
   <div class='ocr_carea' id='block_1_118' title="bbox 2834 3884 3200 3939">
    <p class='ocr_par' dir='ltr' id='par_1_118' title="bbox 2834 3884 3200 3939">
     <span class='ocr_line' id='line_1_118' title="bbox 2834 3884 3200 3939; baseline -0.005 -1"><span class='ocrx_word' id='word_1_360' title='bbox 2834 3884 2988 3939; x_wconf 88' lang='lat' dir='ltr'><strong>Foris</strong></span> <span class='ocrx_word' id='word_1_361' title='bbox 3013 3890 3200 3938; x_wconf 75' lang='lat' dir='ltr'><strong>:estus.</strong></span> 
     </span>
    </p>
   </div>
   <div class='ocr_carea' id='block_1_119' title="bbox 2833 3975 2923 4030">
    <p class='ocr_par' dir='ltr' id='par_1_119' title="bbox 2833 3975 2923 4030">
     <span class='ocr_line' id='line_1_119' title="bbox 2833 3975 2923 4030; baseline 0.011 -1"><span class='ocrx_word' id='word_1_362' title='bbox 2833 3975 2923 4030; x_wconf 85' lang='lat'><strong>20.</strong></span> 
     </span>
    </p>
   </div>
   <div class='ocr_carea' id='block_1_120' title="bbox 2834 4268 3707 4331">
    <p class='ocr_par' dir='ltr' id='par_1_120' title="bbox 2834 4268 3707 4331">
     <span class='ocr_line' id='line_1_120' title="bbox 2834 4268 3707 4331; baseline -0.018 -1"><span class='ocrx_word' id='word_1_363' title='bbox 2834 4276 2923 4330; x_wconf 83' lang='grc'><strong>21.</strong></span> <span class='ocrx_word' id='word_1_364' title='bbox 2968 4272 3119 4331; x_wconf 88' lang='lat' dir='ltr'><strong>Sicut</strong></span> <span class='ocrx_word' id='word_1_365' title='bbox 3145 4280 3335 4329; x_wconf 90' lang='lat' dir='ltr'><strong>monte</strong></span> <span class='ocrx_word' id='word_1_366' title='bbox 3356 4268 3707 4328; x_wconf 82' lang='lat' dir='ltr'><strong>diSCissiOIIItm.</strong></span> 
     </span>
    </p>
   </div>
   <div class='ocr_carea' id='block_1_121' title="bbox 2836 4430 3732 4516">
    <p class='ocr_par' dir='ltr' id='par_1_121' title="bbox 2836 4430 3732 4516">
     <span class='ocr_line' id='line_1_121' title="bbox 2836 4430 3732 4516; baseline -0.018 -23"><span class='ocrx_word' id='word_1_367' title='bbox 2836 4437 2900 4493; x_wconf 84' lang='lat' dir='ltr'><strong>Et</strong></span> <span class='ocrx_word' id='word_1_368' title='bbox 2953 4436 3019 4491; x_wconf 89' lang='lat' dir='ltr'><strong>ad</strong></span> <span class='ocrx_word' id='word_1_369' title='bbox 3078 4435 3421 4516; x_wconf 81' lang='lat' dir='ltr'><strong>serviendum</strong></span> <span class='ocrx_word' id='word_1_370' title='bbox 3484 4430 3732 4516; x_wconf 71' lang='lat' dir='ltr'><strong>servitutem</strong></span> 
     </span>
    </p>
   </div>
   <div class='ocr_carea' id='block_1_122' title="bbox 2767 4510 3634 4574">
    <p class='ocr_par' dir='ltr' id='par_1_122' title="bbox 2767 4510 3634 4574">
     <span class='ocr_line' id='line_1_122' title="bbox 2767 4510 3634 4574; baseline -0.012 -13"><span class='ocrx_word' id='word_1_371' title='bbox 2767 4523 2944 4574; x_wconf 83' lang='lat' dir='ltr'><strong>suam,</strong></span> <span class='ocrx_word' id='word_1_372' title='bbox 2978 4515 3233 4560; x_wconf 73' lang='lat' dir='ltr'><strong>extranea</strong></span> <span class='ocrx_word' id='word_1_373' title='bbox 3267 4510 3384 4574; x_wconf 86' lang='lat' dir='ltr'><strong>ejus</strong></span> <span class='ocrx_word' id='word_1_374' title='bbox 3406 4510 3634 4558; x_wconf 80' lang='lat' dir='ltr'><strong>servitus.</strong></span> 
     </span>
    </p>
   </div>
   <div class='ocr_carea' id='block_1_123' title="bbox 2833 4594 3346 4667">
    <p class='ocr_par' dir='ltr' id='par_1_123' title="bbox 2833 4594 3346 4667">
     <span class='ocr_line' id='line_1_123' title="bbox 2833 4594 3346 4667; baseline -0.008 -16"><span class='ocrx_word' id='word_1_375' title='bbox 2833 4597 2923 4651; x_wconf 89' lang='lat'><strong>22.</strong></span> <span class='ocrx_word' id='word_1_376' title='bbox 2960 4594 3078 4667; x_wconf 89' lang='lat' dir='ltr'><strong>(Ne)</strong></span> <span class='ocrx_word' id='word_1_377' title='bbox 3106 4595 3346 4649; x_wconf 83' lang='lat' dir='ltr'><strong>irridete.</strong></span> 
     </span>
    </p>
   </div>
   <div class='ocr_carea' id='block_1_124' title="bbox 2834 4687 3381 4758">
    <p class='ocr_par' dir='ltr' id='par_1_124' title="bbox 2834 4687 3381 4758">
     <span class='ocr_line' id='line_1_124' title="bbox 2834 4687 3381 4758; baseline -0.009 -15"><span class='ocrx_word' id='word_1_378' title='bbox 2834 4687 3131 4758; x_wconf 86' lang='lat' dir='ltr'><strong>Compedes</strong></span> <span class='ocrx_word' id='word_1_379' title='bbox 3162 4693 3381 4741; x_wconf 65' lang='lat' dir='ltr'><strong>vestrae.</strong></span> 
     </span>
    </p>
   </div>
   <div class='ocr_carea' id='block_1_125' title="bbox 2802 4766 3737 4861">
    <p class='ocr_par' dir='ltr' id='par_1_125' title="bbox 2802 4766 3737 4861">
     <span class='ocr_line' id='line_1_125' title="bbox 2802 4766 3737 4861; baseline -0.022 -23"><span class='ocrx_word' id='word_1_380' title='bbox 2802 4776 3378 4861; x_wconf 45' lang='lat' dir='ltr'><strong>ﬁensummationem</strong></span> <span class='ocrx_word' id='word_1_381' title='bbox 3421 4772 3554 4829; x_wconf 85' lang='lat' dir='ltr'><strong>enim</strong></span> <span class='ocrx_word' id='word_1_382' title='bbox 3597 4777 3642 4823; x_wconf 91' lang='lat' dir='ltr'><strong>ct</strong></span> <span class='ocrx_word' id='word_1_383' title='bbox 3668 4766 3737 4820; x_wconf 85' lang='lat' dir='ltr'><strong>dc-</strong></span> 
     </span>
    </p>
   </div>
   <div class='ocr_carea' id='block_1_126' title="bbox 2768 4863 3051 4905">
    <p class='ocr_par' dir='ltr' id='par_1_126' title="bbox 2768 4863 3051 4905">
     <span class='ocr_line' id='line_1_126' title="bbox 2768 4863 3051 4905; baseline -0.028 0"><span class='ocrx_word' id='word_1_384' title='bbox 2768 4863 3051 4905; x_wconf 74' lang='lat' dir='ltr'><strong>CISIODCIII.</strong></span> 
     </span>
    </p>
   </div>
   <div class='ocr_carea' id='block_1_127' title="bbox 2836 4932 3615 4995">
    <p class='ocr_par' dir='ltr' id='par_1_127' title="bbox 2836 4932 3615 4995">
     <span class='ocr_line' id='line_1_127' title="bbox 2836 4932 3615 4995; baseline -0.013 -1"><span class='ocrx_word' id='word_1_385' title='bbox 2836 4939 3029 4995; x_wconf 82' lang='lat' dir='ltr'><strong>Audivi</strong></span> <span class='ocrx_word' id='word_1_386' title='bbox 3053 4955 3085 4993; x_wconf 89' lang='lat' dir='ltr'><strong>a</strong></span> <span class='ocrx_word' id='word_1_387' title='bbox 3119 4938 3349 4993; x_wconf 81' lang='lat' dir='ltr'><strong>Domino</strong></span> <span class='ocrx_word' id='word_1_388' title='bbox 3385 4932 3615 4989; x_wconf 86' lang='lat' dir='ltr'><strong>Domino.</strong></span> 
     </span>
    </p>
   </div>
   <div class='ocr_carea' id='block_1_128' title="bbox 2834 5018 3733 5103">
    <p class='ocr_par' dir='ltr' id='par_1_128' title="bbox 2834 5018 3733 5103">
     <span class='ocr_line' id='line_1_128' title="bbox 2834 5018 3733 5103; baseline -0.016 -15"><span class='ocrx_word' id='word_1_389' title='bbox 2834 5033 2927 5089; x_wconf 69' lang='grc'><strong>21.</strong></span> <span class='ocrx_word' id='word_1_390' title='bbox 2966 5031 3240 5103; x_wconf 89' lang='lat' dir='ltr'><strong>Numquid</strong></span> <span class='ocrx_word' id='word_1_391' title='bbox 3314 5036 3421 5084; x_wconf 80' lang='lat' dir='ltr'><strong>tota</strong></span> <span class='ocrx_word' id='word_1_392' title='bbox 3485 5025 3564 5080; x_wconf 83' lang='lat' dir='ltr'><strong>die</strong></span> <span class='ocrx_word' id='word_1_393' title='bbox 3603 5018 3733 5080; x_wconf 77' lang='lat' dir='ltr'><strong>arabit</strong></span> 
     </span>
    </p>
   </div>
   <div class='ocr_carea' id='block_1_129' title="bbox 2769 5103 2965 5159">
    <p class='ocr_par' dir='ltr' id='par_1_129' title="bbox 2769 5103 2965 5159">
     <span class='ocr_line' id='line_1_129' title="bbox 2769 5103 2965 5159; baseline 0 -2"><span class='ocrx_word' id='word_1_394' title='bbox 2769 5103 2965 5159; x_wconf 80' lang='lat' dir='ltr'><strong>arans?</strong></span> 
     </span>
    </p>
   </div>
   <div class='ocr_carea' id='block_1_130' title="bbox 2838 5344 3672 5420">
    <p class='ocr_par' dir='ltr' id='par_1_130' title="bbox 2838 5344 3672 5420">
     <span class='ocr_line' id='line_1_130' title="bbox 2838 5344 3672 5420; baseline -0.01 -16"><span class='ocrx_word' id='word_1_395' title='bbox 2838 5348 2929 5405; x_wconf 84' lang='lat'><strong>25.</strong></span> <span class='ocrx_word' id='word_1_396' title='bbox 2968 5346 3034 5405; x_wconf 87' lang='lat' dir='ltr'><strong>Et</strong></span> <span class='ocrx_word' id='word_1_397' title='bbox 3064 5348 3332 5420; x_wconf 85' lang='lat' dir='ltr'><strong>disperget</strong></span> <span class='ocrx_word' id='word_1_398' title='bbox 3367 5344 3612 5417; x_wconf 79' lang='lat' dir='ltr'><strong>nigellam.</strong></span> <span class='ocrx_word' id='word_1_399' title='bbox 3670 5381 3672 5383; x_wconf 52' lang='lat'><strong>.</strong></span> 
     </span>
    </p>
   </div>
   <div class='ocr_carea' id='block_1_131' title="bbox 2841 5508 3480 5580">
    <p class='ocr_par' dir='ltr' id='par_1_131' title="bbox 2841 5508 3480 5580">
     <span class='ocr_line' id='line_1_131' title="bbox 2841 5508 3480 5580; baseline -0.006 -15"><span class='ocrx_word' id='word_1_400' title='bbox 2841 5510 2909 5565; x_wconf 86' lang='lat' dir='ltr'><strong>Et</strong></span> <span class='ocrx_word' id='word_1_401' title='bbox 2930 5510 3137 5566; x_wconf 91' lang='lat' dir='ltr'><strong>milium</strong></span> <span class='ocrx_word' id='word_1_402' title='bbox 3165 5519 3220 5566; x_wconf 92' lang='lat' dir='ltr'><strong>et</strong></span> <span class='ocrx_word' id='word_1_403' title='bbox 3242 5508 3480 5580; x_wconf 88' lang='lat' dir='ltr'><strong>speltam.</strong></span> 
     </span>
    </p>
   </div>
   <div class='ocr_carea' id='block_1_132' title="bbox 2837 5600 3198 5659">
    <p class='ocr_par' dir='ltr' id='par_1_132' title="bbox 2837 5600 3198 5659">
     <span class='ocr_line' id='line_1_132' title="bbox 2837 5600 3198 5659; baseline 0.003 -2"><span class='ocrx_word' id='word_1_404' title='bbox 2837 5603 2929 5659; x_wconf 86' lang='lat'><strong>26.</strong></span> <span class='ocrx_word' id='word_1_405' title='bbox 2966 5600 3198 5658; x_wconf 83' lang='lat' dir='ltr'><strong>Judicio.</strong></span> 
     </span>
    </p>
   </div>
   <div class='ocr_carea' id='block_1_133' title="bbox 2842 5750 3716 5824">
    <p class='ocr_par' dir='ltr' id='par_1_133' title="bbox 2842 5750 3716 5824">
     <span class='ocr_line' id='line_1_133' title="bbox 2842 5750 3716 5824; baseline -0.024 -2"><span class='ocrx_word' id='word_1_406' title='bbox 2842 5768 2932 5822; x_wconf 87' lang='lat'><strong>27.</strong></span> <span class='ocrx_word' id='word_1_407' title='bbox 2968 5765 3083 5823; x_wconf 89' lang='lat' dir='ltr'><strong>Non</strong></span> <span class='ocrx_word' id='word_1_408' title='bbox 3130 5768 3183 5821; x_wconf 92' lang='lat' dir='ltr'><strong>in</strong></span> <span class='ocrx_word' id='word_1_409' title='bbox 3221 5759 3573 5824; x_wconf 82' lang='lat' dir='ltr'><strong>conscindcme</strong></span> <span class='ocrx_word' id='word_1_410' title='bbox 3596 5750 3716 5807; x_wconf 48' lang='lat' dir='ltr'><strong>tritu&#39;</strong></span> 
     </span>
    </p>
   </div>
   <div class='ocr_carea' id='block_1_134' title="bbox 2776 5835 3563 5909">
    <p class='ocr_par' dir='ltr' id='par_1_134' title="bbox 2776 5835 3563 5909">
     <span class='ocr_line' id='line_1_134' title="bbox 2776 5835 3563 5909; baseline -0.006 -14"><span class='ocrx_word' id='word_1_411' title='bbox 2776 5839 2981 5895; x_wconf 84' lang='lat' dir='ltr'><strong>rabitur</strong></span> <span class='ocrx_word' id='word_1_412' title='bbox 3016 5838 3229 5909; x_wconf 90' lang='lat' dir='ltr'><strong>nigella.</strong></span> <span class='ocrx_word' id='word_1_413' title='bbox 3550 5835 3563 5851; x_wconf 86' lang='lat'><strong>&#39;</strong></span> 
     </span>
    </p>
   </div>
  </div>
