3872 6514
509 416 531 471 1
542 416 644 473 865

773 767 862 824 ΤΟ
898 765 1266 828 ΕΒΡΔΙΚΟΝ.

1157 942 1248 995 un
1282 941 1403 1015 ’μηδι
1440 934 1477 1015 2

1238 1007 1477 1085 πτόηκὸ

1266 1124 1407 1174 N101
1440 1113 1476 1168 5

952 1286 1161 1337 1min:
1197 1261 1402 1337 $111351
1436 1277 1468 1329 7

1160 1515 1395 1573 παντων
1432 1509 1467 1563 9

918 1610 1039 1661 mm
1077 1610 1200 1662 ’JJR
1236 1611 1362 1663 ⁷5311
1400 1603 1463 1657 11

1094 1702 1359 1757 mm
1397 1692 1468 1745 12

1156 1865 1364 1918 om:
1400 1818 1470 1911 14

1277 1956 1471 2009 mum

498 2012 681 2093 ’ἢκ-πων
713 2041 850 2092 mu
876 2043 1099 2121 natm-rp
1122 2042 1239 2094 mm
1278 2035 1471 2121 ἐκ-Ἐξ

1350 2090 1543 2165 b33573

1288 2267 1467 2326 nam

1041 2344 1366 2420 unm-Sa
1402 2358 1469 2413 18

1242 2461 1359 2509 ’JJo‘i
1398 2451 1423 2503 1
1433 2450 1467 2504 9

1225 2548 1363 2600 nun
1397 2540 1469 2594 20

1158 2645 1282 2701 γυνθ
1317 2648 1469 2699 111331

1184 2788 1359 2863 ’τηεμ-ηπ
1394 2804 1457 2857 21

730 2905 871 2983 πρίω
904 2907 1067 2985 amp
1102 2884 1359 2958 vna-3‘71
1394 2895 1463 2953 22

1126 3067 1187 3117 γε
1222 3067 1351 3123 Πᾮξθ
1363 3073 1400 3088 ⁸·
1413 3068 1466 3118 9)

1013 3225 1263 3299 7mm
1294 3204 1367 3283 NB
1396 3220 1465 3274 25

613 3441 864 3498 VERSIO
900 3440 1216 3498 HEBRAICI
1258 3442 1462 3503 TEXT.

569 3646 627 3699 2.
655 3642 853 3700 Tecum
887 3661 1008 3718 ego.

567 3734 689 3789 Non
718 3735 783 3790 ad
791 3736 1050 3792 ureberis.

569 3827 624 3881 5.
654 3825 720 3881 Et
750 3826 913 3883 Saba.

570 3917 623 3972 7.
650 3916 716 3973 Et
742 3919 797 3973 in
849 3920 1069 3991 gloriam
1132 3937 1309 3978 meam
1351 3925 1532 3978 creavi

496 4003 642 4043 θυαμ

564 4149 620 4205 9.
653 4148 856 4205 Audire
884 4150 1086 4206 facient
1116 4167 1236 4208 nos.

573 4240 664 4297 11.
694 4240 809 4313 Ego
867 4257 968 4314 ego
998 4242 1286 4300 Dominus.

566 4402 654 4456 12.
686 4402 752 4458 Et
777 4403 965 4460 audire
994 4404 1119 4461 feci.

566 4561 654 4616 14.
686 4561 983 4633 Fugitivos.

561 4655 622 4713 In
652 4658 905 4714 navibus.

565 4748 653 4803 15.
672 4747 785 4821 Ego
802 4749 1061 4806 Dominus
1084 4751 1315 4811 Sanctus
1329 4764 1526 4821 vester,

493 4834 691 4875 creans
722 4821 909 4884 Israel,
945 4835 1039 4875 rex
1066 4832 1263 4879 vester.

562 4978 652 5035 10.
683 4977 795 5038 Sic.

562 5071 651 5125 18.
675 5070 754 5129 Ne
774 5072 1150 5130 consideretis.

560 5162 648 5217 19.
680 5161 818 5219 Ecce
845 5179 963 5235 ego.

558 5253 650 5310 20.
681 5252 972 5313 Dracones.

559 5342 626 5397 Et
652 5344 775 5400 ﬁliae
804 5346 985 5403 ululae.

556 5501 645 5558 21.
679 5502 917 5561 Laudem
946 5521 1143 5562 meam.

554 5590 645 5646 22.
674 5590 741 5646 Et
768 5608 875 5647 non
894 5584 985 5648 'me
1013 5594 1299 5661 invocasti,
1329 5592 1517 5652 Iacob.

555 5680 690 5737 Cum
726 5683 986 5740 laborasti
1012 5686 1066 5740 in
1099 5702 1206 5742 me.

552 5846 644 5903 25.
672 5846 788 5902 Non
816 5852 865 5900 te
891 5844 1091 5903 servire
1118 5843 1241 5902 feci.

1562 403 2034 464 IIEXAPLORUM
2072 404 2238 476 QUAS
2274 405 2708 467 SUPERSUNT.

1683 579 1836 640 ΗΕΒ
1848 579 1998 639 ΑΙᾹΞ
2044 577 2300 641 CAPUT
2346 578 2575 641 XLIII.

1897 770 1985 823 ΤΟ
2023 768 2371 823 EBPAIKON

1803 837 2136 909 Ἑλληνικοῖς
2171 839 2478 910 γράμμασι.

1690 934 1743 986 2.

1687 1116 1742 1170 5.

1684 1274 1739 1331 7.

1681 1512 1737 1565 9.

1686 1601 1775 1654 11.

1685 1694 1775 1750 12.

1689 1855 1779 1909 11.

1684 2036 1777 2091 15.

1683 2270 1772 2323 16.

1681 2362 1772 2416 18.

1684 2454 1773 2508 19.

1678 2542 1772 2595 20.

1677 2800 1771 2855 21.

1676 2895 1767 2949 22.

1678 3219 1770 3274 25.

1823 3444 2153 3505 VULGATA
2191 3442 2467 3501 LATINA.

1682 3648 1737 3706 2.
1770 3647 1972 3703 Tecum
2002 3662 2117 3703 ero.

1672 3737 1790 3794 Non
1831 3738 2192 3795 combureris.

1677 3831 1728 3884 5.
1764 3830 1831 3885 Ει
1863 3829 2027 3884 Saba.

1677 3920 1730 3975 7.
1754 3921 1809 3977 In
1836 3922 2060 3992 gloriam
2089 3935 2265 3976 meam
2294 3919 2471 3975 creavi
2496 3933 2643 3973 eum.

1675 4153 1729 4208 9.
1760 4152 1966 4206 Audire
1996 4163 2097 4206 nos
2127 4150 2309 4206 faciet.

1675 4246 1762 4299 11.
1798 4244 1912 4317 Ego
1952 4259 2096 4310 sum,
2154 4258 2255 4313 ego
2288 4258 2410 4298 sum
2460 4240 2645 4296 Domi-

1604 4330 1731 4371 nus.

1677 4409 1765 4464 12.
1804 4408 2061 4463 Auditum
2094 4405 2216 4462 feci.

1675 4570 1762 4625 ﬂ.
1806 4568 2016 4624 Vectes.

1673 4660 1731 4716 In
1759 4661 2009 4715 navibus.

1673 4750 1761 4804 15.
1796 4748 1907 4819 Ego
1956 4748 2221 4804 Dominus
2256 4747 2490 4802 Sanctus
2545 4760 2638 4801 ve-

1602 4828 1735 4883 ster,
1770 4835 1962 4875 creans
2004 4820 2191 4883 Israel,
2224 4834 2317 4873 rex
2353 4826 2549 4872 vester.

1670 4981 1757 5037 16.
1789 4980 1932 5036 Haec.

1671 5075 1757 5129 18.
1786 5074 1865 5130 Ne
1892 5068 2231 5129 intueamini.

1671 5166 1758 5221 19.
1790 5165 1927 5221 Ecce
1956 5180 2079 5237 ego.

1666 5257 1757 5311 20.
1786 5256 2080 5312 Dracones.

1667 5347 1733 5403 Et
1762 5348 2115 5403 struthiones.

1664 5506 1755 5583 2|.
1783 5504 2024 5560 Laudem
2054 5519 2250 5559 meam.

1660 5595 1753 5652 22.
1781 5594 1897 5651 Non
1936 5611 2025 5650 me
2054 5593 2338 5663 invocasti,
2371 5592 2564 5653 Jacob.

1662 5685 1772 5743 Nec
1800 5685 2059 5742 laborasti
2090 5686 2145 5741 in
2171 5701 2283 5742 me.

1662 5848 1753 5903 23.
1786 5846 1902 5905 Non
1933 5856 1985 5904 te
2014 5849 2219 5907 servire
2256 5846 2381 5907 feci.

3632 397 3754 455 1861

3094 764 3403 821 ΔΚΥΛΔΣ.

2802 927 2857 981 2.

2800 1018 2875 1072 Οὐ
2907 1014 3164 1071 καυσουσί
3188 1030 3269 1070 σε.

2799 1111 2854 1165 5.

2801 1271 2854 1324 7.

2802 1508 2855 1559 9.

2803 1596 2891 1651 11.
2922 1598 2990 1665 Χ
3023 1592 3163 1665 Ἐγὼ
3197 1593 3219 1661 ζ
3246 1592 3359 1663 ἐγὼ
3380 1592 3590 1664 Κύριος.

2802 1688 2892 1743 12.

2804 1848 2894 1903 14.

2801 2027 2887 2084 15.

2799 2261 2885 2317 16.
2920 2264 2986 2331 Χ
3010 2261 3151 2319 Ὅτι.

2798 2353 2886 2407 18.

2800 2443 2885 2499 19.
2921 2444 3043 2497 Ὀτι
3075 2443 3182 2498 ἰδοὺ
3219 2440 3348 2512 ἐγὼ.

2794 2536 2884 2591 20.
2922 2536 3196 2608 Σειρῆνες.

2792 2793 2883 2846 21.

2719 2867 2735 2883 ’
2776 2885 2882 3008 ξε.
2917 2885 3027 2939 Καὶ
3046 2883 3145 2938 οὐκ
3172 2881 3272 2955 ἐμὲ
3315 2879 3602 2949 ἐκάλεσας,
3666 2880 3772 2933 Ἰα-

2724 2971 2802 3008 κω
2844 2995 2857 3008 .

2724 2971 2857 3009 κωο.

2790 3210 2877 3264 25.
2903 3209 3016 3263 Οὐκ
3040 3205 3309 3263 ἐδούλωσά
3334 3223 3417 3263 σε.

3118 3434 3397 3503 AQUILA.

2792 3636 2849 3695 2.

2790 3733 2908 3791 Non
2936 3744 3096 3791 urent
3125 3742 3196 3790 te.

2793 3831 2847 3883 5.

2791 3917 2843 3973 7.

2909 4242 2977 4309 Χ
3004 4239 3118 4310 Ego
3154 4242 3177 4310 ζ
3208 4252 3308 4309 ego
3348 4236 3638 4295 Dominus.

2787 4404 2874 4458 12.

2788 4563 2874 4617 14.

2786 4744 2875 4800 15.

2782 4978 2869 5033 10.
2903 4980 2972 5049 31(
3012 4978 3305 5045 Quoniam.

2910 5162 3049 5228 Quia
3081 5175 3210 5218 ecce
3238 5175 3362 5232 ego.

2778 5253 2869 5307 20.
2906 5253 3146 5310 Sirenes.

2891 5595 2961 5651 Et
2984 5612 3094 5653 non
3122 5612 3210 5653 me
3239 5596 3463 5667 vocasti,
3488 5598 3680 5658 Iacob.

2772 5842 2863 5902 23.
2891 5840 3011 5901 Non
3044 5852 3097 5902 te
3129 5844 3336 5903 servire
3365 5842 3481 5901 feci.
