3902 6482
485 368 627 427 2299
1645 367 1873 425 CODEX
1914 368 1998 425 εγ
2007 368 2588 426 RO-HEXAPLARIS.
3597 372 3733 427 2500

494 564 3728 599 mm

898 743 1428 923 CODEX
1535 742 3314 876 SYRIACO-HEXAPLARIS

1516 977 2715 1043 ΑΜΒΙὶΟΞΙᾹΝΟ-ΜΕΒΙΟΕΑΝΕΝΞΙΒ

840 1140 1070 1203 Editus
1101 1150 1157 1202 et
1192 1140 1384 1203 latine
1412 1155 1630 1200 versus
1658 1156 1697 1197 a
1730 1138 1960 1199 Matth.
1993 1136 2281 1217 Norberg
2317 1136 2592 1201 Londim‘
2620 1139 2970 1203 Gothorum
3002 1161 3166 1204 anno
3221 1145 3398 1208 1787.

679 1497 833 1585 EX
903 1489 1710 1582 PBEFATIONE
1798 1490 2376 1583 EDITORIS
2470 1492 2942 1584 SYRIACI
3014 1492 3529 1587 CODICIS.

554 1684 810 1754 llexaplis
842 1682 1097 1753 Origenis
1127 1683 1480 1740 restituendis
1515 1699 1625 1739 non
1658 1683 1953 1740 defuerunt
1984 1685 2186 1743 decora
2213 1686 2428 1758 ingenia
2461 1699 2769 1756 magnaque
2813 1684 3013 1752 studia,
3050 1694 3233 1742 tamen
3262 1686 3490 1759 fastigio
3526 1702 3744 1763 prapter

485 1776 723 1846 inopiam
756 1777 1019 1842 materiae,
1056 1792 1166 1831 non
1192 1775 1492 1843 facultatis,
1525 1778 1767 1833 nondum
1806 1777 2086 1849 imposito.
2118 1779 2390 1836 Liberalis
2410 1794 2537 1835 vero
2572 1779 2974 1834 emendationis
2998 1793 3110 1834 non
3141 1780 3395 1838 ﬁduciam
3428 1785 3623 1852 modo,
3653 1791 3743 1845 sed

484 1869 652 1935 ipsius
682 1870 845 1925 etiam
879 1870 1089 1925 ﬁduciae
1117 1870 1330 1940 copiam
1359 1871 1517 1927 nobis
1542 1869 1669 1925 facit
1691 1871 1861 1927 codex
1887 1880 2074 1928 noster
2101 1872 2703 1943 Syriaco-Hexaplaris,
2746 1872 2907 1941 cujus
2937 1881 3149 1941 partem
3182 1876 3537 1943 canonicam,
3566 1879 3746 1936 induL

483 1962 666 2032 gentia
695 1962 764 2018 cl.
802 1961 1209 2017 Bibliothecarii
1235 1960 1583 2016 Ambrosiani
1612 1960 1847 2028 Branca,
1881 1971 2085 2031 septem
2123 1974 2252 2017 ante
2276 1963 2436 2017 annis
2465 1963 2518 2016 in
2544 1963 2815 2032 privatum
2833 1963 3180 2019 commodum
3215 1967 3509 2039 descripsi,
3537 1982 3590 2026 et
3611 1988 3745 2028 con-

484 2054 608 2107 silio
631 2052 935 2107 amicorum
963 2051 1017 2105 in
1058 2065 1348 2105 commune
1366 2050 1481 2115 jam
1512 2049 1752 2120 profero.
1782 2049 1883 2105 Hic
1914 2049 2086 2106 codex
2140 2050 2427 2106 Mediolani
2459 2051 2514 2105 in
2547 2050 2914 2106 Ambrosiana
2958 2051 3299 2115 Bibliotheca
3328 2061 3746 2134 diligentissime

485 2156 754 2201 servatur.
782 2142 840 2199 Si
871 2143 1105 2197 fortnam
1146 2140 1267 2211 ejus
1296 2150 1350 2196 et
1396 2151 1780 2211 argumentum
1812 2151 2047 2212 spectes,
2093 2158 2201 2198 non
2252 2142 2511 2213 exiguam
2554 2144 2986 2213 magnitudinem
3018 2147 3150 2204 folio
3201 2151 3257 2206 in
3291 2152 3435 2210 duas
3464 2157 3745 2218 columnas

482 2237 778 2307 descripto,
802 2249 857 2292 et
888 2234 1258 2291 venerandam
1292 2232 1528 2300 speciem
1559 2244 1807 2299 pergam.
1844 2230 2058 2292 charta,
2092 2229 2339 2298 antiquis
2364 2228 2631 2300 Syrorum
2664 2229 2865 2285 litteris
2887 2232 3249 2306 Estrangelis,
3279 2246 3335 2292 et
3360 2239 3553 2296 rubris
3584 2244 3745 2302 titulis

483 2343 547 2382 ac
573 2328 803 2397 epilogis
839 2326 1026 2389 refert,
1060 2337 1269 2393 suoque
1311 2320 1597 2389 complexu
1627 2331 1682 2374 et
1714 2321 1819 2374 hoc
1853 2320 2046 2375 ordine
2084 2317 2356 2386 Psalmos,
2398 2319 2623 2389 Jobum,
2656 2320 2973 2390 Proverbia,
3001 2326 3419 2400 Ecclesiastem,
3457 2336 3745 2397 Cantium:

482 2423 666 2485 Caut.,
695 2421 1032 2490 Sapientiam
1057 2418 1293 2481 Salom.,
1325 2416 1665 2486 Syracidem,
1688 2414 1777 2468 Xll
1813 2414 2118 2484 Prophetas
2146 2414 2407 2481 Minores,
2432 2414 2751 2484 Jeremiam,
2778 2417 3113 2487 Barucbum,
3142 2422 3414 2495 Threuos,
3444 2428 3744 2501 Epistolam

480 2511 750 2577 Jeremiw,
785 2511 1085 2571 Danielem,
1140 2507 1410 2561 llistorias
1437 2504 1728 2568 Susannze,
1769 2504 1914 2560 Belis
1954 2514 2009 2559 et
2034 2504 2322 2571 Draconis,
2366 2505 2740 2562 chcchielem
2782 2518 2837 2563 et
2883 2508 3122 2567 Jesaiam
3174 2518 3445 2573 continet.
3497 2520 3749 2595 Plerique

482 2606 605 2661 libri
641 2605 695 2658 in
745 2602 923 2657 fronte
967 2608 1162 2671 gerunt
1197 2596 1453 2667 prologos
1499 2592 1727 2661 (Psalmi
1760 2594 2166 2663 longissimum,
2226 2595 2322 2649 sed
2354 2595 2653 2665 mutilum),
2698 2597 2793 2667 qui
2825 2611 3154 2668 argumento
3200 2608 3471 2677 capitum,
3507 2592 3747 2674 historiae

479 2704 792 2759 auctorum,
820 2691 1074 2761 aliisque.
1102 2684 1384 2757 c0piosius
1418 2692 1472 2738 ct
1518 2684 1713 2740 melius
1755 2685 1885 2739 alibi
1920 2682 2213 2755 expositis,
2247 2693 2302 2739 et
2331 2700 2363 2739 a
2405 2701 2491 2740 me
2523 2701 2622 2755 pro
2653 2688 2919 2757 temporis
2968 2689 3236 2751 brevitate
3281 2712 3392 2753 non
3432 2701 3746 2776 descriptis,

483 2791 657 2847 facem
704 2788 1021 2859 prarferuut,
1067 2794 1121 2839 et
1152 2790 1218 2845 ad
1244 2782 1406 2837 ﬁnem
1439 2781 1705 2851 epilogos,
1739 2781 1834 2850 qui
1865 2780 2122 2851 impressi
2154 2781 2539 2846 declarabunt,
2576 2792 2820 2840 nostram
2853 2787 3165 2843 versionem
3197 2806 3265 2846 ex
3296 2793 3490 2853 Graeco
3540 2803 3746 2873 codice,

483 2902 645 2958 quem
681 2884 972 2947 Eusebius,
1003 2880 1288 2950 Pamphilo
1317 2881 1486 2941 socio,
1511 2894 1574 2931 ex
1609 2877 1861 2947 Origenis
1902 2876 2174 2948 Tetraplis
2198 2879 2282 2933 vel
2320 2876 2598 2948 llexaplis,
2628 2880 2682 2935 in
2710 2881 3050 2940 Caesareensi
3096 2884 3435 2947 Bibliotheca
3469 2899 3745 2966 repositis,

481 2979 804 3049 depromsit,
839 2986 893 3030 et
920 2975 988 3029 ad
1024 2976 1139 3029 haec
1168 2970 1415 3039 exempla
1441 2969 1703 3023 collatum
1748 2968 2080 3033 emendavit,
2125 2968 2329 3023 factam
2360 2984 2505 3034 esse,
2538 2978 2592 3026 ct
2621 2972 2972 3031 Alexandriae
3004 2993 3197 3036 mense
3233 2983 3425 3041 Canun
3459 2995 3744 3060 posteriori

479 3088 532 3130 a.
565 3074 721 3128 Alex.
754 3071 859 3126 928
893 3071 929 3124 i.
959 3085 1009 3123 e.
1040 3083 1232 3123 mense
1270 3065 1426 3121 Mart.
1465 3082 1515 3119 τι.
1544 3064 1676 3120 Chr.
1710 3064 1815 3119 617
1840 3064 2158 3134 perfectam.
2195 3063 2417 3122 Scilicet
2443 3065 2637 3132 Jobus,
2670 3069 2857 3125 Daniel
2891 3083 2947 3128 et
2970 3072 3060 3127 Xll
3088 3076 3377 3149 Propheta:
3406 3084 3655 3144 Minores
3684 3106 3749 3147 ει

482 3167 773 3237 Tetraplis,
798 3162 1092 3219 Proverbia
1119 3176 1272 3224 vero,
1309 3159 1598 3215 Canticum
1632 3167 1686 3212 et
1708 3156 1910 3213 Threui
1942 3173 2007 3212 ex
2039 3157 2298 3228 Hexaplis
2329 3160 2497 3214 sumti
2521 3160 2800 3216 dicuntur.
2830 3162 2941 3220 Nec
2962 3169 3119 3239 origo
3154 3171 3518 3241 reliquorum,
3558 3190 3751 3247 praeter

480 3259 741 3322 Jesaiam,
783 3257 872 3326 qui
902 3271 969 3310 ex
1003 3254 1190 3309 codice
1222 3251 1445 3306 Eusebii
1473 3260 1526 3304 et
1559 3248 1826 3319 Pamphili
1852 3264 2149 3318 expressus
2170 3261 2530 3317 memoratur,
2559 3251 2787 3321 epilogis
2811 3257 3139 3325 carentium,
3183 3262 3401 3319 aliunde
3458 3272 3752 3337 repetenda

482 3358 723 3419 videtur,
767 3356 881 3424 ipsa
905 3366 1095 3408 eorum
1126 3349 1309 3404 indole
1340 3348 1480 3401 hanc
1522 3346 1681 3400 ﬁdem
1716 3346 2045 3401 inculcante.
2079 3344 2138 3400 In
2166 3346 2289 3416 ipso
2323 3355 2477 3401 textu
2505 3355 2559 3401 et
2585 3347 2882 3417 aliquando
2923 3350 2979 3404 in
3014 3356 3260 3426 margine
3280 3358 3478 3414 adsunt
3514 3362 3753 3430 primum

484 3454 767 3516 Asterisci,
799 3450 976 3514 Obeli,
1016 3445 1311 3507 Lemnisci,
1339 3452 1395 3499 et
1419 3442 1861 3513 llypolemuisci;
1888 3449 2002 3495 tum
2032 3442 2246 3508 litterae,
2276 3442 2403 3508 Ain,
2434 3450 2641 3496 textum
2677 3441 2985 3508 Hebraeum,
3016 3446 3202 3515 Alep/t,
3236 3448 3459 3505 Sameclt
3496 3466 3553 3508 et
3586 3455 3754 3521 Thali,

484 3543 759 3614 Aquilam,
790 3540 1179 3611 Symmachum
1213 3540 1724 3597 ctTheodotioncm
1758 3538 2012 3603 seorsim,
2056 3537 2249 3601 Cimel,
2282 3536 2385 3592 bos
2426 3537 2760 3609 interpretes
2799 3540 3164 3610 conjunctim,
3213 3544 3315 3608 He,
3368 3545 3663 3615 Quintam,
3709 3563 3756 3608 et

499 3635 632 3698 Vau,
667 3632 890 3688 Sextam
919 3631 1224 3687 versionem
1256 3632 1598 3695 indicantes;
1638 3638 1692 3684 et
1727 3628 1926 3684 deinde
1956 3628 2062 3683 alia
2109 3628 2288 3696 signa,
2328 3642 2566 3697 quorum
2615 3628 2732 3684 haec
2764 3629 2961 3701 ﬁgura,
3047 3644 3387 3729 Η
3689 3652 3751 3726 o

507 3729 801 3814 -Λ-ί,
859 3721 1111 3805 ..-..¹.,
1155 3730 1425 3804 _.__\_)
1505 3727 1776 3796 ς)...-
2228 3718 2515 3811 Ἡ-(ζ
2562 3727 2897 3800 -λμε
2956 3741 3012 3787 et
3038 3718 3239 3803 quibus
3268 3718 3494 3804 anima,
3526 3718 3751 3797 diversis

484 3809 829 3875 diversorum
856 3826 1145 3872 auctorum
1182 3816 1268 3870 vel
1296 3815 1546 3878 scholiis,
1573 3814 1849 3885 plerisque
1870 3809 1941 3865 ob
1966 3812 2234 3867 rationem
2267 3809 2433 3882 supra
2461 3814 2682 3869 allatam
2719 3828 2749 3868 a
2775 3828 2863 3869 me
2889 3816 3059 3870 etiam
3092 3820 3340 3884 omissis,
3367 3823 3453 3877 vel
3485 3824 3752 3894 interpre-

485 3917 787 3974 tationibus
820 3917 875 3969 in
908 3912 1158 3983 margine
1190 3910 1433 3981 praeﬁxa,
1461 3910 1816 3980 respondent,
1848 3924 2197 3980 quorumque
2230 3909 2404 3963 vicem
2440 3908 2635 3964 litterae
2666 3910 2944 3980 alphabeti
2985 3908 3168 3964 Latini
3203 3911 3257 3965 in
3292 3920 3487 3968 nostra
3515 3914 3753 3971 editione

485 4012 828 4081 commodius
857 4016 1073 4080 gerunt.
1109 4006 1231 4073 Quo
1259 4007 1435 4077 magis
1478 4014 1565 4063 est
1607 4007 1664 4061 in
1691 4016 1902 4077 aperto,
1934 4005 2129 4061 Libros
2165 4005 2540 4077 Apocryphos,
2570 4006 2664 4075 qui
2708 4006 2941 4061 subinde
2984 4018 3147 4060 voces
3173 4004 3413 4069 Graecas,
3451 4021 3753 4078 synonyma

487 4106 713 4178 Syriaca
738 4112 791 4159 et
822 4103 1031 4159 scholia
1060 4099 1306 4170 longiora
1338 4099 1394 4153 in
1428 4099 1673 4170 margine
1702 4114 1923 4168 quoque
1952 4098 2270 4161 ostendunt,
2299 4097 2413 4151 haec
2450 4096 2641 4151 critica
2682 4096 2836 4166 signa
2867 4111 2976 4152 non
3015 4095 3240 4160 habere,
3274 4110 3340 4150 eo
3367 4098 3655 4154 curiosius
3680 4100 3751 4153 ri-

484 4199 667 4258 detur,
702 4209 808 4247 non
842 4192 930 4246 illa
955 4190 1120 4245 modo
1150 4188 1416 4257 conspici,
1446 4188 1543 4243 sed
1583 4189 1888 4243 versionem
1916 4188 2079 4243 etiam
2116 4186 2511 4242 Theodotionis
2543 4187 2597 4241 in
2636 4186 2889 4243 Barucho
2921 4198 2975 4243 et
3007 4188 3237 4245 Cantico
3292 4191 3465 4245 trium
3514 4193 3746 4249 virorum

485 4291 540 4345 in
571 4291 716 4360 igne,
752 4300 875 4357 quae
901 4282 1245 4355 antiquitatis
1274 4292 1633 4339 monumenta
1667 4284 1789 4340 ideo
1819 4282 1984 4340 etiam
2016 4284 2150 4338 mihi
2182 4281 2541 4339 describenda
2575 4283 2781 4353 putavi,
2814 4285 3065 4352 excitari,
3092 4301 3258 4358 quam
3283 4303 3398 4345 rem
3432 4291 3749 4360 peritior-um

482 4381 691 4454 judicio
721 4378 1025 4434 committo.

558 4473 815 4543 Ejustlcm
844 4470 1060 4542 generis
1079 4477 1134 4526 et
1162 4467 1319 4539 pretii
1343 4472 1460 4522 erat
1485 4464 1656 4520 codex
1688 4464 1780 4520 ille
1819 4462 2097 4535 Syriacus,
2146 4463 2240 4534 qui
2276 4465 2628 4535 possessione
2666 4474 2721 4521 et
2748 4482 2852 4526 usu
2904 4466 3062 4524 Masii
3111 4484 3266 4540 teque
3316 4471 3596 4542 famosus,
3639 4487 3748 4547 post

490 4571 783 4629 clarissimi
809 4569 974 4639 hujus
1018 4567 1120 4622 viri
1149 4565 1361 4621 obitum
1397 4561 1484 4615 vel
1515 4562 1570 4616 in
1591 4560 1807 4615 occulto
1831 4559 1997 4630 jacet,
2030 4558 2116 4614 vel
2151 4559 2299 4613 tristi
2333 4561 2571 4630 quodam
2620 4559 2735 4617 fato
2773 4562 2961 4632 periit,
2995 4564 3251 4637 ambigua
3307 4576 3406 4622 aut
3458 4572 3614 4625 nulla
3643 4573 3746 4641 ejus

491 4665 851 4737 recuperandi
888 4678 984 4733 spe
1013 4660 1223 4716 relicta.
1251 4657 1451 4712 Eadem
1476 4654 1623 4709 enim
1658 4652 1947 4721 utriusque
1977 4650 2179 4715 forma,
2213 4650 2356 4705 idem
2385 4652 2692 4717 character,
2727 4654 2916 4708 eadem
2962 4654 3165 4720 versio,
3200 4657 3392 4713 eadem
3434 4662 3626 4732 signa;
3649 4679 3746 4719 αι-

488 4760 612 4814 dem
651 4769 813 4813 notas.
854 4755 1152 4814 Masianus,
1183 4750 1301 4819 ipso
1326 4758 1647 4818 possessore
1678 4757 1805 4797 vera
1834 4740 2122 4804 referente,
2170 4741 2273 4796 sub
2302 4741 2464 4797 ﬁnem
2499 4743 2783 4798 dicebatur
2816 4754 3035 4804 sumtus
3073 4756 3128 4804 et
3157 4751 3225 4804 ad
3258 4755 3484 4810 verbum
3523 4759 3747 4814 transla-

491 4859 582 4905 tus
609 4867 671 4905 ex
699 4852 887 4905 Graeco
920 4844 1240 4914 exemplari,
1269 4844 1412 4915 quod
1441 4840 1731 4905 Eusebius,
1767 4839 2052 4909 Pamphilo
2072 4836 2343 4907 adjutore,
2371 4840 2439 4893 ad
2470 4839 2643 4895 libros
2676 4837 2929 4905 Origenis
2960 4841 3013 4897 in
3047 4842 3383 4904 Caesarceusi
3417 4850 3747 4912 Bibliotheca

491 4948 685 5002 obvios
706 4961 802 5001 sua
838 4961 1005 5000 manu
1035 4943 1278 4999 correxit
1313 4958 1327 4995 :
1364 4940 1508 4994 idem
1542 4937 1611 4994 de
1651 4945 1844 4993 nostro
1870 4935 2238 4991 Ambrosiano
2304 4935 2525 4991 dicitur.
2558 4934 2626 4990 Et
2657 4936 2919 5005 quoniam
2971 4938 3025 4993 in
3078 4939 3323 4997 Masiano
3358 4944 3393 4998 ii
3423 4943 3488 4997 V.
3536 4945 3602 5002 Τ.
3635 4947 3745 5001 libri

492 5045 740 5108 adorant,
773 5041 866 5111 qui
925 5042 979 5095 in
1014 5038 1380 5095 Ambrosiano
1411 5036 1629 5099 desunt,
1662 5033 1752 5089 ille
1783 5049 1835 5089 a.
1863 5031 2020 5088 Alex.
2048 5032 2176 5095 927,
2202 5031 2336 5087 Chr.
2366 5031 2471 5086 6l6
2497 5031 2701 5095 ﬁnitus.
2734 5034 2997 5102 primum,
3032 5033 3123 5089 hic
3158 5050 3288 5090 vero
3315 5052 3367 5091 a.
3414 5038 3574 5092 Alex.
3628 5037 3743 5104 928,

490 5136 623 5191 Chr.
661 5134 764 5189 617
787 5132 1072 5190 absolutus
1094 5135 1393 5190 secundum
1430 5133 1594 5188 unius
1627 5131 1988 5201 ejusdemque
2017 5130 2196 5199 operis
2218 5130 2471 5184 volumen
2498 5129 2855 5185 constituisse
2883 5128 3121 5184 videtur.

566 5223 673 5278 Sed
700 5223 767 5277 de
795 5229 1017 5274 auctore
1044 5219 1206 5290 hujus
1226 5221 1497 5278 versionis
1521 5220 1658 5293 nihil
1689 5221 1740 5274 in
1775 5229 1967 5275 nostro
1988 5218 2199 5284 codice,
2225 5218 2359 5272 nihil
2394 5217 2537 5286 apud
2568 5216 2800 5272 Masium
2845 5219 2913 5273 ad
2950 5220 3125 5291 ignoti
3159 5222 3398 5279 nominis
3430 5225 3517 5281 vel
3539 5227 3748 5295 conjec-

494 5328 673 5374 turam
698 5316 932 5386 reperio.
964 5314 1022 5367 ln
1049 5330 1107 5369 re
1134 5324 1243 5368 tam
1271 5314 1439 5369 veteri
1489 5322 1543 5369 et
1587 5312 1796 5369 incerta
1847 5310 2091 5380 opinioni
2123 5308 2206 5365 Cl.
2245 5309 2563 5365 Eichhornii
2600 5308 2825 5373 accedo,
2866 5310 2962 5379 qui
3002 5326 3134 5369 vero
3168 5316 3424 5385 propiora
3472 5316 3744 5387 colligens.

494 5429 733 5483 veroque
761 5410 1011 5483 proxima
1046 5423 1307 5479 sequens,
1352 5410 1653 5465 arbitratur
1696 5408 1798 5478 (l),
1851 5405 2103 5461 Paullum
2142 5404 2488 5460 Alexandriae
2531 5402 2883 5474 Episcopum,
2921 5404 3193 5461 versionis
3234 5404 3745 5477 Syriaco-Hexapla—

494 5508 573 5564 ris
602 5505 693 5561 IV.
724 5504 844 5562 Lib.
876 5502 1103 5575 Regum,
1132 5501 1188 5556 in
1228 5499 1565 5556 Bibliotheca
1593 5497 1762 5571 Regia
1785 5495 2085 5554 Parisiensi
2113 5494 2309 5561 obvize,
2342 5503 2397 5551 et
2428 5508 2458 5549 a
2488 5507 2575 5549 me
2609 5492 2788 5563 etiam
2833 5493 3139 5568 descriptae,
3172 5505 3454 5553 auctorem
3501 5494 3603 5567 (εἰ),
3636 5495 3746 5552 loco

569 5690 648 5758 (ι)
687 5688 901 5758 κειμενα,
939 5688 970 5741 7
1003 5686 1104 5743 Th.
1135 5702 1186 5755 ιι.
1219 5684 1346 5758 2:25.

571 5752 646 5828 (2)
681 5752 853 5813 Brutis
886 5757 1105 5829 Repcrt.
1138 5752 1194 5813 8.
1233 5754 1336 5812 Th.
1382 5770 1435 5824 p.
1470 5752 1559 5809 85.
