3902 6530
182 392 322 451 ποι
778 405 788 414 ·
1669 399 2064 459 υηγλτιο.
3322 427 3462 486 ,ωε

181 507 541 604 ριιὶὁθηι-συί
591 509 840 565 muneris
869 521 966 580 per
993 525 1236 569 errorem
1270 514 1630 587 scriptorum,
1663 535 1772 575 non
1823 537 1956 578 vero
1991 539 2226 594 persona
2264 529 2332 584 ad
2387 529 2548 587 Iidem
2597 535 2862 592 lectorum
2917 538 3194 598 diversum
3229 542 3399 603 fuisse
3431 565 3462 604 a

180 597 378 712 Eat-III?
400 598 892 712 zelaE-I‘Epuiscopo.
927 606 1018 712 eui
1070 609 1340 709 .Asseman
1374 613 1682 712 versionem
1921 619 2279 712 interpretum
2311 627 2455 695 apud
2509 626 2678 700 Syros
2716 647 2782 686 ex
2811 642 2962 690 certo
3001 597 3460 712 tribuit,cui;ue

178 701 242 796 et
266 705 371 744 nos
399 689 701 745 Masianam
738 700 794 796 et
828 692 1250 796 Ambrosianam
1288 717 1354 756 ex
1386 702 1658 771 probabili
1690 706 2036 763 tribuendam
2068 689 2362 780 putamus:
2382 689 2569 786 Eque
2608 725 2864 796 ambigua
2915 689 3249 792 esthcodigis

68 843 71 848 -
177 791 897 892 f‘f‘ﬁj_‘j“§fﬂ‘f"j‘
937 791 1238 850 ¹¹ίί⁰¹’³¹’¹¹¹”
1271 800 1462 892 διξθῖῘῆ
1501 810 1556 855 ει
1599 799 1776 892 tofm?
1809 805 2131 892 δεδιῖηὶθηάθ
2189 809 2316 876 erit.
2350 825 2515 882 supra
2567 823 2827 878 saeculum
2881 837 3134 884 octavum
3168 836 3486 892 repetenda

214 873 226 884 ,
382 847 397 852 ⁷
587 872 598 883 ,
807 874 820 886 ,
868 875 879 886 ,
1121 847 1129 849 “
1156 847 1159 848 ⁷
1190 847 1235 850 “”
1272 847 1452 898 "rw"
1506 847 1555 855 "
1600 847 1674 857 ’ν’
1691 847 1776 858 """
1809 847 2131 862 “""""'"‘""
2190 847 2239 863 ν’
2256 847 2316 876 ην
2350 847 2515 882 υυμια
2567 847 2827 878 autcum"!
2881 847 3134 884 OCIavum
3168 847 3460 903 τερρωηαε

185 871 421 926 ridetur.
453 869 669 977 Certtus
694 883 777 926 est
805 873 952 977 lIIlus
985 896 1203 948 nomen,
1239 901 1332 954 qui
1370 886 1536 957 hujus
1563 889 1773 944 codicis
1796 905 1862 945 ex
1893 891 2024 946 Asia
2065 893 2122 947 in
2149 893 2420 968 Europam
2448 906 2808 965 transferendi
2844 917 3078 973 consilio
3107 928 3162 973 et
3197 897 3481 977 beneficio"

177 971 416 1042 gratiam
445 969 786 1040 posteritatis
825 969 1027 1026 inierit.
1067 971 1376 1031 Cardinalis
1408 987 1493 1032 est
1529 979 1894 1046 Borromzeus,
1941 982 2027 1036 vir
2074 985 2377 1057 singularis
2409 996 2664 1064 exempli.
2699 1000 2814 1068 qui,
2871 969 2976 1060 alia
3022 969 3482 1082 orientis-pra;

181 1069 539 1124 stantissima
575 1075 637 1123 ut
666 1075 902 1132 taceam,
947 1069 1048 1124 hoc
1079 1071 1382 1141 exemplar,
1423 1073 1658 1164 eoenohii
1685 1073 1990 1139 Chaldaici,
2024 1055 2198 1135 sacris
2229 1079 2313 1138 St.
2361 1082 2546 1141 Mariae
2569 1055 2837 1153 Iac'iendi's

175 1167 277 1221 tim
311 1164 577 1232 dedicati,
608 1165 856 1237 priscum
905 1163 1226 1220 thesaurum
1262 1203 1278 1229 ,
1309 1177 1376 1217 ex
1427 1160 1667 1234 Egypto
1725 1164 1780 1219 in
1813 1165 2196 1224 Ambrosianae
2242 1169 2598 1233 Bibliotheca
2643 1195 3032 1246 ornamentum
3073 1160 3463 1252 liberalissime

175 1261 544 1329 comparavit.
1399 1263 1415 1290 ”·
1762 1264 1767 1269 ’

245 1353 492 1425 Imagine
531 1352 741 1452 codicis
763 1350 938 1452 nostri
957 1349 1502 1452 breviterOespressa,
1527 1349 1825 1452 sequi-tur,“
1832 1363 1888 1407 ut
1944 1353 2032 1452 de
2057 1353 2250 1411 Latina
2287 1367 2477 1415 nostra
2507 1364 2764 1424 versione
2789 1373 2988 1440 paucis
3020 1375 3229 1447 dicam,
3267 1379 3325 1434 in
3356 1395 3461 1452 qua

177 1420 563 1515 componenda
616 1444 790 1515 Syrus
837 1442 1112 1512 interpres
1145 1440 1282 1496 mihi
1335 1441 1441 1495 fuit
1477 1442 1752 1513 exemplo.
1785 1442 2266 1509 Quemadmodum
2321 1448 2413 1504 ille
2437 1420 2982 1534 Gracumvestigiis
3268 1420 3464 1536 QZ“;

176 1541 584 1600 consuetudine
611 1541 696 1595 sui
733 1539 1006 1595 sermonis
1052 1537 1210 1610 longe
1256 1538 1542 1603 recedens,
1575 1539 1652 1594 ila
1679 1555 1780 1610 ego
1824 1538 2046 1613 Syrum.
2077 1543 2135 1599 in
2167 1545 2360 1602 eadem
2393 1563 2476 1615 re,
2519 1552 2692 1621 magis
2730 1566 2878 1614 recte
2906 1559 3140 1629 legendi.
3180 1579 3344 1635 quam
3373 1580 3469 1620 or-

175 1649 307 1692 nate
333 1635 583 1690 vertendi
606 1635 878 1690 rationem
905 1642 1206 1704 spectante.
1233 1635 1278 1689 si
1309 1637 1490 1690 minus
1516 1633 1710 1691 Latine
1734 1635 2080 1703 imitandum,
2109 1649 2292 1694 tamen
2322 1643 2693 1701 aemulandum
2717 1653 2852 1712 mihi
2874 1659 3159 1728 proposui.
3277 1669 3462 1715 autem

175 1735 402 1792 diiiicile
449 1742 555 1798 est,
586 1731 665 1788 rei
703 1732 998 1802 proxime,
1046 1727 1442 1804 difﬁcillimum,
1463 1734 1597 1788 mihi
1631 1733 1752 1802 fuit,
1794 1736 2177 1792 remotissimae
2201 1739 2624 1799 similitudinem
2657 1760 2724 1802 ex
2753 1727 2887 1801 vero
2920 1745 3193 1818 eﬂlngere,
3224 1756 3279 1802 et
3301 1761 3466 1818 voces

177 1832 461 1903 Syriacas,
516 1843 638 1900 quae
683 1825 902 1882 licentia
941 1825 1260 1880 vestustatis
1291 1824 1533 1887 obcurae,
1565 1824 1725 1894 copia
1778 1825 2244 1896 signiﬁcationum
2285 1830 2595 1903 ambiguae,
2641 1843 2696 1889 et
2745 1850 2845 1906 pro
2881 1815 3137 1892 orientali
3187 1815 3462 1894 scribendi

178 1941 402 1998 genere,
432 1925 580 1978 inter
604 1931 857 1977 nostrum
878 1929 934 1976 et
956 1916 1435 1988 Hieroglyphieum
1459 1916 1659 1979 medio,
1682 1917 1736 1971 in
1769 1918 1915 1973 notis
1941 1919 2245 1988 prasertim
2271 1931 2328 1976 et
2351 1931 2508 1977 extra
2541 1925 2737 1980 seriem
2761 1929 3032 1986 orationis
3057 1929 3210 1986 vario
3241 1929 3460 2000 legendi

174 2035 232 2078 et
257 2017 651 2091 interpretandi
678 2013 910 2072 arbitrio
935 2013 1190 2068 obnoxiae
1219 2020 1370 2075 sunt,
1400 2011 1628 2066 totidem
1657 2009 1872 2066 Latinis
1901 2012 2148 2082 ejusdem
2176 2013 2260 2069 vis
2282 2024 2336 2070 et
2367 2019 2659 2086 potestatis
2683 2019 3108 2091 exprimerem.
3141 2019 3235 2076 Sic
3261 2020 3460 2076 harum

174 2127 506 2172 caussarum
543 2123 762 2166 errores
790 2122 926 2163 mea:
960 2105 1193 2161 inscitiae
1213 2144 1228 2168 ,
1257 2104 1501 2174 reliquos
1533 2119 1685 2170 vero,
1725 2118 1866 2175 quos
1893 2105 2320 2162 transcribendo
2348 2110 2624 2178 commisi,
2665 2121 2719 2168 et
2752 2127 2893 2183 quos
2935 2119 3246 2183 suspectos,
3281 2112 3462 2167 mani-

177 2211 376 2274 festos,
411 2215 561 2262 metu
588 2205 787 2260 iterum
813 2200 1033 2257 errandi
1061 2215 1168 2254 non
1190 2199 1428 2263 correxi,
1466 2213 1603 2255 meae
1628 2198 1858 2257 incuriae
1889 2201 2122 2265 tribues,
2159 2209 2215 2258 et
2239 2211 2364 2259 cum
2399 2202 2524 2258 illos
2551 2215 2772 2275 pr0pter
2803 2206 2880 2260 rei
2908 2205 3308 2271 dimcultatem,
3337 2214 3454 2260 tum

176 2305 282 2358 hos
315 2307 541 2371 propter
575 2294 836 2366 temporis
869 2293 923 2346 in
952 2291 1112 2361 copia
1143 2289 1354 2345 codicis
1380 2288 1632 2345 facienda
1663 2289 1984 2346 brevitatem
2017 2293 2331 2349 excusabis.
2361 2291 2616 2349 Profecto
2654 2309 2763 2351 non
2812 2304 3021 2351 tantum
3050 2313 3078 2352 a
3109 2312 3220 2365 me,
3256 2296 3352 2366 qui
3383 2296 3465 2366 ip-

177 2411 306 2451 sum
327 2393 576 2450 codicem
633 2402 734 2443 nec
765 2394 948 2448 antea,
980 2391 1216 2452 urgente
1243 2395 1364 2436 meo
1405 2382 1460 2436 in
1482 2381 1750 2436 orientem
1782 2382 1998 2448 itinere,
2024 2391 2198 2438 totum
2225 2399 2350 2439 cum
2371 2393 2562 2440 nostro
2583 2387 2876 2456 exemplari
2902 2385 3219 2444 conferendi
3247 2397 3464 2456 tempus

174 2492 371 2552 habui,
401 2503 502 2543 nec
525 2487 638 2558 jam
668 2499 734 2538 ex
765 2490 921 2553 parte
949 2477 1269 2533 consulendi
1305 2477 1652 2544 occasionem
1691 2475 1889 2543 habeo,
1920 2478 2251 2546 postulabis,
2276 2488 2543 2549 quantum
2577 2479 2649 2535 ab
2685 2491 2879 2534 eorum
2904 2478 3102 2534 studiis
3124 2487 3178 2535 et
3203 2478 3458 2552 ingeniis,

151 2574 384 2654 ‘qnihus
418 2581 584 2649 hujus
621 2576 910 2644 utriusque
943 2573 1160 2628 fortuna
1187 2571 1499 2644 contigerit,
1529 2571 1894 2642 exspectabis.

247 2677 333 2732 Ad
361 2676 616 2730 ultimum
643 2673 710 2726 de
739 2668 948 2725 codicis
977 2666 1151 2721 nostri
1186 2683 1313 2730 usu,
1337 2666 1432 2736 qui
1464 2665 1658 2720 melius
1684 2664 1849 2720 asuis
1880 2662 2070 2728 rebus,
2111 2678 2278 2734 quam
2308 2664 2515 2721 nostris
2543 2665 2729 2723 verbis
2754 2665 3197 2736 cognoscendus,
3229 2665 3463 2737 integri»

177 2775 278 2828 tati
318 2770 571 2827 Ilebraici
605 2777 790 2824 textus
821 2774 1006 2822 vetera
1033 2766 1371 2830 testimonia,
1405 2765 1553 2821 vitiis
1587 2763 1731 2818 LXX
1761 2765 2120 2835 interpretum
2144 2779 2285 2820 nova
2308 2763 2648 2831 remedia,et
2680 2781 2805 2822 cum
2841 2761 3244 2820 liontfauconis
3279 2761 3460 2818 Hexa-

176 2869 287 2938 plis
318 2874 429 2920 tum
453 2863 697 2936 Syriacis
720 2860 1160 2918 Nomenclaturis
1189 2874 1388 2929 magna
1427 2859 1764 2913 incrementa
1794 2861 1849 2912 in
1883 2857 2064 2914 fronte
2088 2857 2376 2929 promittit,
2412 2866 2468 2914 et
2489 2859 2546 2914 in
2578 2875 2796 2916 recessu
2851 2859 3017 2927 fovet,
3048 2858 3219 2914 multa
3255 2857 3456 2942 habeo.

175 2973 302 3029 quae
330 2955 592 3020 dicerem,
625 2953 729 3008 nisi
760 2955 1041 3024 proposita
1072 2949 1371 3007 voluminis
1403 2956 1456 3004 et
1484 2947 1643 3019 pretii
1673 2949 1995 3017 magnitudo
2029 2949 2162 3004 mihi
2199 2959 2348 3005 esset
2375 2949 2794 3020 impedimento.
2828 2950 2995 3022 Igitur
3023 2965 3146 3006 cum
3178 2966 3246 3005 ex
3292 2949 3462 3003 innu-

177 3051 350 3107 meris
375 3047 639 3104 nonnulla
671 3046 836 3116 hujus
880 3043 1152 3100 versionis
1199 3042 1342 3105 loca,
1371 3054 1493 3111 qua:
1526 3039 1594 3094 ab
1621 3037 1915 3111 HeXaplari
1973 3049 2088 3096 tum
2148 3039 2554 3098 Montfauconis
2609 3058 2772 3112 Opere
2827 3052 2941 3098 tum
2977 3042 3165 3098 Grabii
3219 3040 3460 3097 editione

176 3158 378 3199 vocum
426 3149 481 3197 et
514 3141 797 3212 signorum
840 3154 1097 3204 numero,
1135 3138 1309 3194 forma
1339 3145 1394 3190 et
1419 3136 1539 3191 loco
1560 3133 1840 3202 dill'erunt,
1874 3135 2081 3190 atl'atim
2119 3136 2393 3207 explicare
2427 3152 2537 3194 non
2570 3137 2750 3205 liceat,
2804 3154 2867 3194 ea
2911 3139 2965 3192 in
2997 3150 3317 3209 opportuna
3344 3137 3460 3193 σοιν

175 3235 402 3290 Iationis
429 3232 642 3303 copiam
691 3237 747 3286 et.
793 3232 909 3287 veri
956 3247 1019 3286 ac
1049 3230 1171 3287 falsi
1223 3227 1519 3284 discrimen
1551 3226 1875 3281 nominatim
1922 3227 2126 3282 citasse
2175 3227 2391 3298 juvabit
2440 3243 2472 3284 e
2510 3227 2644 3285 solis
2685 3224 2904 3285 duobus
2937 3228 3092 3284 libris
3131 3239 3272 3299 quos
3310 3241 3461 3283 nunc

177 3329 420 3384 edimus.

250 3419 458 3475 Jerem.
489 3419 607 3474 1.8.
631 3417 696 3472 Il.
730 3419 816 3474 17.
841 3415 931 3472 29.
967 3414 1055 3470 Ill.
1089 3415 1144 3470 5.
1180 3413 1272 3470 IV.
1304 3413 1356 3468 1.
1389 3409 1456 3467 V.
1496 3410 1586 3466 15.
1626 3409 1713 3465 16.

1916 3409 1951 3466 l.
1987 3411 2041 3467 2.
2070 3411 2156 3466 15.
2197 3410 2288 3466 22.
2319 3411 2424 3466 VII.
2461 3413 2547 3476 1ορ
2579 3412 2666 3470 11.
2695 3412 2836 3470 VIII.
2859 3414 2916 3470 2.
2946 3413 3000 3470 7.
3035 3412 3120 3470 19.
3153 3412 3243 3469 IX.
3269 3413 3360 3470 26.
3387 3413 3457 3469 X.

177 3509 234 3567 9.
271 3510 358 3567 18.
387 3508 532 3565 XIII.
562 3510 648 3564 10.
677 3507 912 3563 XIV.15.
949 3508 1037 3563 15.
1067 3504 1186 3560 XV.
1212 3505 1301 3560 11.
1332 3501 1475 3560 XVI.
1505 3502 1562 3559 ι.
1597 3501 1718 3558 XVI

1948 3503 2041 3558 23.
2074 3501 2218 3559 XIX.
2254 3505 2341 3560 11.
2373 3504 2520 3561 XXI.
2555 3507 2609 3562 5.
2640 3504 2800 3565 XXII.
2833 3507 2920 3565 18.
2942 3507 3034 3566 29.
3062 3507 3152 3564 50.
3186 3507 3373 3564 XXIII.
3404 3507 3458 3565 8.

189 3607 276 3661 10.
301 3605 499 3662 XXIX.
533 3606 620 3660 15.
663 3602 905 3660 XXXIII.
959 3604 1044 3658 I6.
1078 3600 1298 3658 XXXV.
1332 3601 1388 3658 5.
1423 3599 1666 3657 XXXVI.
1696 3599 1748 3654 1.
1790 3597 1929 3655 XLI.
1967 3601 2022 3656 9.
2055 3600 2142 3656 15.
2172 3599 2404 3656 XLVIII.
2451 3603 2536 3658 15.
2573 3603 2759 3660 50.45.
2790 3601 3028 3662 Hezech.
3061 3602 3123 3659 V.
3154 3604 3242 3661 15.
3277 3603 3364 3659 VI.
3402 3604 3458 3662 6.

183 3697 237 3752 9.
275 3697 362 3752 10.
385 3687 551 3752 XVII.
583 3697 675 3752 20.
701 3696 792 3752 21.
821 3694 1007 3753 XVIII.
1037 3695 1091 3752 4.
1129 3693 1216 3800 1:1.
1247 3696 1302 3752 6.

250 3878 303 3958 (1
316 3877 626 3958 )__Gra:cnm
658 3875 953 3958 articulum
985 3877 1415 3958 praepositivum,
1467 3893 1629 3958 quem
1671 3875 2136 3958 Origon_es_textui
2185 3878 2815 3958 LXXvirali_aliquand_o
2861 3878 3147 3958 praemisso
3190 3879 3461 3958 asterisco

180 3947 636 4028 a_ild'idit,'noster
664 3961 758 4015 per
781 3947 1028 4028 litteram
1069 3947 1275 4028 Lomad
1303 3947 1594 4028 expressit,
1625 3947 1795 4028 gnam
1837 3949 2083 4028 Norberg
2130 3965 2227 4028 per
2254 3950 2464 4028 ad,_vel
2495 3951 2564 4028 is,
2594 3947 2678 4016 ea,
2725 3951 2804 4028 id)
2831 3947 3090 4014 reddidit,
3127 3963 3230 4005 nos
3263 3949 3459 4028 litteris

179 4017 390 4099 Graecis
417 4015 625 4098 Latinae
649 4018 890 4099 versioni
926 4018 1300 4099 inseruimus;
1334 4015 1480 4099 quod
1508 4015 1711 4077 rectius
1735 4034 1857 4078 esse
1893 4019 2011 4092 ipse
2040 4015 2251 4080 codicis
2285 4021 2462 4079 editor
2493 4021 2732 4094 ingenue
2763 4015 2947 4080 fassus
2993 4029 3078 4078 est
3105 4034 3165 4078 se
3204 4020 3455 4099 animad-

177 4088 418 4146 uertisse
441 4088 710 4158 impresso
741 4088 856 4159 jam
875 4103 1040 4161 opere
1062 4105 1184 4148 suo.
1219 4088 1418 4148 Dracli.
1733 4127 1746 4140 .
1915 4088 1932 4092 ⁷
2557 4088 2582 4094 ⁷
2737 4151 2748 4156 η
3074 4134 3090 4148 .
3251 4089 3257 4100 ’

466 5885 744 5950 Pstaoe.‘
767 5887 884 5950 Gn.
920 5889 1091 5950 XVI.
1595 5943 1616 5954 ,
3057 5888 3142 5952 73
