3902 6512
460 364 602 419 2305

1630 364 1857 421 CODEX
1902 364 2581 427 SYRD-HEXAI’LARIS.

3580 367 3703 427 ὕοι

1456 646 2151 739 PROPHETIA
2221 650 2786 738 JEllEMle

1436 848 1813 910 SECUNDUM
1874 850 2280 909 VERSIUNEM
2349 849 2828 907 LXXVIRALEM.

2232 1112 2253 1144 \

536 1174 670 1245 Cap.
698 1170 868 1231 l.-—-l.
890 1169 1216 1245 (tt)Verbum
1250 1188 1309 1230 -ι-
1334 1172 1427 1228 Dei
1451 1173 1596 1244 quod
1612 1171 1813 1228 factum
1837 1177 1917 1225 est
1937 1168 1961 1236 1
1982 1167 2045 1221 ad

2162 1181 2413 1221 manuum
2447 1184 2694 1222 suarum.
2731 1167 2817 1221 17.
2855 1166 2922 1222 Ει
2952 1179 3010 1225 ιιι
3053 1166 3330 1240 ρτεοίηκθ
3364 1170 3514 1226 latus
3555 1179 3717 1232 tuum.

466 1269 759 1325 Jeremiam
809 1267 976 1323 ﬁlium
1027 1267 1245 1330 Helciaa,
1282 1282 1349 1321 ex
1402 1267 1802 1332 sacerdOtibus,
1841 1278 1900 1318 ἀ-
1955 1261 2049 1332 qui

470 1360 755 1425 habitabat
784 1361 807 1430 1
837 1361 892 1415 itt
919 1360 1194 1417 Anathoth
1228 1360 1281 1414 in
1308 1370 1452 1415 terra
1472 1356 1761 1430 Benjamin
1791 1377 1803 1411 :
1827 1355 1881 1409 2.
1905 1352 2052 1424 quod

466 1453 674 1510 factum
707 1461 794 1508 est
823 1451 1050 1506 verbum
1103 1450 1176 1521 (b)
1228 1449 1441 1504 Domini
1472 1449 1539 1503 ad
1584 1463 1708 1503 enm
1755 1446 1810 1500 in
1861 1444 2053 1499 diebus

468 1542 636 1600 Josiae
667 1543 762 1599 ﬁlii
804 1544 982 1598 Amon
1033 1542 1173 1612 regis
1205 1539 1380 1608 Judre,
1438 1554 1583 1595 anno
1623 1538 1787 1594 tertio
1837 1536 2054 1591 decimo

471 1638 526 1691 in
558 1646 727 1705 regno
762 1636 905 1706 ejus.
959 1635 1013 1688 5.
1047 1632 1109 1689 Et
1156 1632 1356 1687 factum
1391 1641 1477 1687 est
1512 1634 1566 1685 in
1603 1630 1798 1684 diebus
1842 1626 2053 1681 Joacim

471 1727 567 1779 lilii
598 1725 765 1782 .losia:
807 1726 952 1794 regis
999 1723 1174 1787 Judze,
1208 1739 1385 1794 usque
1417 1724 1482 1777 ad
1532 1723 1693 1777 ﬁnem
1726 1720 1854 1774 anni
1883 1719 2054 1774 unde-

470 1815 598 1870 cimi
630 1814 874 1870 Sedecia:
903 1814 997 1868 lilii
1023 1812 1191 1868 Josize
1224 1813 1368 1883 regis
1402 1810 1581 1873 Judm,
1635 1824 1811 1879 usque
1861 1808 1928 1861 ad
1982 1806 2055 1875 (ε)

470 1908 842 1978 captivitatem
896 1905 1200 1961 Jerusalem
1251 1905 1307 1959 in
1369 1918 1557 1958 mense
1605 1902 1817 1972 quinto.
1868 1899 1922 1953 4.
1956 1895 2056 1970 ‘Et

473 2000 676 2057 factum
732 2008 823 2054 est
870 2001 1096 2054 verbum
1134 1997 1352 2052 Domini
1403 1996 1469 2049 ad
1520 2010 1632 2060 me,
1686 1993 1877 2048 dicens
1930 2008 1944 2044 :
1997 1989 2050 2042 5.

472 2092 799 2160 Priusquam
836 2090 1094 2159 lingerem
1136 2098 1187 2143 te
1234 2088 1288 2140 in
1326 2096 1502 2149 utero,
1551 2085 1677 2139 novi
1717 2093 1791 2146 te,
1819 2090 1874 2136 et
1896 2092 2054 2136 ante-

474 2198 638 2254 quam
675 2182 927 2252 prodires
964 2196 996 2235 e
1025 2181 1211 2241 vulva,
1240 2177 1576 2234 sanctiﬁcavi
1619 2184 1693 2239 te,
1731 2175 2053 2243 prophetam

477 2280 530 2330 in
559 2274 813 2345 gentibus
847 2271 1109 2327 constitui
1147 2279 1218 2325 te.
1263 2268 1320 2323 6.
1362 2267 1430 2321 Et
1473 2267 1583 2323 dixi
1642 2285 1656 2321 :
1706 2265 1783 2335 (ά)
1830 2265 1925 2318 ille
1961 2264 2056 2333 qui

473 2374 558 2420 est
587 2364 873 2428 Dominus,
910 2361 1160 2426 Domine,
1196 2374 1325 2414 ecce
1352 2374 1461 2414 non
1494 2358 1797 2413 instructus
1833 2370 1952 2410 sum
1986 2354 2056 2409 ad

473 2453 834 2523 loquendum,
878 2450 1139 2520 quoniam
1177 2462 1312 2518 puer
1343 2462 1445 2516 ego
1490 2461 1634 2501 sum.
1690 2445 1742 2498 7.
1806 2446 1871 2499 Et
1914 2444 2053 2498 dixit

2152 1244 2207 1313 et
2239 1272 2422 1326 surge,
2459 1265 2514 1312 et
2542 1259 2633 1313 dic
2672 1259 2740 1313 ad
2764 1273 2863 1313 eos
2891 1259 3099 1322 omnia,
3149 1274 3516 1330 quaecumque
3544 1264 3609 1327 Χ
3632 1276 3719 1330 ego

2158 1350 2181 1420 1
2217 1364 2529 1422 praecepero
2557 1349 2675 1405 tibi.
2713 1350 2792 1422 (η)
2819 1349 2897 1405 Ne
2930 1350 3124 1405 timeas
3165 1366 3195 1406 a
3226 1350 3368 1406 facie
3397 1366 3614 1415 eorum,
3655 1354 3718 1421 (ο)

2154 1457 2224 1497 ne
2263 1441 2610 1497 terrefaciam
2647 1450 2700 1498 te
2724 1456 2915 1497 coram
2949 1444 3067 1510 eis;
3095 1442 3225 1513 quia
3256 1451 3439 1498 tecum
3470 1459 3575 1511 ego
3595 1457 3719 1505 sunt,

2153 1533 2220 1587 ad
2257 1532 2601 1602 eripiendum
2644 1540 2716 1598 te,
2744 1533 2877 1589 dicit
2904 1532 3195 1592 Dominus.
3243 1533 3330 1589 18.
3369 1537 3439 1602 χ(
3482 1534 3598 1603 Ego
3638 1549 3722 1589 au-

2154 1632 2261 1678 tem
2299 1624 2321 1693 1
2356 1639 2486 1679 ecce
2510 1626 2666 1695 posui
2701 1635 2752 1682 te
2786 1626 2839 1679 in
2866 1624 2954 1680 die
2987 1625 3275 1692 hodierno,
3314 1636 3376 1681 ut
3403 1626 3598 1680 urbem
3621 1641 3724 1679 tnu-

2155 1716 2351 1777 nitam,
2388 1718 2455 1784 χ(
2489 1727 2545 1770 et
2599 1719 2654 1772 in
2708 1719 3022 1774 columnam
3076 1717 3207 1772 ferri
3241 1718 3298 1787 1,
3330 1724 3389 1774 et
3422 1726 3485 1771 ttt
3522 1733 3722 1779 murum

2156 1806 2428 1860 munitum
2459 1808 2588 1862 atris
2620 1806 2698 1878 (ρ)
2723 1809 2985 1861 omnibus
3004 1808 3239 1885 regibus
3258 1807 3434 1875 Juda’,
3458 1817 3516 1863 et
3536 1809 3725 1878 princi-

2155 1898 2315 1968 pibus
2335 1899 2477 1968 ejus,
2518 1903 2586 1969 )t(
2625 1908 2682 1955 et
2706 1901 3091 1956 sacerdotibus
3131 1917 3321 1956 eorum
3349 1902 3407 1970 1.
3442 1914 3499 1956 et
3546 1902 3728 1971 p0pulo

2159 2001 2341 2048 terrm.
2381 1993 2467 2049 19.
2498 1991 2566 2048 Ει
2595 1994 2916 2064 pugnabunt
2943 2009 3069 2048 cum
3109 2003 3183 2059 te,
3230 2002 3286 2047 et
3327 2009 3438 2047 non
3488 1992 3728 2061 praevale-

2156 2081 2296 2136 bunt
2325 2083 2588 2138 adversus
2620 2092 2707 2149 te;
2744 2082 2874 2153 quia
2923 2094 3101 2139 tecum
3142 2099 3266 2138 sum
3295 2097 3419 2153 ego,
3463 2081 3603 2137 dicit
3638 2082 3728 2136 Do-

2158 2176 2364 2241 minus,
2395 2177 2464 2230 ad
2498 2176 2844 2246 eripiendum
2875 2185 2947 2231 te.

2229 2267 2363 2337 Cap.
2391 2266 2598 2323 ll.-—l.
2634 2269 2701 2335 ᾖε(
2732 2266 2797 2320 Et
2820 2266 3026 2323 factum
3052 2275 3137 2324 est
3165 2267 3394 2323 verbum
3430 2266 3641 2321 Domini
3670 2267 3729 2320 a1

2158 2371 2268 2419 me,
2330 2356 2569 2411 dicens:
2607 2355 2662 2410 2.
2707 2353 2858 2411 Vade
2924 2357 2997 2427 (ιι)
3034 2368 3092 2412 et
3133 2356 3249 2427 lege
3301 2357 3357 2410 in
3402 2356 3634 2411 auribus
3683 2356 3732 2411 li-

2159 2446 2358 2502 liorum
2387 2446 2721 2510 Jerusalem.
2770 2457 2824 2503 et
2858 2448 2948 2503 dic
2995 2450 3017 2517 1
3045 2491 3060 2515 ,
3086 2446 3216 2504 Hec
3252 2448 3391 2503 dicit
3421 2447 3681 2503 Dominus
3716 2469 3729 2504 :

480 2544 744 2599 Dominus
779 2542 848 2597 ad
893 2556 981 2596 me
1027 2559 1039 2595 :
1098 2538 1176 2594 Ne
1220 2540 1393 2604 dicas,
1429 2536 1576 2607 quod
1609 2552 1744 2607 puer
1769 2553 1870 2608 ego
1898 2552 2054 2602 sum;
2089 2533 2127 2587 Β
2159 2537 2502 2591 Recordatns
2534 2553 2656 2593 sum
2705 2539 2804 2593 tibi
2853 2540 3294 2595 misericordiam
3326 2540 3584 2609 pueritiae
3617 2553 3732 2605 tuac,

476 2635 606 2705 quia
650 2633 717 2688 ad
750 2624 943 2687 omn’es
982 2646 1101 2699 eos,
1137 2630 1204 2684 ad
1251 2644 1391 2698 quos
1450 2628 1656 2683 misero
1705 2638 1778 2690 te.
1829 2627 1953 2689 ibis,
2004 2636 2059 2680 et

470 2725 633 2795 juxta
667 2724 875 2785 omnia,
923 2736 1047 2789 quae
1087 2730 1398 2790 praecepero
1441 2718 1564 2782 tibi,
1595 2716 1856 2787 loqueris.
1890 2715 1943 2771 8.
1983 2714 2060 2770 Ne

480 2817 677 2870 timeas
711 2829 741 2868 a
765 2812 903 2868 facie
926 2827 1141 2876 eurum,
1178 2827 1247 2854 σι’
1281 2818 1335 2864 et
1369 2824 1434 2863 ne
1458 2809 1855 2865 commovearis
1876 2823 2057 2862 coram

473 2904 561 2963 eis
594 2908 651 2976 1;
674 2907 801 2977 quia
838 2913 1019 2959 tecum
1051 2918 1152 2974 ego
1177 2918 1322 2966 sum,
1359 2902 1425 2957 ad
1461 2902 1804 2970 eripiendum
1831 2910 1903 2966 te,
1926 2900 2060 2955 dicit

471 3000 767 3057 Dominus.
810 2998 864 3054 9.
903 2998 968 3052 Et
1014 2996 1257 3051 extendit
1309 2994 1577 3050 Dominus
1627 3010 1849 3049 manum
1900 3010 2058 3049 suam

479 3091 549 3145 ad
579 3104 688 3153 me,
719 3097 773 3144 et
801 3087 1256 3158 appropinquavit
1280 3086 1361 3141 ori
1393 3103 1532 3150 meo,
1565 3095 1619 3142 et
1637 3085 1775 3140 dixit
1800 3086 2062 3141 Dominus

468 3182 550 3236 .ad
588 3195 675 3236 me
715 3197 728 3234 :
762 3177 904 3234 Ecce
949 3178 1071 3233 dedi
1116 3178 1280 3233 verba
1328 3193 1447 3232 mea
1492 3176 1546 3230 in
1597 3191 1662 3232 os
1713 3184 1866 3231 tuum
1904 3194 1919 3232 :
1972 3176 2058 3232 10.

478 3272 623 3328 Ecce
654 3271 915 3326 constitui
949 3279 1002 3325 te
1036 3269 1107 3340 (ρ)
1145 3269 1306 3324 hodie
1350 3284 1514 3339 super
1553 3277 1762 3338 gentes,
1795 3277 1849 3322 ct
1873 3284 2059 3339 regna,

460 3364 550 3418 ad
574 3362 986 3432 extirpandum,
1018 3371 1074 3416 et
1101 3362 1168 3417 ad
1196 3361 1578 3426 avertendum,
1618 3366 1684 3431 )a(
1724 3370 1780 3416 et
1817 3361 1884 3416 ad
1926 3378 2063 3430 per-

480 3456 744 3518 dentium,
775 3464 825 3508 et
854 3453 925 3507 ad
956 3452 1350 3508 destruendum
1379 3451 1403 3522 1
1428 3490 1443 3515 ,
1473 3462 1528 3506 ct
1556 3454 1620 3507 ad
1654 3453 2058 3519 aediﬁcandum,

480 3557 538 3603 et
570 3546 639 3601 ad
667 3544 1044 3617 plantandum.
1077 3544 1164 3598 il.
1197 3541 1258 3597 Et
1308 3543 1513 3598 factum
1545 3554 1630 3599 est
1670 3545 1894 3596 verbum
1953 3541 2060 3596 Do.

476 3636 617 3693 nini
660 3639 725 3692 ad
776 3653 883 3700 me,
920 3634 1109 3689 dicens
1140 3654 1155 3689 :
1189 3634 1328 3701 Quid
1383 3643 1441 3689 tu
1489 3635 1661 3700 vides,
1691 3633 1966 3688 Jeremia?
1997 3634 2061 3688 Et

464 3730 594 3786 ~dixi
633 3745 647 3783 :
699 3728 958 3783 Baculum
1015 3728 1082 3797 (Γ)
1128 3729 1285 3783 nucis
1336 3731 1403 3796 χ
1449 3743 1551 3798 ego
1600 3729 1759 3781 video
1791 3730 1838 3797 1.
1875 3728 1961 3781 l2.
1995 3727 2063 3782 Et

478 3823 617 3878 dixit
640 3821 708 3876 ad
745 3837 831 3877 me
868 3819 1174 3877 Dominus:
1204 3820 1350 3875 Bene
1379 3819 1596 3887 vidisti;
1643 3820 1773 3890 quia
1810 3822 1883 3891 (g)
1929 3821 2063 3890 vigi-

470 3916 590 3971 lavi
622 3929 725 3983 ego
760 3929 924 3984 super
949 3912 1114 3968 verba
1143 3927 1286 3976 mea,
1319 3912 1387 3967 ad
1416 3882 1726 3968 faciendum
1758 3882 2058 3968 earlivEt

2166 3904 2360 3959 mortis
2405 3904 2426 3974 1
2451 3946 2467 3972 ,

473 4008 686 4061 {aetum
725 4015 812 4062 est
860 4006 1086 4061 verbum
1129 4004 1347 4060 Domini
1393 4006 1461 4059 ad
1509 4019 1599 4061 me
1639 4006 1879 4061 secunda
1918 4006 2058 4070 vice,

478 4101 672 4156 dicens
704 4118 718 4153 :
755 4097 897 4165 Quid
930 4107 986 4152 tu
1023 4098 1218 4153 vides?
1245 4096 1312 4151 Et
1336 4098 1450 4153 dixi
1487 4114 1502 4153 :
1536 4095 1711 4160 Ollam
1738 4098 1813 4170 (It)
1843 4113 2063 4153 succen-

473 4206 598 4248 sam
636 4193 704 4259 Χ
733 4206 835 4260 ego
871 4192 1028 4246 video
1063 4190 1113 4258 1,
1144 4199 1200 4245 et
1245 4189 1441 4245 faciem
1473 4191 1598 4261 ejus
1622 4206 1651 4245 a
1683 4189 1820 4245 facie
1848 4191 2063 4261 aquilo-

479 4283 589 4339 nis.
623 4282 710 4336 14.
750 4280 815 4335 Et
844 4282 983 4336 dixit
1012 4281 1278 4338 Dominus
1316 4282 1384 4337 ad
1421 4297 1508 4337 me
1538 4299 1552 4336 :
1581 4282 1628 4339 Δ
1660 4280 1801 4336 facie
1847 4281 2063 4351 aquilo-

481 4372 570 4428 nis
601 4373 668 4444 (ὅ)
700 4373 1062 4429 exardesccnt
1112 4374 1254 4429 mala
1301 4388 1465 4444 super
1508 4387 1702 4428 omnes
1753 4372 2061 4427 habitantes

481 4462 537 4517 in
566 4471 731 4517 terra.
768 4462 854 4516 l5.
890 4461 1161 4528 Quoniam
1192 4477 1322 4518 ecce
1355 4477 1457 4532 ego
1498 4474 1744 4516 convoco
1769 4460 1954 4514 omnia
1988 4458 2060 4535 (It)

481 4569 651 4624 regna
682 4556 750 4624 χ
781 4569 968 4623 regum
1020 4554 1045 4622 1
1083 4555 1152 4608 ab
1197 4558 1263 4622 Ἀ(
1305 4553 1565 4624 aquilone
1615 4553 1636 4622 1
1689 4560 1868 4616 terrae,
1925 4549 2064 4605 dicit

485 4645 769 4700 Dominus.
798 4643 862 4698 Et
887 4646 1124 4710 venient,
1149 4654 1202 4699 et
1224 4650 1422 4713 ponent
1454 4643 1838 4712 unusquisque
1861 4642 2060 4696 solium

482 4750 643 4792 suum
685 4751 849 4807 super
886 4736 1169 4791 vestibulis
1205 4746 1489 4806 portarum
1519 4733 1849 4797 Jerusalem,
1882 4741 1937 4788 et
1966 4749 2061 4787 su-

484 4841 580 4894 per
601 4829 858 4884 omnibus
886 4828 1040 4894 viris,
1072 4828 1167 4897 qui
1201 4818 1347 4883 circa
1375 4843 1518 4893 eam,
1541 4836 1595 4881 et
1617 4842 1779 4896 super
1803 4824 2061 4880 omnibus

485 4916 713 4970 urbibus
737 4916 912 4973 Judaz.
946 4919 1030 4973 lli.
1060 4918 1124 4973 Et
1158 4921 1354 4990 loquar
1388 4934 1511 4972 cum
1554 4917 1616 4987 (Ι)
1643 4917 1854 4987 judicio
1878 4917 1944 4971 ad
1965 4931 2062 4970 eos

483 5009 551 5063 de
593 5008 745 5062 omni
778 5012 982 5064 malitia
1031 5028 1249 5076 eorum,
1304 5013 1448 5079 quod
1502 5010 1912 5078 dereliquecunt
1951 5023 2058 5073 me,

482 5111 536 5156 et
569 5100 952 5157 sacriﬁcarunt
981 5104 1091 5160 Diis
1118 5108 1213 5176 (ut)
1246 5104 1464 5167 alienis,
1498 5112 1551 5158 ct
1573 5102 2060 5171 adoraruntopera

555 5282 634 5355 (α)
674 5277 905 5350 λαίφει,
947 5296 1228 5339 sermones
1267 5280 1520 5336 Jeretnize
1558 5277 1653 5333 lilii
1694 5277 1911 5335 Hclcite.
1990 5279 2058 5350 (b)

555 5353 739 5414 unine.
760 5351 1011 5421 Domine,
1044 5367 1076 5403 ο
1098 5366 1131 5404 o
1161 5367 1212 5406 ο.
1257 5351 1415 5421 Ileb.,
1448 5352 1493 5403 Α
1520 5350 1563 5403 Α
1590 5349 1654 5421 Α.
1732 5350 1802 5421 (e)
1842 5350 1935 5421 Α..
1971 5349 2054 5414 8.,

2162 5281 2257 5346 2b.,
2322 5280 2609 5337 Dominus.

2162 5367 2174 5405 ξ
2211 5352 2333 5406 hnc.
2411 5353 2481 5421 (f)
2521 5353 2609 5412 Α..

485 5349 739 5414 Domine,
760 5349 1011 5411 Domine,
1044 5367 1076 5403 ο
1098 5366 1131 5404 o
1161 5367 1212 5406 ο.
1257 5351 1415 5411 Ileb.,
1448 5352 1493 5403 Α
1520 5350 1563 5403 Α
1590 5349 1654 5403 Α.

2158 2635 2214 2680 et
2242 2641 2487 2680 amorem
2534 2628 2601 2697 ir)
2632 2628 2988 2698 perfectionis
3015 2638 3144 2692 tuae,
3190 2638 3243 2683 et
3288 2629 3572 2683 adluesisti
3609 2627 3736 2682 San-

2159 2726 2249 2771 cto
2282 2730 2344 2772 -ι-
2381 2716 2622 2783 lsraelis,
2676 2718 2813 2776 dicit
2862 2719 3129 2775 Dominus
3179 2718 3241 2788 1,
3295 2720 3350 2773 in
3396 2720 3636 2783 deserto,
3685 2722 3735 2775 in

2161 2815 2305 2863 terra
2359 2826 2466 2864 nort
2509 2812 2842 2867 seminabili.
2888 2812 2944 2867 3.
2990 2809 3228 2868 Sanctus
3277 2812 3397 2883 ipse
3437 2811 3606 2867 lsrael
3649 2815 3738 2867 Do-

2161 2900 2334 2966 mino,
2374 2901 2444 2970 is)
2474 2902 2806 2973 principium
2841 2913 3210 2973 proventuum
3235 2903 3397 2973 ejus:
3424 2906 3739 2974 omnes,qni

2165 2988 2462 3048 cbmedunt
2503 3008 2653 3058 eum,
2687 2995 2893 3065 injuste
2925 3006 3130 3066 agent:
3168 2996 3311 3049 mala
3340 2995 3566 3051 venient
3588 3013 3741 3066 super

2163 3098 2283 3147 eos,
2311 3084 2451 3140 dicit
2482 3083 2772 3141 Dominus.
2798 3086 2854 3141 4.
2884 3086 3084 3141 Audite
3124 3087 3351 3142 verbum
3389 3086 3634 3154 Domini,
3656 3086 3745 3143 do-

2164 3190 2287 3231 mus
2318 3173 2524 3242 Jacob;
2557 3186 2611 3233 et
2636 3191 2827 3233 omnes
2856 3176 2921 3248 (ι)
2954 3176 3311 3247 paternitates
3338 3177 3544 3233 domus
3573 3177 3746 3233 Israeo

2164 3266 2253 3321 lis.
2279 3266 2332 3321 5.
2366 3265 2491 3321 Haec
2528 3266 2663 3322 dicit
2693 3266 2964 3323 Dominus
2999 3286 3015 3324 :
3057 3267 3215 3335 Quod
3248 3271 3327 3338 (υ)
3359 3269 3626 3325 delictum
3665 3271 3748 3324 in-

2164 3368 2431 3414 venerunt
2480 3360 2534 3414 in
2584 3374 2672 3415 me
2720 3368 2906 3428 patres
2961 3363 3155 3427 vestri,
3209 3361 3355 3432 quod
3408 3364 3748 3416 transierunt

2163 3450 2352 3518 procul
2384 3464 2412 3503 a
2444 3465 2549 3513 me,
2580 3459 2634 3505 et
2673 3451 3025 3508 ambularunt
3052 3461 3177 3522 post
3208 3469 3370 3519 vana,
3418 3462 3477 3509 et
3525 3455 3655 3507 vani
3686 3454 3754 3506 fa-

2163 3540 2233 3594 cti
2267 3541 2436 3595 sunt?
2464 3541 2517 3596 6.
2554 3541 2621 3596 Et
2662 3559 2772 3597 non
2825 3544 3083 3599 dixerunt
3123 3563 3136 3599 :
3175 3543 3277 3601 Ubi
3324 3555 3408 3602 est
3456 3546 3751 3612 Dominus,

2162 3632 2256 3699 qui
2292 3631 2479 3686 eduxit
2505 3647 2607 3687 nos
2636 3649 2704 3687 ex
2734 3642 2881 3689 terra
2910 3633 3157 3705 Egypti,
3203 3638 3280 3708 (ιε)
3318 3638 3414 3707 qui
3453 3639 3619 3692 duxit
3657 3656 3751 3696 nos

2164 3721 2220 3775 in
2249 3721 2490 3788 deserto,
2518 3722 2571 3777 in
2598 3736 2744 3778 terra
2771 3741 2879 3781 non
2923 3736 3148 3793 tentata,
3184 3743 3286 3782 nec
3332 3731 3485 3793 trita,
3524 3731 3581 3783 in
3611 3742 3749 3786 terra

2166 3812 2288 3867 sine
2323 3829 2487 3883 aqua,
2538 3829 2602 3870 σε-
2651 3826 2705 3871 et
2758 3817 2879 3871 sine
2925 3816 3199 3874 fructibus
3236 3819 3291 3887 1.
3338 3823 3407 3888 Χ
3452 3831 3508 3875 et
3560 3824 3749 3877 umbra

2514 3905 2567 3960 in
2613 3916 2778 3975 terra,
2823 3924 2945 3978 qua:
2986 3924 3097 3963 non
3142 3913 3403 3965 transivit
3448 3913 3505 3967 in
3562 3931 3627 3969 ea
3680 3918 3749 3985 (y)

2160 3996 2262 4058 vir,
2307 3990 2483 4066 neque
2513 3999 2780 4055 habitavit
2823 4001 2900 4070 ty)
2948 4000 3095 4057 ﬁlius
3138 4002 3382 4057 hominis
3441 4005 3559 4059 ibi?
3597 4007 3652 4060 'l.
3692 4007 3753 4060 Et

2161 4086 2439 4142 introduxi
2475 4104 2575 4145 vos
2621 4090 2698 4161 (ι)
2745 4091 2801 4146 in
2843 4093 3183 4158 Carmelum,
3222 4094 3291 4149 ad
3340 4097 3624 4153 edendum
3679 4100 3748 4167 (α)

2160 4177 2374 4235 fructus
2398 4182 2541 4251 ejus,
2567 4192 2622 4237 et
2653 4183 2797 4238 bona
2824 4183 2965 4255 ejus.
2995 4184 3063 4240 Et
3083 4186 3317 4256 ingressi
3346 4191 3515 4254 estis,
3559 4201 3616 4246 et
3649 4196 3751 4263 pol-

2164 4276 2346 4333 luistis
2391 4286 2594 4332 terram
2627 4292 2829 4347 meam,
2858 4289 2914 4335 et
2945 4279 3322 4337 haereditatem
3355 4300 3548 4341 meam
3573 4289 3750 4358 posui-

2160 4367 2262 4421 stis
2291 4366 2345 4421 in
2370 4366 2862 4424 abominationem.
2895 4370 2949 4425 8.
2971 4370 3299 4428 Sacerdotes
3331 4390 3444 4429 non
3468 4378 3748 4441 dixerunt,

2161 4455 2265 4513 Ubi
2311 4470 2397 4515 est
2442 4458 2745 4516 Dominus?
2790 4471 2845 4516 et
2891 4471 3141 4519 tenentes
3196 4465 3367 4535 legem
3413 4483 3599 4523 meam
3642 4487 3743 4523 non

2161 4550 2411 4607 instructi
2444 4549 2666 4606 fuerunt
2686 4552 2754 4607 de
2788 4568 2878 4609 me
2916 4563 3011 4610 :et
3038 4565 3288 4626 pastores
3320 4561 3494 4629 impie
3526 4573 3750 4632 egerunt

2162 4640 2217 4694 in
2248 4655 2356 4701 me,
2380 4648 2435 4694 et
2462 4641 2747 4711 prophetae
2773 4644 3177 4713 prophetarunt
3209 4646 3284 4717 (lt)
3327 4647 3508 4714 Baali,
3550 4660 3602 4704 et
3635 4659 3752 4720 post

2163 4745 2272 4784 non
2313 4731 2445 4786 utile
2487 4732 2727 4788 iverunt.
2777 4733 2832 4789 9.
2881 4732 3115 4806 Propter
3166 4736 3270 4793 hoc
3313 4739 3499 4795 adhuc
3542 4741 3751 4811 judicio

2163 4821 2488 4875 contendam
2517 4821 2787 4879 adversus
2824 4840 2944 4890 vos,
2976 4827 3113 4882 dicit
3135 4828 3430 4897 Dominus,
3452 4826 3529 4886 ‘et
3557 4834 3751 4887 adver-

2164 4926 2262 4967 sus
2318 4911 2461 4968 ﬁlios
2509 4915 2748 4971 ﬁliorum
2796 4927 3107 4972 vestrorum
3144 4919 3355 4989 judicio
3388 4925 3747 4978 contendam.

2166 5004 2255 5059 10.
2291 5002 2500 5061 Idcirco
2536 5008 2766 5063 transite
2795 5008 2847 5062 in
2900 5009 3111 5066 insulas
3148 5011 3550 5083 Chithteorum,
3584 5025 3644 5070 et
3676 5017 3753 5069 vi-

2164 5096 2307 5163 dete,
2340 5107 2395 5153 et
2430 5098 2484 5151 in
2537 5098 2715 5154 Cedar
2749 5101 2967 5169 mittite,
3015 5110 3069 5157 et
3102 5114 3283 5161 mente
3318 5106 3539 5162 utimini
3584 5108 3753 5162 vehe-

2688 5281 2758 5372 ςς)
2801 5284 2894 5350 Α..
2937 5277 3527 5372 transmilgratti‘onemL
3588 5293 3757 5372 (ιηρ

2411 5353 2481 5421 (f)
2521 5353 2610 5431 4.,
2642 5352 2765 5417 TI...
2793 5360 3086 5431 amygdali.
3164 5352 3239 5427 (ξι)
3280 5352 3608 5431 suvigno.‘
3656 5352 3757 5431 ’(ιι)

485 5427 578 5498 Α..
612 5421 695 5498 S_-.
726 5420 1086 5498 in_sumalam._
1154 5421 1215 5489 (ἰ)
1253 5419 1445 5486 A.,S.,
1481 5419 1815 5498 aperientur.
1894 5420 1966 5491 (ις)
2009 5419 2205 5487 Α.,8.,
2233 5419 2692 5489 pulchritudinem
2725 5419 2965 5498 εφηθῑῖξ-
3044 5429 3106 5498 (ι)
3147 5419 3237 5491 AT.
3267 5419 3583 5497 S..jud’icia
3610 5419 3757 5486 mea:

486 5494 583 5570 (tu)
625 5494 710 5570 ες..
766 5491 939 5545 falsis.
1017 5493 1094 5570 (η)
1136 5498 1224 5554 Α.,
1272 5505 1573 5570 ne‘pav'eas
1619 5505 1647 5570 a
1701 5491 2092 5570 facieeorum,
2131 5508 2198 5570 ne
2231 5498 2536 5570 percutiam
2572 5504 2643 5547 te.
2723 5491 2795 5563 (ο)
2835 5494 2949 5551 Nec
2997 5491 3199 5570 paveas
3229 5514 3259 5552 a
3301 5491 3484 5554 fronte
3530 5518 3759 5557 eorum.

486 5559 571 5633 (p)'
607 5561 707 5643 Α..
736 5578 899 5643 super
930 5559 1300 5643 omnin-rm."
1347 5562 1423 5629 (τι)
1464 5559 1547 5624 S.,
1588 5568 1641 5611 et
1667 5560 1948 5643 .pt-zcdica.
1985 5631 1997 5643 Ι
2030 5559 2359 5643 ir)‘A.,'.SI.,
2417 5559 2785 5643 sponsor-uta
2813 5559 3061 5643 tuorum.

486 5641 783 5704 proventus
817 5641 960 5704 ejus.

483 5698 759 5757 desertum
802 5698 1018 5756 Arabia:
1048 5698 1183 5761 sine
1216 5699 1519 5753 habitante.
1599 5701 1674 5767 (ν)
1714 5698 1803 5763 Α..

485 5775 573 5853 ,1η
604 5770 689 5839 8.,
721 5771 956 5828 fructum
992 5774 1132 5842 ejus.
1209 5770 1285 5840 (b)
1323 5768 1417 5835 Α.,
1449 5767 1541 5834 8.,
1575 5767 1630 5822 in
1663 5768 1813 5824 Baal.

3138 5569 3210 5642 (ε)
3255 5570 3348 5642 ᾼ..
3411 5572 3760 5642 principium

1039 5630 1107 5712 (t)_
1143 5630 1234 5713 A._,
1261 5627 1903 5713 S_.,:consangu‘ini‘tate‘s‘.
1978 5627 2057 5713 iu)
2083 5627 2190 5694 Ἀ..
2240 5627 2593 5713 ξηῇιιςμιὶειιη.
2638 5640 2751 5713 “(3)
2790 5635 2886 5698 Α..
2944 5636 3056 5713 ille,
3090 5627 3424 5713 qui'eduxit'
3447 5657 3551 5696 nos
3587 5627 3764 5713 super

1853 5697 1940 5765 S.,
1978 5697 2159 5757 homo.
2239 5697 2312 5773 (ι)
2358 5702 2483 5757 ΙΙιτε
2527 5697 2851 5773 explicantes

2904 5722 2924 5759 :
2971 5707 3026 5761 in
3075 5714 3277 5763 terram
3322 5710 3596 5768 Carmeli.
3665 5707 3763 5784 ’(σ)
