3902 6546
212 387 353 445 2307';

1493 387 1810 446 JEREMIE
1852 385 2082 444 CAPUT
2111 377 2210 441 ill.

3336 385 3483 445 2506

213 516 449 568 menter,
479 511 535 558 ct
560 503 756 570 videte,
782 505 827 559 si
862 503 1002 558 facta
1038 503 1146 558 sint
1174 505 1377 561 similia
1412 526 1424 561 :
1461 506 1553 561 ll.
1587 505 1644 562 Si
1676 521 1797 560 mu-
1827 509 1873 568 Α
1903 503 2141 558 Viriliter
2179 516 2334 571 agam
2377 518 2394 557 :
2443 505 2572 574 quia
2625 505 2835 560 amavit
2865 505 3095 573 alienos,
3135 513 3186 562 et
3220 516 3344 575 post
3385 520 3487 560 eos.

216 603 331 652 tcnt
363 603 556 666 gentes
590 596 719 650 deos
749 609 903 660 suos,
938 607 992 666 et
1023 595 1074 648 lii
1111 611 1220 650 non
1251 604 1376 651 sunt
1411 595 1516 655 Dii.
1552 594 1808 665 Populus
1903 594 2224 651 ambulavit.
2259 594 2348 648 26.
2398 595 2470 649 lit
2518 596 2692 665 pudor
2721 595 2880 664 furis,
2909 612 3032 652 cum
3065 604 3258 666 captus
3291 593 3476 656 fuerit,

216 699 398 742 autem
432 703 588 741 meus
619 687 690 758 (ε)
735 687 966 742 mutavit
1008 688 1240 759 gloriam
1289 703 1445 744 suam
1497 689 1552 744 in
1607 689 1682 755 id,
1730 703 1798 742 ex

214 796 326 851 quo
369 780 506 834 nihil
534 779 640 833 sibi
675 779 996 849 proderunt.
1044 779 1133 835 12.
1165 780 1242 852 (τι)
1276 778 1568 851 Obstupuit
1597 779 1799 835 caelum

214 886 382 940 super
416 872 540 936 hoc,
577 880 630 926 et
671 871 886 947 horruit
929 873 998 942 (e)
1032 873 1380 928 vehementer
1405 873 1794 937 abundantius,

212 963 352 1018 dicit
384 961 674 1018 Dominus.
713 963 800 1017 15.
839 959 978 1028 Quia
1011 963 1122 1018 duo
1165 974 1219 1019 et
1251 966 1395 1022 mala
1442 964 1570 1021 fecit
1618 979 1798 1034 popu-

211 1054 300 1110 lus
349 1069 507 1118 meus
553 1073 567 1108 :
606 1069 695 1108 me
755 1053 1162 1124 dereliquerunt
1193 1056 1397 1114 fontem
1449 1073 1606 1128 aquae
1641 1059 1797 1124 vim,

213 1146 278 1216 (ι’)
310 1153 362 1199 et
397 1144 654 1199 foderunt
677 1146 780 1200 sibi
815 1146 1106 1209 cisternas,
1151 1149 1220 1217 Ἀ(
1274 1149 1545 1206 cisternas
1595 1149 1618 1217 1
1667 1164 1800 1204 con-

212 1237 418 1293 fractas
470 1237 612 1300 illas,
665 1253 787 1308 qua}
821 1255 926 1294 non
961 1251 1196 1310 possunt
1238 1257 1435 1310 aquam
1494 1255 1554 1298 +
1620 1241 1801 1296 conti-

211 1346 344 1385 nere
382 1330 403 1398 1
443 1330 529 1383 H.
562 1329 700 1383 Num
739 1347 932 1388 servus
986 1347 1048 1388 -t—
1099 1343 1183 1388 est
1229 1334 1252 1401 1
1302 1332 1490 1398 lsrael,
1530 1343 1624 1388 aut
1657 1335 1800 1389 (ilius

214 1419 454 1476 familias
485 1431 568 1476 est
610 1421 724 1492 (g)?
767 1439 941 1493 quare
977 1422 1154 1478 factus
1198 1432 1281 1478 est
1323 1424 1399 1494 (It)
1434 1423 1488 1478 in
1521 1424 1799 1494 pradam?

214 1513 302 1569 15.
343 1513 522 1584 Super
553 1530 680 1568 eum
730 1516 793 1584 (ἱ)
838 1515 1120 1570 ulularunt
1168 1514 1379 1580 leones,
1427 1525 1482 1570 et
1533 1515 1802 1571 dederunt

213 1621 403 1660 vocem
438 1616 621 1672 snam,
655 1608 746 1677 qui
800 1618 1106 1678 posuerunt
1137 1616 1337 1662 terram
1371 1608 1492 1678 ejus
1523 1608 1595 1680 (It)
1625 1609 1678 1664 in
1710 1624 1800 1665 so-

212 1701 497 1754 litudinem
539 1712 640 1755 :et
669 1701 831 1754 urbes
885 1700 1005 1768 ejus
1057 1701 1120 1770 (ι)
1170 1701 1491 1770 exstirpata:
1543 1710 1694 1769 sunt,
1731 1717 1799 1758 eo

213 1795 361 1864 quod
396 1810 504 1846 non
539 1794 850 1848 habitentur
889 1799 1008 1863 (in).
1057 1796 1146 1848 16.
1183 1793 1359 1849 Etiam
1398 1794 1493 1849 ﬁlii
1533 1793 1798 1864 Memphis

211 1900 266 1940 et
302 1886 546 1955 Talipliis
581 1886 659 1955 (η)
700 1895 1076 1954 cngnoveruut
1134 1897 1207 1949 te,
1251 1895 1306 1940 et
1353 1886 1644 1940 illuscrunt
1677 1885 1794 1939 tibi.

212 1975 407 2032 Nimne
461 1977 576 2032 haec
623 1975 751 2031 fecit
793 1976 888 2030 tibi
933 1976 1086 2038 illud,
1123 1975 1270 2046 quod
1313 1975 1654 2045 dereliquisti
1687 1989 1795 2038 me,

216 2068 305 2123 17.
333 2069 464 2122 dicit
484 2068 554 2138 (ο)
579 2067 843 2122 Dominus
877 2067 1019 2122 Drus
1047 2077 1194 2133 tuus,
1222 2071 1288 2134 λθ(
1311 2067 1365 2121 in
1399 2076 1642 2137 tempore
1671 2082 1796 2122 cum.

215 2160 421 2222 abduxi
464 2169 515 2216 te
545 2161 596 2214 in
642 2161 726 2215 via
762 2161 824 2229 1?
859 2161 946 2216 18.
978 2159 1044 2215 Ει
1092 2177 1238 2216 nunc
1283 2162 1414 2231 quid
1451 2161 1571 2226 tibi,
1610 2168 1663 2215 et
1699 2160 1798 2214 viae

214 2253 462 2324 Egypti,
493 2259 554 2306 ut
599 2251 756 2305 bibas
803 2266 1000 2321 aquam
1032 2250 1106 2321 (p)
1137 2250 1357 2305 Gihnn?
1404 2250 1472 2304 Et
1513 2251 1644 2321 quid
1677 2249 1796 2313 tibi,

214 2355 270 2400 et
330 2347 433 2399 viae
482 2343 859 2414 Assyriorum,
909 2352 966 2397 ut
1015 2342 1173 2397 bibas
1223 2348 1449 2412 aquam‘
1469 2341 1799 2397 ﬂuminum?

218 2439 308 2493 19.
340 2435 644 2506 Castigabit
668 2444 720 2490 te
746 2434 819 2505 (q)
858 2433 1110 2508 defectio,
1144 2435 1213 2502 (ν)
1256 2444 1311 2490 ει
1342 2435 1551 2489 malitia
1588 2443 1679 2488 tua
1709 2448 1801 2488 ar-

215 2539 347 2600 guet
398 2539 468 2584 te.
518 2529 585 2582 Et
639 2527 800 2594 scito,
852 2537 908 2583 et
955 2529 1098 2593 vide,
1137 2531 1205 2596 x
1247 2529 1392 2598 quod
1445 2529 1648 2583 malum
1691 2528 1802 2594 1et

216 2636 466 2676 amarum
507 2619 602 2676 tibi
635 2619 788 2684 illud,
833 2620 978 2689 quod
1013 2619 1371 2690 dereliqueris
1407 2619 1474 2688 (ε)
1526 2634 1635 2683 me,
1667 2617 1801 2673 dicit

218 2715 486 2771 Dominus
511 2714 652 2768 Deus
688 2722 853 2768 tuus:
885 2713 949 2783 (ι)
981 2722 1034 2766 ει
1067 2728 1173 2770 non
1221 2712 1356 2766 mihi
1405 2711 1710 2779 complacui
1742 2711 1797 2765 in

216 2816 291 2870 te,
321 2805 458 2859 dicit
487 2803 752 2858 Dominus
787 2801 932 2858 Deus
977 2815 1138 2867 tuus;
1190 2803 1284 2858 20.
1321 2802 1582 2871 quoniam
1632 2816 1660 2854 a
1696 2815 1799 2854 sae-

216 2898 342 2953 culo
365 2894 685 2966 confregisti
713 2895 900 2964 jugum
937 2903 1114 2957 tuum,
1146 2902 1200 2948 et
1238 2893 1317 2964 (u)
1357 2892 1640 2962 disrupisti
1679 2893 1804 2945 vin-

217 2990 337 3052 cula
363 2998 476 3053 tua,
507 2997 561 3043 et
589 2987 774 3042 dixisti
802 3007 815 3042 :
849 2986 966 3042 Non
987 2987 1161 3042 colam
1194 2987 1477 3042 servitium
1530 2986 1624 3042 tibi
1649 2999 1718 3026 ηρ
1750 2986 1799 3053 1,

217 3082 310 3136 sed
345 3080 436 3134 ibo
466 3094 630 3148 super
675 3094 894 3134 omnem
955 3080 1147 3134 collem
1181 3078 1482 3142 excelsum,
1518 3086 1573 3132 et
1614 3079 1803 3133 subter

217 3189 382 3230 omne
431 3173 638 3242 lignum
673 3173 1020 3233 umbrosum,
1061 3171 1131 3224 ibi
1167 3170 1246 3240 (τε)
1285 3169 1569 3225 lasciviam
1603 3170 1657 3224 in
1689 3169 1802 3225 for-
1827 3199 1871 3258 ο

218 3266 492 3320 uicatione
518 3276 588 3306 θ’*
616 3278 736 3319 mea
772 3262 820 3328 1.
849 3261 940 3318 21.
977 3261 1090 3331 Ego
1139 3271 1321 3316 autem
1350 3262 1589 3331 plantavi
1629 3270 1680 3316 te
1720 3260 1797 3330 (yl

216 3356 384 3411 vitem
423 3354 687 3409 ferentem
725 3351 935 3406 fructus
980 3365 1199 3404 onmem
1236 3364 1419 3403 veram
1469 3367 1483 3404 :
1520 3351 1798 3419 quomodo

215 3461 484 3504 conversa
523 3459 583 3499 es
634 3446 702 3512 Ἀ(
743 3442 876 3498 mihi
908 3441 930 3508 1
970 3441 1022 3494 in
1061 3439 1484 3494 amaritudinem
1514 3439 1642 3494 vitis
1669 3439 1801 3492 alic-

219 3541 328 3595 na?
351 3539 447 3592 22.
489 3535 547 3590 Si
594 3535 796 3589 laveris
831 3542 883 3586 te
929 3532 1096 3596 nitro,
1132 3543 1184 3586 et
1223 3531 1672 3604 multiplicaveris
1701 3529 1798 3584 tibi

223 3633 459 3686 radicem
487 3629 890 3700 purilicantem,
923 3624 997 3694 (ι)
1037 3625 1307 3679 maculata
1340 3638 1400 3678 es
1428 3626 1482 3677 in
1521 3621 1806 3692 iujustitiis

219 3724 329 3778 tuis
360 3736 547 3780 coram
582 3734 690 3785 me,
729 3705 860 3772 dicit
888 3719 956 3785 ῖς(
985 3716 1250 3770 Dominus
1291 3715 1558 3769 Dominus
1615 3713 1662 3781 1.
1710 3713 1803 3767 25.

214 3812 509 3882 Quomodo
537 3811 675 3866 dicis
710 3827 724 3864 :
757 3807 875 3864 Non
903 3809 1113 3878 polluta
1143 3824 1287 3870 sum,
1316 3815 1370 3860 et
1393 3814 1518 3874 post
1546 3803 1676 3886 ΨΜ
1695 3818 1804 3858 ιιοη

213 3902 534 3960 ambulavi?
568 3899 704 3956 Vide
735 3899 854 3954 vias
891 3907 1013 3954 tuas
1055 3899 1131 3970 (a)
1164 3899 1216 3952 in
1259 3897 1550 3967 sepulcris,
1598 3905 1652 3951 et
1708 3908 1801 3948 co-

214 4011 444 4067 gnosce,
477 3993 606 4063 quid
628 3991 823 4047 feceris
850 3991 948 4060 (b).
982 3988 1207 4059 Vesperi
1239 4003 1372 4042 voce
1399 4002 1498 4041 sua
1534 3985 1798 4040 ululavit:

212 4089 309 4142 24.
367 4085 491 4140 Vias
541 4099 671 4141 suas
729 4083 977 4138 dilatavit
1026 4097 1195 4150 super
1227 4095 1400 4150 aquas
1434 4077 1796 4134 solitudinis:

215 4181 274 4235 in
304 4177 697 4247 cupiditatibus
729 4174 926 4229 animae
960 4187 1074 4228 suae
1122 4170 1192 4242 (ε)
1238 4169 1564 4240 respiravit:
1601 4168 1803 4223 tradita

215 4282 363 4328 cat:
421 4269 542 4340 quis
598 4276 880 4323 convertet
922 4265 1084 4321 eam?
1132 4261 1354 4324 Omnes.
1408 4262 1503 4332 qui
1553 4271 1806 4332 quaerunt

216 4379 367 4426 eam,
401 4376 508 4415 non
540 4359 918 4430 fatigabuntur
954 4375 967 4410 :
1015 4356 1094 4426 (ά)
1128 4354 1181 4408 in
1215 4354 1524 4410 humilitate
1571 4355 1691 4424 ejus
1719 4370 1806 4410 re-

219 4452 436 4526 perierit
469 4468 611 4508 eam.
641 4451 732 4505 25.
801 4451 870 4521 (e)
931 4450 1128 4504 Averte
1158 4448 1346 4518 pedem
1381 4458 1532 4501 tuum
1560 4464 1590 4501 a
1624 4445 1692 4518 (ι’)
1723 4447 1808 4502 via

222 4549 384 4612 dura,
427 4555 482 4602 et
521 4554 712 4616 guttur
743 4552 897 4600 tuum
935 4558 966 4598 a
997 4542 1107 4598 siti.
1145 4543 1237 4598 Illa
1289 4550 1473 4596 autem
1523 4541 1680 4605 dixit,
1730 4541 1806 4609 (gl

303 4813 375 4882 (e)
416 4811 503 4874 Α.,
539 4808 772 4882 mutavit
801 4807 1028 4880 gloriam
1054 4877 1062 4882 Α
1088 4821 1243 4882 suam
1289 4805 1344 4861 in
1399 4820 1505 4882 non
1541 4805 1714 4882 _utile.

226 4876 556 4938 desolamini
595 4876 964 4948 vehementer.
1043 4877 1112 4948 (e)
1156 4876 1346 4932 Terra.
1424 4876 1492 4946 (Ῑ)

227 4952 320 5018 8.,
358 4953 661 5021 rugierunt.
742 4947 813 5018 (It)
854 4947 1062 5021 Α.,ξ8.,
1101 4952 1152 5021 in
1183 4949 1649 5021 depravationem.

227 5376 354 5427 vias
387 5387 538 5427 suas.
587 5371 670 5434 8.,
705 5386 929 5441 onager,
979 5371 1202 5441 edoctus
1242 5372 1542 5441 desertum.

230 5444 526 5500 noviluuio
571 5444 711 5511 ejus.
791 5436 859 5510 (ἑ)
900 5440 989 5511 Α..
1036 5440 1282 5511 cohibe.
1358 5438 1431 5511 _(f)
1469 5436 1683 5511 4,8,,

228 5510 631 5585 pudefecernnt
659 5512 884 5585 domum
916 5510 1154 5585 is_r_aelis.

233 5577 372 5638 'vitio
399 5584 594 5637 deesse
625 5582 856 5636 videtur.
961 5580 1031 5650 (Ir)
1070 5581 1161 5644 A.,
1195 5577 1517 5650 S.,’gladius
1546 5577 1743 5633 vester.

234 5654 597 5709 recessimus.
625 5650 708 5716 8.,
748 5647 1119 5720 ιιιὶετενίιῄυς.
1203 5647 1414 5721 (η)νἈ.,
1448 5647 1530 5721 8.,
1554 5649 1731 5719 virgo.

231 5726 313 5796 ((1)
357 5723 441 5796 δι.
474 5723 542 5777 ad
571 5739 713 5796 eam.
749 5737 856 5791 qna
901 5720 1320 5796 quaerisamari.

1828 1853 1934 1941 θη

1903 688 1978 742 ita
2017 687 2094 756 (Ii)
2152 673 2476 742 erubescant
2511 686 2604 740 filii
2633 686 2872 754 lsraelis,
2910 688 3035 758 ipsi,
3081 695 3136 743 et
3181 703 3334 756 reges
3381 701 3477 741 eo-

1900 796 2046 845 rum,
2083 788 2138 834 et
2165 779 2442 849 principes
2474 793 2688 847 eorum,
2726 788 2780 834 et
2811 780 3127 836 sacerdotes
3165 795 3382 842 eorum,
3428 787 3478 832 et

1900 873 2177 941 prophetae
2209 885 2424 926 eorum.
2461 869 2555 925 27.
2612 870 2878 949 Dixerunt
2922 872 3090 943 ligno,
3133 872 3288 938 Quod
3323 881 3480 940 pa‘lcr

1902 979 2060 1018 meus
2083 977 2142 1018 es
2177 972 2234 1017 tu
2273 980 2287 1015 :
2319 971 2375 1017 et
2397 961 2587 1031 lapidi,
2615 961 2695 1016 Tu
2724 963 2983 1032 peperisti
3011 979 3119 1019 me.
3156 963 3223 1018 Et
3255 979 3482 1017 convcr-

1903 1063 2086 1110 terunt
2115 1054 2183 1109 ad
2208 1069 2296 1109 me
2326 1063 2496 1122 terga,
2531 1063 2586 1108 et
2620 1069 2729 1109 non
2763 1053 2933 1110 facies
2961 1069 3113 1110 suas.
3159 1054 3227 1109 Et
3252 1059 3307 1110 in
3341 1064 3482 1109 tem-

1903 1161 2033 1216 pore
2059 1146 2330 1200 malorum
2358 1159 2584 1200 suorum
2613 1145 2801 1200 dicent
2842 1163 2856 1200 :
2890 1145 3062 1218 Surge
3088 1156 3144 1202 et
3173 1162 3327 1203 serva
3355 1163 3476 1201 nus.

1901 1238 1996 1292 28.
2032 1235 2101 1291 Et
2130 1236 2224 1292 ubi
2253 1246 2383 1291 sunt
2411 1237 2487 1291 dii
2520 1236 2622 1304 un,
2655 1253 2796 1306 quos
2838 1235 3018 1293 fecisti
3065 1239 3202 1293 tibi?
3247 1240 3294 1294 si
3353 1256 3481 1294 sur-

1902 1339 2050 1400 gent,
2085 1338 2140 1385 et
2180 1330 2490 1384 liberabunt
2521 1337 2574 1385 te
2606 1329 2660 1384 in
2709 1339 2956 1402 tempore
2985 1331 3310 1386 humilitatis
3340 1334 3485 1387 tuae?

1901 1423 2042 1489 Quia
2063 1421 2364 1478 secundum
2392 1436 2686 1476 numerum
2720 1422 2939 1478 urbium
2973 1435 3192 1479 tuarum
3225 1435 3384 1480 erant
3405 1425 3482 1477 dii

1903 1519 2004 1582 tui,
2033 1516 2174 1572 Juda
2215 1535 2229 1570 :
2260 1525 2314 1570 et
2357 1515 2657 1571 secundum
2694 1531 2983 1572 numerum
3017 1518 3227 1572 viarum
3259 1516 3486 1572 Jerusa-

1901 1612 2005 1667 lem
2041 1609 2424 1665 sacrificarunt
2450 1607 2617 1662 Baali.
2646 1607 2737 1662 29.
2771 1607 2953 1674 Quare
2992 1611 3054 1680 (ἱ)
3087 1611 3375 1681 loquimini
3417 1612 3484 1664 ad

1902 1703 2025 1758 me?
2055 1701 2260 1756 Omnes
2292 1716 2388 1755 vos
2425 1699 2591 1769 impie
2615 1699 2828 1770 egistis,
2863 1710 2918 1755 et
2941 1716 3134 1756 omnes
3161 1717 3257 1756 vos
3284 1703 3488 1772 injuste

1900 1795 2091 1866 egistis
2130 1793 2182 1848 in
2220 1809 2328 1856 me,
2359 1792 2494 1848 dicit
2522 1791 2808 1847 Dominus.
2850 1793 2940 1847 50.
2970 1792 3194 1849 Frustra
3241 1798 3483 1865 percussi

1941 1889 2046 1942 lios
2068 1895 2312 1943 vestros:
2333 1886 2398 1956 (')
2426 1901 2534 1940 non
2555 1887 2857 1957 recepistis.
2878 1886 3165 1941 Devoravit
3179 1887 3251 1958 (Ir)
3271 1889 3486 1958 gladius

1901 1977 2196 2047 pr0phetas
2217 1987 2455 2039 vestros,
2505 1983 2567 2030 ut
2606 1975 2693 2030 leo
2734 1976 2946 2042 dclens,
2975 1985 3029 2030 et
3056 1990 3166 2030 non
3193 1979 3482 2032 timuistis.

1899 2069 1989 2124 51.
2026 2067 2226 2122 Audite
2281 2068 2505 2122 verbum
2559 2065 2781 2121 Domini
2819 2085 2833 2121 :
2873 2081 2938 2122 +
2973 2068 3088 2123 haec
3131 2068 3264 2122 dicit
3297 2068 3485 2123 Domi-

1902 2175 2006 2215 nus
2045 2159 2066 2226 1
2109 2158 2121 2212 Ξ
2156 2157 2296 2212 Num
2327 2158 2568 2212 solitudo
2592 2157 2772 2213 factus
2800 2173 2922 2213 sum
2953 2157 3163 2223 lsraeli,
3195 2170 3291 2214 aut
3339 2166 3486 2214 terra

1902 2235 1965 2322 (ι)
2000 2250 2244 2306 inculta?
2289 2251 2552 2320 quoniam
2590 2251 2848 2306 dixerunt
2878 2253 3110 2322 populus
3139 2267 3296 2308 meus
3333 2270 3346 2306 :
3387 2255 3484 2323 (ni)

1901 2342 2022 2397 Non
2056 2342 2290 2411 subjecti
2325 2341 2556 2406 erimus,
2606 2357 2784 2412 neque
2817 2344 3100 2398 veniemus
3149 2346 3386 2415 amplius
3418 2348 3485 2400 a.l

1901 2445 1973 2489 te.
2011 2433 2101 2490 52.
2133 2431 2274 2486 Num
2302 2433 2659 2489 obliviscetur
2690 2435 2769 2503 (η)
2799 2449 3001 2504 sponsa
3037 2437 3343 2490 ornamenti
3375 2439 3484 2500 sui,

1903 2526 1977 2597 (a)
2021 2534 2076 2579 et
2117 2526 2276 2595 virgo
2320 2533 2576 2586 ornatus,
2618 2524 2714 2592 qui
2746 2539 2914 2593 super
2943 2535 3162 2593 pectore
3190 2527 3349 2596 ejus?
3382 2527 3488 2582 Po-

1901 2620 2067 2690 pulus
2095 2618 2280 2674 autem
2311 2633 2472 2674 meus
2502 2617 2707 2672 oblitus
2754 2626 2836 2671 est
2887 2617 2990 2671 mei
3037 2617 3254 2683 diebus,
3286 2620 3488 2687 quibus

1902 2725 2012 2764 non
2067 2719 2152 2765 est
2190 2723 2476 2766 numerus.
2535 2708 2624 2762 55.
2671 2707 2747 2778 (ρ)
2792 2707 2949 2774 Quod
2997 2709 3236 2778 amplius
3279 2713 3484 2765 bonum

1902 2801 2090 2856 animo
2127 2801 2299 2871 ﬁnges
2327 2801 2381 2855 in
2415 2800 2520 2854 viis
2553 2800 2664 2853 tuis
2705 2799 2783 2870 (q)
2837 2799 2906 2854 ad
2950 2800 3300 2868 quazrendam
3345 2801 3486 2858 dile-

1903 2893 2183 2948 ctionem?
2236 2891 2356 2946 Non
2411 2892 2616 2946 factum
2649 2899 2734 2946 est
2784 2891 2894 2956 ita;
2954 2893 3023 2963 (r)
3053 2892 3155 2952 sed
3205 2893 3370 2948 etiam
3424 2901 3486 2950 tu

1904 2985 2046 3040 male
2081 2983 2279 3048 fecisti,
2317 2993 2379 3038 ut
2407 2983 2822 3039 contaminares
2845 2983 2962 3039 vias
2993 2995 3158 3044 tuas:
3201 2986 3292 3040 51.
3331 2987 3402 3058 (ε)
3437 2997 3491 3040 et

1905 3079 1961 3133 in
2013 3079 2269 3134 manibus
2303 3079 2412 3134 tuis
2443 3078 2648 3134 inventi
2681 3074 2813 3135 sunt
2839 3081 3134 3150 sanguines
3178 3081 3487 3136 animarum

1906 3171 1974 3237 Χ
2010 3184 2307 3240 pauperum
2341 3169 2364 3236 1
2391 3169 2791 3225 innocentium.
2823 3169 2941 3226 Non
2968 3172 3025 3225 in
3049 3170 3491 3241 perfossionibus

1908 3261 2092 3316 iuveni
2129 3275 2250 3321 eos.
2276 3261 2370 3316 sed
2403 3275 2572 3329 super
2600 3263 2755 3316 omni
2785 3276 3014 3332 quercu.
3049 3263 3140 3317 55.
3176 3261 3241 3317 Et
3278 3264 3488 3325 dixisti,

1909 3355 1976 3420 χ(
2007 3351 2163 3420 Quod
2200 3353 2222 3421 1
2256 3351 2522 3407 innocens
2561 3367 2722 3420 sum;
2749 3353 2843 3407 sed
2874 3360 3180 3408 revertatur
3200 3351 3355 3408 furor
3372 3353 3493 3422 ejus

1907 3460 1937 3499 a
1965 3460 2070 3500 me.
2100 3443 2242 3500 Ecce
2271 3457 2374 3514 ego
2401 3443 2669 3512 judicium
2708 3442 2906 3498 faciam
2938 3443 3216 3508 adversus
3235 3454 3306 3510 te,
3330 3458 3495 3512 super

1908 3536 2058 3605 quod
2112 3534 2327 3598 dixisti,
2371 3533 2558 3601 .Quod
2617 3550 2728 3590 non
2794 3535 3047 3604 peccavi;
3100 3533 3191 3588 56.
3228 3535 3492 3606 quoniam

1911 3627 2167 3698 sprevisti
2209 3629 2468 3692 multum,
2529 3626 2598 3680 ad
2643 3627 2948 3682 iterandum
2979 3627 3100 3680 vias
3145 3637 3285 3681 tuas.
3326 3625 3392 3680 Et
3423 3628 3494 3681 ab

1910 3718 2146 3788 .lEgypto
2180 3719 2498 3782 erubesces,
2557 3726 2617 3771 ut
2661 3716 2931 3771 erubuisti
2978 3716 3048 3770 ab
3094 3717 3301 3784 Assur;
3353 3731 3496 3785 quo-

1908 3808 2057 3862 niam
2103 3817 2158 3863 et
2201 3809 2328 3862 hinc
2380 3807 2583 3871 exibis,
2629 3815 2684 3863 et
2729 3821 2928 3862 manus
2973 3815 3081 3861 tua:
3127 3822 3292 3875 super
3325 3815 3494 3877 caput

1909 3910 2062 3955 tuum
2095 3919 2109 3954 :
2149 3901 2278 3970 quia
2321 3902 2524 3972 repulit
2570 3900 2838 3955 Dominus
2870 3915 3023 3970 spem
3058 3909 3230 3964 tuam,
3277 3910 3336 3956 et
3380 3916 3489 3956 non

1909 4006 2172 4064 prospere
2189 4007 2320 4062 ages
2346 3993 2400 4046 in
2423 4007 2512 4050 ea.

1980 4083 2116 4155 Cap.
2146 4082 2365 4138 lll.-—l.
2385 4087 2453 4152 Χ
2474 4085 2712 4140 Dicendo
2747 4085 2770 4153 1
2801 4101 2815 4139 :
2854 4083 2913 4139 Si
2947 4082 3221 4139 dimiserit
3246 4084 3332 4138 vir
3353 4099 3494 4139 uxo-

1910 4191 2028 4232 rem
2053 4191 2234 4242 suam,
2267 4184 2324 4231 et
2359 4176 2680 4232 discesserit
2698 4178 2767 4233 ab
2798 4193 2885 4244 eo,
2907 4187 2964 4232 et
2999 4177 3140 4232 facta
3177 4178 3341 4232 fuerit
3373 4179 3494 4232 viro

1905 4266 2098 4332 alteri;
2125 4281 2258 4320 num
2288 4279 2351 4322 -ι-
2386 4266 2712 4322 revertendo
2743 4267 2765 4335 1
2804 4275 3106 4324 revertetur
3129 4268 3196 4322 ad
3223 4283 3348 4323 eum
3378 4282 3499 4322 am-

1904 4358 2083 4428 plius?
2106 4357 2172 4428 (t)
2197 4355 2391 4413 Nonne
2423 4357 2618 4414 sordes
2644 4358 3025 4414 contrahendo
3051 4359 3388 4428 pollueretur
3412 4358 3495 4430 (ιι)

1907 4459 2050 4504 terra
2076 4449 2230 4503 haec?
2261 4449 2330 4503 Et
2371 4458 2430 4503 tu
2470 4457 2707 4504 scortata
2739 4465 2798 4504 es
2830 4450 2885 4504 in
2934 4451 3250 4520 pastoribus
3282 4450 3492 4516 multis,

1907 4548 1958 4595 et
1988 4539 2349 4595 revertebaris
2381 4539 2450 4595 ad
2479 4555 2584 4605 me,
2645 4539 2778 4595 dicit
2828 4539 3120 4596 Dominus.
3177 4541 3232 4596 2.
3290 4541 3496 4596 Attolle

1773 4807 1901 4888 ..(ά)
1939 4809 2032 4873 Au
2067 4807 2151 4888 δν
2171 4807 2407 4888 Plaude.
2459 4809 2684 4888 cetum.
2714 4826 2890 4888 super.
2917 4812 3041 4888 hoc,
3072 4825 3129 4869 ει
3156 4825 3326 4883 portae
3355 4817 3500 4888 eius.

1534 4874 1617 4942 8.,
1667 4874 2011 4933 exciderunt.
2110 4874 2417 4942 (ngacub.
2497 4880 2574 4942 (Ii)
2618 4883 2708 4942 A.,
2753 4883 2764 4934 i

1752 4947 1816 5017 (Ι)
1854 4948 1946 5012 Α.,
1981 4950 2282 5003 combusta:
2309 4958 2457 5004 sunt.
2484 4947 2570 5014 8.,
2605 4961 2832 5006 vastata:
2867 4947 3015 5006 sunt.

249 5016 312 5093 τι)
359 5016 453 5085 eL,
475 5016 834 5093 confijngunt
866 5016 1278 5093 tibi__r_ranium.
1333 5016 1634 5093 S.._super
1672 5016 1945 5093 cranium.

227 5028 312 5149 gl)
359 5028 446 5085 (1.,
475 5028 834 5088 cont’ringuut
866 5028 962 5072 tibi
1006 5028 1278 5073 rranium.
1333 5028 1416 5076 δ..
1471 5032 1634 5086 super
1672 5031 1888 5072 cramur

280 5095 422 5147 ilior.
499 5094 573 5160 (q)
617 5090 844 5161 Reliqui,
874 5089 1078 5161 malitia
1117 5097 1229 5142 tua.
1309 5087 1380 5161 (ς)
1419 5085 1485 5161 Et
1521 5086 1736 5161 aversio
1772 5096 1888 5161 tua.

227 5168 401 5220 timor
425 5156 542 5216 mei
558 5156 707 5230 apud
735 5156 808 5226 te,
845 5160 978 5213 dicit
1008 5157 1305 5230 Dominus,
1329 5156 1594 5230 Dominus
1623 5157 1982 5230 mi_litiarum(

231 5245 307 5290 te.
387 5234 467 5301 (ιι)
501 5227 740 5294 Α.,’ΊἸι.,
773 5230 1079 5285 abscidisti.
1157 5230 1236 5300 (π)
1274 5229 1366 5301 A.,
1403 5227 2005 5301 T'Ii.,simulexsistens
2029 5231 2081 5283 in
2119 5227 2298 5301 strato
2327 5227 2608 5301 meretrix.

229 5297 455 5358 verum.
528 5303 602 5371 (ι)
642 5301 724 5362 8..
763 5301 968 5371 polluta
997 5297 1372 5370 iniquitatibus
1403 5299 1530 5352 tuis.
1609 5299 1701 5371 (q),
1731 5297 1822 5371 A.,

611 5371 670 5434 3.,
705 5367 929 5437 onager,
979 5367 1202 5425 edoctus
1242 5372 1542 5424 desertum.
1613 5367 1712 5437 7(c)
1753 5368 1842 5434 A.,
1889 5371 2050 5423 traxit
2081 5379 2324 5424 ventum.
2368 5367 2706 5435 SI,‘odorata
2741 5382 2826 5427 est
2853 5383 3096 5430 ventum.

2110 4875 2417 4957 gg)'Jacob.
2492 4880 2574 4957 gi)
2618 4883 2708 4946 A.,
2753 4875 2807 4935 in
2839 4875 3225 4957 direptionem.
3263 4875 3500 4957 _f(i)'A.,

2561 4986 2571 5032 ε
2605 4961 2832 5032 vastata:
2867 4964 3015 5006 sunt.
3123 4953 3220 5032 (νη)
3263 4953 3500 5032 Eursus.

2057 5021 2131 5089 (ο)
2172 5019 2265 5082 Α.,
2297 5018 2382 5085 8.,
2417 5021 2684 5100 Dominus
2717 5020 2858 5076 Deus
2883 5030 3034 5079 tuus.
3131 5018 3226 5100 '(p')
3266 5025 3501 5100 Reliqui,

1971 5088 2038 5157 (δ)
2079 5089 2170 5154 Α.,
2211 5087 2294 5153 8.,
2327 5088 2620 5144 Dominum
2653 5089 2825 5145 Deum
2852 5101 3032 5148 tuum.
3107 5094 3172 5157 (ι)
3198 5097 3286 5157 Α..
3308 5107 3364 5152 et
3393 5115 3501 5155 non

1989 5089 2038 5213 ἲ)
2079 5089 2294 5184 A.,'S.,
2327 5089 2620 5144 Dominum
2653 5089 2825 5145 Deum
2852 5101 3056 5178 tuum..
3107 5089 3286 5166 (ὅλη
3308 5107 3364 5178 et
3393 5089 3504 5155 non

2029 5159 2217 5238 aliqui,
2243 5161 2556 5230 virtutum).
2588 5159 2756 5238 S..‘e_t
2783 5177 2892 5238 non
2914 5173 2998 5238 est
3022 5175 3188 5220 timor
3221 5183 3326 5222 met
3359 5171 3504 5238 apud

1909 5245 2005 5284 ens
2029 5231 2081 5283 in
2124 5237 2298 5284 strato
2327 5241 2608 5285 meretrix.
2671 5230 2748 5301 (ῃ)
2779 5233 2869 5292 Α..
2911 5233 3100 5303 Sorec,
3125 5245 3290 5291 totam
3315 5230 3502 5293 semen

1909 5341 1946 5366 .,
1986 5300 2038 5353 in
2069 5299 2328 5354 vallibus.
2409 5300 2483 5370 (b)
2525 5301 2617 5365 A.,
2660 5303 3004 5360 dromedaria
3035 5308 3190 5370 levis,
3217 5308 3506 5374 implicatus

1912 5371 2050 5423 raxit
2081 5379 2324 5446 ventum.
2480 5371 2706 5446 odorata
2741 5382 3096 5446 est_ventum.
3202 5377 3281 5446 (ὀ)
3321 5377 3412 5443 Α.,
3448 5378 3502 5430 in

1732 5440 2145 5518 discalccatum.
2222 5439 2297 5510 (g)
2338 5440 2558 5518 Abscidi
2583 5442 2901 5518 _spem.AS.,
2931 5439 3216 5518 aegrotavi.
3252 5439 3502 5518 ξ(Ιι)ίΑ.,

1231 5510 1292 5582 (ἰ)
1332 5506 1540 5583 ᾼ.,-8.,
1574 5508 1817 5578 litigatis.
1877 5512 1961 5583 χ’)
1981 5509 2094 5563 Vox
2123 5506 2372 5583 arm—{112,
2387 5506 2762 5583 disciplinam,
2789 5506 3161 5580 hic-vel'meo,
3185 5515 3268 5571 vel
3297 5506 3506 5573 codicis

1867 5579 2340 5652 _(l)_A.,-serotina
2386 5581 2440 5634 in
2468 5579 2742 5652 genitura.
2782 5583 2868 5648 8.,
2897 5579 3160 5640 serotina.

1809 5647 2020 5725 (o)_'A.,
2052 5647 2137 5725 8.,
2174 5659 2228 5704 ει
2258 5647 2495 5725 sponsa:
2561 5653 2637 5725 (ρ)
2680 5656 2767 5720 Α.,
2797 5647 2896 5709 cur
2925 5654 3201 5710 benefacis
3239 5647 3501 5712 viantum.

1399 5720 1469 5796 (_r)_
1511 5721 1601 5784 Α..
1634 5730 1857 5796 propter
1876 5719 2173 5796 hocetiam
2209 5723 2379 5777 malas
2403 5719 2657 5780 docuisti.
2737 5726 2806 5796 (ς)
2846 5731 2932 5793 Α.,
2967 5728 3052 5792 8.,

3273 5589 3370 5655 (m)
3411 5592 3500 5652 Α..

3087 5736 3142 5780 ct
3165 5728 3217 5781 in
3247 5727 3349 5783 alis
3373 5729 3501 5783 tuis.

233 5789 307 5865 (ἱ)
343 5795 435 5856 Α..
470 5808 652 5849 nonne
677 5789 881 5848 factum
903 5789 986 5848 est
1012 5792 1290 5848 occidione
1317 5789 1694 5847 occideretur?
1767 5789 1844 5860 (Il)
1875 5789 2086 5844 Mulier.
