  <div class='ocr_page' id='page_1' title='image "/cluster/home/n/w/nwhite01/storage/ocr_20150623/16, pt. 2 (Origen, pt. 6)/nyp.33433081862330/531.png"; bbox 0 0 3902 6502; ppageno 0'>
   <div class='ocr_carea' id='block_1_1' title="bbox 436 389 575 450">
    <p class='ocr_par' dir='ltr' id='par_1_1' title="bbox 436 389 575 450">
     <span class='ocr_line' id='line_1_1' title="bbox 436 389 575 450; baseline -0.043 0"><span class='ocrx_word' id='word_1_1' title='bbox 436 389 575 450; x_wconf 70' lang='grc'><strong>2307</strong></span> 
     </span>
    </p>
   </div>
   <div class='ocr_carea' id='block_1_2' title="bbox 439 589 2020 666">
    <p class='ocr_par' dir='ltr' id='par_1_2' title="bbox 439 589 2020 666">
     <span class='ocr_line' id='line_1_2' title="bbox 439 589 2020 666; baseline -0.001 -17"><span class='ocrx_word' id='word_1_2' title='bbox 439 596 518 666; x_wconf 72' lang='grc' dir='ltr'><strong>(π)</strong></span> <span class='ocrx_word' id='word_1_3' title='bbox 588 607 884 664; x_wconf 81' lang='lat' dir='ltr'><strong>conspersa</strong></span> <span class='ocrx_word' id='word_1_4' title='bbox 929 591 1122 647; x_wconf 80' lang='lat' dir='ltr'><strong>fueris.</strong></span> <span class='ocrx_word' id='word_1_5' title='bbox 1173 589 1351 662; x_wconf 84' lang='lat' dir='ltr'><strong>Super</strong></span> <span class='ocrx_word' id='word_1_6' title='bbox 1385 591 1487 647; x_wconf 86' lang='lat' dir='ltr'><strong>viis</strong></span> <span class='ocrx_word' id='word_1_7' title='bbox 1515 591 1594 662; x_wconf 81' lang='lat' dir='ltr'><strong>(y)</strong></span> <span class='ocrx_word' id='word_1_8' title='bbox 1631 593 1882 655; x_wconf 80' lang='lat' dir='ltr'><strong>sedebas,</strong></span> <span class='ocrx_word' id='word_1_9' title='bbox 1915 593 2020 656; x_wconf 86' lang='lat' dir='ltr'><strong>eis,</strong></span> 
     </span>
    </p>
   </div>
   <div class='ocr_carea' id='block_1_3' title="bbox 408 683 2024 757">
    <p class='ocr_par' dir='ltr' id='par_1_3' title="bbox 408 683 2024 757">
     <span class='ocr_line' id='line_1_3' title="bbox 408 683 2024 757; baseline -0.002 -16"><span class='ocrx_word' id='word_1_10' title='bbox 408 689 513 757; x_wconf 78' lang='lat' dir='ltr'><strong>-(z)</strong></span> <span class='ocrx_word' id='word_1_11' title='bbox 540 696 600 743; x_wconf 90' lang='lat' dir='ltr'><strong>ut</strong></span> <span class='ocrx_word' id='word_1_12' title='bbox 625 687 841 748; x_wconf 82' lang='lat' dir='ltr'><strong>cornix,</strong></span> <span class='ocrx_word' id='word_1_13' title='bbox 867 695 1102 740; x_wconf 85' lang='lat' dir='ltr'><strong>vastata.</strong></span> <span class='ocrx_word' id='word_1_14' title='bbox 1142 684 1208 739; x_wconf 84' lang='lat' dir='ltr'><strong>Et</strong></span> <span class='ocrx_word' id='word_1_15' title='bbox 1234 683 1476 755; x_wconf 84' lang='lat' dir='ltr'><strong>polluisti</strong></span> <span class='ocrx_word' id='word_1_16' title='bbox 1515 693 1714 739; x_wconf 90' lang='lat' dir='ltr'><strong>terram</strong></span> <span class='ocrx_word' id='word_1_17' title='bbox 1766 685 1818 738; x_wconf 93' lang='lat' dir='ltr'><strong>in</strong></span> <span class='ocrx_word' id='word_1_18' title='bbox 1869 698 2024 738; x_wconf 88' lang='lat' dir='ltr'><strong>scor-</strong></span> 
     </span>
    </p>
   </div>
   <div class='ocr_carea' id='block_1_4' title="bbox 419 777 2022 849">
    <p class='ocr_par' dir='ltr' id='par_1_4' title="bbox 419 777 2022 849">
     <span class='ocr_line' id='line_1_4' title="bbox 419 777 2022 849; baseline -0.001 -15"><span class='ocrx_word' id='word_1_19' title='bbox 419 779 749 836; x_wconf 79' lang='lat' dir='ltr'><strong>tationibus</strong></span> <span class='ocrx_word' id='word_1_20' title='bbox 777 779 908 842; x_wconf 87' lang='lat' dir='ltr'><strong>tuis,</strong></span> <span class='ocrx_word' id='word_1_21' title='bbox 942 786 996 832; x_wconf 90' lang='lat' dir='ltr'><strong>et</strong></span> <span class='ocrx_word' id='word_1_22' title='bbox 1030 777 1085 831; x_wconf 89' lang='lat' dir='ltr'><strong>in</strong></span> <span class='ocrx_word' id='word_1_23' title='bbox 1119 778 1285 831; x_wconf 89' lang='lat' dir='ltr'><strong>malis</strong></span> <span class='ocrx_word' id='word_1_24' title='bbox 1321 777 1432 830; x_wconf 83' lang='lat' dir='ltr'><strong>tuis</strong></span> <span class='ocrx_word' id='word_1_25' title='bbox 1467 795 1479 830; x_wconf 89' lang='lat'>:</span> <span class='ocrx_word' id='word_1_26' title='bbox 1512 777 1568 831; x_wconf 78' lang='grc'><strong>5.</strong></span> <span class='ocrx_word' id='word_1_27' title='bbox 1601 777 1678 847; x_wconf 79' lang='lat' dir='ltr'><strong>(a)</strong></span> <span class='ocrx_word' id='word_1_28' title='bbox 1721 784 1775 832; x_wconf 85' lang='lat' dir='ltr'><strong>et</strong></span> <span class='ocrx_word' id='word_1_29' title='bbox 1827 792 2022 849; x_wconf 89' lang='lat' dir='ltr'><strong>posse-</strong></span> 
     </span>
    </p>
   </div>
   <div class='ocr_carea' id='block_1_5' title="bbox 441 866 2020 941">
    <p class='ocr_par' dir='ltr' id='par_1_5' title="bbox 441 866 2020 941">
     <span class='ocr_line' id='line_1_5' title="bbox 441 866 2020 941; baseline 0.001 -18"><span class='ocrx_word' id='word_1_30' title='bbox 441 871 573 926; x_wconf 84' lang='lat' dir='ltr'><strong>distl</strong></span> <span class='ocrx_word' id='word_1_31' title='bbox 618 879 868 941; x_wconf 74' lang='lat' dir='ltr'><strong>pastores</strong></span> <span class='ocrx_word' id='word_1_32' title='bbox 907 870 1110 924; x_wconf 83' lang='lat' dir='ltr'><strong>multos</strong></span> <span class='ocrx_word' id='word_1_33' title='bbox 1144 868 1198 922; x_wconf 93' lang='lat' dir='ltr'><strong>in</strong></span> <span class='ocrx_word' id='word_1_34' title='bbox 1231 866 1622 924; x_wconf 77' lang='lat' dir='ltr'><strong>oﬂendiculum</strong></span> <span class='ocrx_word' id='word_1_35' title='bbox 1677 869 1772 922; x_wconf 89' lang='lat' dir='ltr'><strong>tibi</strong></span> <span class='ocrx_word' id='word_1_36' title='bbox 1807 869 1885 937; x_wconf 66' lang='grc' dir='ltr'><strong>(ὁ)</strong></span> <span class='ocrx_word' id='word_1_37' title='bbox 1921 868 2020 939; x_wconf 83' lang='lat' dir='ltr'><strong>(b).</strong></span> 
     </span>
    </p>
   </div>
   <div class='ocr_carea' id='block_1_6' title="bbox 444 956 2025 1040">
    <p class='ocr_par' dir='ltr' id='par_1_6' title="bbox 444 956 2025 1040">
     <span class='ocr_line' id='line_1_6' title="bbox 444 956 2025 1040; baseline 0 -28"><span class='ocrx_word' id='word_1_38' title='bbox 444 959 638 1016; x_wconf 80' lang='lat' dir='ltr'><strong>Facies</strong></span> <span class='ocrx_word' id='word_1_39' title='bbox 667 962 734 1026; x_wconf 79' lang='lat' dir='ltr'><strong>)t(</strong></span> <span class='ocrx_word' id='word_1_40' title='bbox 765 958 1018 1040; x_wconf 64' lang='lat' dir='ltr'><strong>mulieris</strong></span> <span class='ocrx_word' id='word_1_41' title='bbox 1048 957 1070 1026; x_wconf 70' lang='grc' dir='ltr'>ζ</span> <span class='ocrx_word' id='word_1_42' title='bbox 1107 957 1416 1013; x_wconf 75' lang='lat' dir='ltr'><strong>meretricis</strong></span> <span class='ocrx_word' id='word_1_43' title='bbox 1442 956 1583 1012; x_wconf 84' lang='lat' dir='ltr'><strong>facta</strong></span> <span class='ocrx_word' id='word_1_44' title='bbox 1631 967 1716 1013; x_wconf 90' lang='lat' dir='ltr'><strong>est</strong></span> <span class='ocrx_word' id='word_1_45' title='bbox 1739 958 1837 1012; x_wconf 91' lang='lat' dir='ltr'><strong>tibi</strong></span> <span class='ocrx_word' id='word_1_46' title='bbox 1870 977 1884 1013; x_wconf 91' lang='lat'><strong>:</strong></span> <span class='ocrx_word' id='word_1_47' title='bbox 1923 974 2025 1012; x_wconf 85' lang='lat' dir='ltr'><strong>au-</strong></span> 
     </span>
    </p>
   </div>
   <div class='ocr_carea' id='block_1_7' title="bbox 442 1047 2026 1119">
    <p class='ocr_par' dir='ltr' id='par_1_7' title="bbox 442 1047 2026 1119">
     <span class='ocr_line' id='line_1_7' title="bbox 442 1047 2026 1119; baseline -0.005 -11"><span class='ocrx_word' id='word_1_48' title='bbox 442 1051 550 1108; x_wconf 75' lang='lat' dir='ltr'><strong>dax</strong></span> <span class='ocrx_word' id='word_1_49' title='bbox 583 1051 737 1106; x_wconf 80' lang='lat' dir='ltr'><strong>fuisti</strong></span> <span class='ocrx_word' id='word_1_50' title='bbox 765 1050 839 1119; x_wconf 80' lang='grc' dir='ltr'><strong>(ε)</strong></span> <span class='ocrx_word' id='word_1_51' title='bbox 877 1051 1145 1104; x_wconf 85' lang='lat' dir='ltr'><strong>adversus</strong></span> <span class='ocrx_word' id='word_1_52' title='bbox 1169 1063 1382 1103; x_wconf 89' lang='lat' dir='ltr'><strong>omnes.</strong></span> <span class='ocrx_word' id='word_1_53' title='bbox 1415 1047 1575 1117; x_wconf 72' lang='grc'><strong>4.((1)</strong></span> <span class='ocrx_word' id='word_1_54' title='bbox 1611 1047 1804 1103; x_wconf 77' lang='lat' dir='ltr'><strong>Nonne</strong></span> <span class='ocrx_word' id='word_1_55' title='bbox 1840 1059 1898 1104; x_wconf 94' lang='lat' dir='ltr'><strong>ut</strong></span> <span class='ocrx_word' id='word_1_56' title='bbox 1926 1050 2026 1104; x_wconf 80' lang='lat' dir='ltr'><strong>do-</strong></span> 
     </span>
    </p>
   </div>
   <div class='ocr_carea' id='block_1_8' title="bbox 447 1140 2026 1212">
    <p class='ocr_par' dir='ltr' id='par_1_8' title="bbox 447 1140 2026 1212">
     <span class='ocr_line' id='line_1_8' title="bbox 447 1140 2026 1212; baseline -0.002 -14"><span class='ocrx_word' id='word_1_57' title='bbox 447 1144 658 1198; x_wconf 90' lang='lat' dir='ltr'><strong>minum</strong></span> <span class='ocrx_word' id='word_1_58' title='bbox 677 1142 882 1199; x_wconf 85' lang='lat' dir='ltr'><strong>vocasti</strong></span> <span class='ocrx_word' id='word_1_59' title='bbox 906 1157 1014 1207; x_wconf 90' lang='lat' dir='ltr'><strong>me,</strong></span> <span class='ocrx_word' id='word_1_60' title='bbox 1033 1151 1088 1197; x_wconf 89' lang='lat' dir='ltr'><strong>et</strong></span> <span class='ocrx_word' id='word_1_61' title='bbox 1111 1151 1342 1211; x_wconf 81' lang='lat' dir='ltr'><strong>patrem.</strong></span> <span class='ocrx_word' id='word_1_62' title='bbox 1367 1148 1425 1195; x_wconf 89' lang='lat' dir='ltr'><strong>et</strong></span> <span class='ocrx_word' id='word_1_63' title='bbox 1445 1140 1744 1211; x_wconf 86' lang='lat' dir='ltr'><strong>principem</strong></span> <span class='ocrx_word' id='word_1_64' title='bbox 1767 1141 1836 1210; x_wconf 84' lang='lat' dir='ltr'><strong>(e)</strong></span> <span class='ocrx_word' id='word_1_65' title='bbox 1862 1143 2026 1212; x_wconf 88' lang='lat' dir='ltr'><strong>virgi-</strong></span> 
     </span>
    </p>
   </div>
   <div class='ocr_carea' id='block_1_9' title="bbox 445 1233 2026 1304">
    <p class='ocr_par' dir='ltr' id='par_1_9' title="bbox 445 1233 2026 1304">
     <span class='ocr_line' id='line_1_9' title="bbox 445 1233 2026 1304; baseline -0.002 -13"><span class='ocrx_word' id='word_1_66' title='bbox 445 1238 634 1292; x_wconf 91' lang='lat' dir='ltr'><strong>nitatis</strong></span> <span class='ocrx_word' id='word_1_67' title='bbox 659 1235 803 1291; x_wconf 75' lang='lat' dir='ltr'><strong>tute?</strong></span> <span class='ocrx_word' id='word_1_68' title='bbox 833 1234 886 1290; x_wconf 86' lang='lat'><strong>5.</strong></span> <span class='ocrx_word' id='word_1_69' title='bbox 924 1236 1066 1289; x_wconf 82' lang='lat' dir='ltr'><strong>Num</strong></span> <span class='ocrx_word' id='word_1_70' title='bbox 1101 1233 1442 1304; x_wconf 81' lang='lat' dir='ltr'><strong>permanebit</strong></span> <span class='ocrx_word' id='word_1_71' title='bbox 1495 1233 1550 1287; x_wconf 90' lang='lat' dir='ltr'><strong>in</strong></span> <span class='ocrx_word' id='word_1_72' title='bbox 1597 1244 1884 1297; x_wconf 57' lang='lat' dir='ltr'><strong>internum,</strong></span> <span class='ocrx_word' id='word_1_73' title='bbox 1931 1243 2026 1288; x_wconf 89' lang='lat' dir='ltr'><strong>aut</strong></span> 
     </span>
    </p>
   </div>
   <div class='ocr_carea' id='block_1_10' title="bbox 445 1324 2024 1398">
    <p class='ocr_par' dir='ltr' id='par_1_10' title="bbox 445 1324 2024 1398">
     <span class='ocr_line' id='line_1_10' title="bbox 445 1324 2024 1398; baseline -0.004 -14"><span class='ocrx_word' id='word_1_74' title='bbox 445 1329 757 1398; x_wconf 78' lang='lat' dir='ltr'><strong>servabitur</strong></span> <span class='ocrx_word' id='word_1_75' title='bbox 786 1327 838 1382; x_wconf 91' lang='lat' dir='ltr'><strong>in</strong></span> <span class='ocrx_word' id='word_1_76' title='bbox 885 1325 1207 1380; x_wconf 81' lang='lat' dir='ltr'><strong>victoriam?</strong></span> <span class='ocrx_word' id='word_1_77' title='bbox 1238 1324 1378 1379; x_wconf 87' lang='lat' dir='ltr'><strong>Ecce</strong></span> <span class='ocrx_word' id='word_1_78' title='bbox 1406 1324 1587 1379; x_wconf 87' lang='lat' dir='ltr'><strong>locuta</strong></span> <span class='ocrx_word' id='word_1_79' title='bbox 1629 1341 1712 1388; x_wconf 88' lang='lat' dir='ltr'><strong>es,</strong></span> <span class='ocrx_word' id='word_1_80' title='bbox 1753 1334 1808 1381; x_wconf 92' lang='lat' dir='ltr'><strong>et</strong></span> <span class='ocrx_word' id='word_1_81' title='bbox 1848 1324 2024 1380; x_wconf 79' lang='lat' dir='ltr'><strong>fecisti</strong></span> 
     </span>
    </p>
   </div>
   <div class='ocr_carea' id='block_1_11' title="bbox 447 1416 2027 1488">
    <p class='ocr_par' dir='ltr' id='par_1_11' title="bbox 447 1416 2027 1488">
     <span class='ocr_line' id='line_1_11' title="bbox 447 1416 2027 1488; baseline -0.004 -14"><span class='ocrx_word' id='word_1_82' title='bbox 447 1420 591 1474; x_wconf 79' lang='lat' dir='ltr'><strong>mala</strong></span> <span class='ocrx_word' id='word_1_83' title='bbox 621 1421 758 1484; x_wconf 67' lang='lat' dir='ltr'><strong>haec,</strong></span> <span class='ocrx_word' id='word_1_84' title='bbox 789 1427 844 1473; x_wconf 91' lang='lat' dir='ltr'><strong>et</strong></span> <span class='ocrx_word' id='word_1_85' title='bbox 884 1417 1129 1488; x_wconf 75' lang='lat' dir='ltr'><strong>potuisti.</strong></span> <span class='ocrx_word' id='word_1_86' title='bbox 1178 1417 1232 1471; x_wconf 84' lang='lat'><strong>6.</strong></span> <span class='ocrx_word' id='word_1_87' title='bbox 1283 1416 1346 1470; x_wconf 83' lang='lat' dir='ltr'><strong>Et</strong></span> <span class='ocrx_word' id='word_1_88' title='bbox 1377 1416 1516 1470; x_wconf 83' lang='lat' dir='ltr'><strong>dixit</strong></span> <span class='ocrx_word' id='word_1_89' title='bbox 1547 1416 1812 1471; x_wconf 78' lang='lat' dir='ltr'><strong>Dominus</strong></span> <span class='ocrx_word' id='word_1_90' title='bbox 1840 1416 1908 1470; x_wconf 80' lang='lat' dir='ltr'><strong>ad</strong></span> <span class='ocrx_word' id='word_1_91' title='bbox 1940 1432 2027 1469; x_wconf 89' lang='lat' dir='ltr'><strong>me</strong></span> 
     </span>
    </p>
   </div>
   <div class='ocr_carea' id='block_1_12' title="bbox 446 1507 2025 1578">
    <p class='ocr_par' dir='ltr' id='par_1_12' title="bbox 446 1507 2025 1578">
     <span class='ocr_line' id='line_1_12' title="bbox 446 1507 2025 1578; baseline -0.003 -14"><span class='ocrx_word' id='word_1_92' title='bbox 446 1512 504 1566; x_wconf 84' lang='lat' dir='ltr'><strong>in</strong></span> <span class='ocrx_word' id='word_1_93' title='bbox 534 1511 732 1566; x_wconf 89' lang='lat' dir='ltr'><strong>diebus</strong></span> <span class='ocrx_word' id='word_1_94' title='bbox 769 1509 932 1565; x_wconf 77' lang='lat' dir='ltr'><strong>Josiar.</strong></span> <span class='ocrx_word' id='word_1_95' title='bbox 968 1509 1114 1578; x_wconf 82' lang='lat' dir='ltr'><strong>regis</strong></span> <span class='ocrx_word' id='word_1_96' title='bbox 1147 1526 1160 1562; x_wconf 87' lang='lat'><strong>:</strong></span> <span class='ocrx_word' id='word_1_97' title='bbox 1207 1507 1422 1570; x_wconf 83' lang='lat' dir='ltr'><strong>Vidisti,</strong></span> <span class='ocrx_word' id='word_1_98' title='bbox 1459 1522 1585 1578; x_wconf 62' lang='lat' dir='ltr'><strong>qua</strong></span> <span class='ocrx_word' id='word_1_99' title='bbox 1612 1507 1740 1563; x_wconf 77' lang='lat' dir='ltr'><strong>fecit</strong></span> <span class='ocrx_word' id='word_1_100' title='bbox 1786 1508 1920 1562; x_wconf 85' lang='lat' dir='ltr'><strong>mihi</strong></span> <span class='ocrx_word' id='word_1_101' title='bbox 1957 1508 2025 1576; x_wconf 67' lang='grc' dir='ltr'><strong>(ρ)</strong></span> 
     </span>
    </p>
   </div>
   <div class='ocr_carea' id='block_1_13' title="bbox 447 1599 2025 1668">
    <p class='ocr_par' dir='ltr' id='par_1_13' title="bbox 447 1599 2025 1668">
     <span class='ocr_line' id='line_1_13' title="bbox 447 1599 2025 1668; baseline -0.003 -11"><span class='ocrx_word' id='word_1_102' title='bbox 447 1603 744 1657; x_wconf 72' lang='lat' dir='ltr'><strong>habitatrix</strong></span> <span class='ocrx_word' id='word_1_103' title='bbox 775 1600 1032 1656; x_wconf 83' lang='lat' dir='ltr'><strong>lsraelis?</strong></span> <span class='ocrx_word' id='word_1_104' title='bbox 1069 1599 1171 1654; x_wconf 87' lang='lat' dir='ltr'><strong>Ivit</strong></span> <span class='ocrx_word' id='word_1_105' title='bbox 1201 1602 1268 1668; x_wconf 58' lang='grc' dir='ltr'><strong>ῖς(</strong></span> <span class='ocrx_word' id='word_1_106' title='bbox 1291 1600 1394 1654; x_wconf 84' lang='lat' dir='ltr'><strong>sibi</strong></span> <span class='ocrx_word' id='word_1_107' title='bbox 1429 1600 1531 1668; x_wconf 77' lang='lat' dir='ltr'><strong>ipsi</strong></span> <span class='ocrx_word' id='word_1_108' title='bbox 1561 1601 1582 1666; x_wconf 73' lang='grc' dir='ltr'>ζ</span> <span class='ocrx_word' id='word_1_109' title='bbox 1619 1613 1784 1668; x_wconf 82' lang='lat' dir='ltr'><strong>super</strong></span> <span class='ocrx_word' id='word_1_110' title='bbox 1805 1613 2025 1652; x_wconf 84' lang='lat' dir='ltr'><strong>omnem</strong></span> 
     </span>
    </p>
   </div>
   <div class='ocr_carea' id='block_1_14' title="bbox 447 1689 2028 1760">
    <p class='ocr_par' dir='ltr' id='par_1_14' title="bbox 447 1689 2028 1760">
     <span class='ocr_line' id='line_1_14' title="bbox 447 1689 2028 1760; baseline -0.004 -12"><span class='ocrx_word' id='word_1_111' title='bbox 447 1701 689 1748; x_wconf 80' lang='lat' dir='ltr'><strong>montem</strong></span> <span class='ocrx_word' id='word_1_112' title='bbox 725 1691 1104 1755; x_wconf 83' lang='lat' dir='ltr'><strong>excelsum,et</strong></span> <span class='ocrx_word' id='word_1_113' title='bbox 1133 1692 1324 1745; x_wconf 85' lang='lat' dir='ltr'><strong>subter</strong></span> <span class='ocrx_word' id='word_1_114' title='bbox 1358 1704 1525 1745; x_wconf 90' lang='lat' dir='ltr'><strong>omne</strong></span> <span class='ocrx_word' id='word_1_115' title='bbox 1557 1690 1766 1760; x_wconf 84' lang='lat' dir='ltr'><strong>lignum</strong></span> <span class='ocrx_word' id='word_1_116' title='bbox 1793 1689 1870 1760; x_wconf 78' lang='lat' dir='ltr'><strong>(g)</strong></span> <span class='ocrx_word' id='word_1_117' title='bbox 1907 1705 2028 1743; x_wconf 86' lang='lat' dir='ltr'><strong>urn-</strong></span> 
     </span>
    </p>
   </div>
   <div class='ocr_carea' id='block_1_15' title="bbox 447 1780 2026 1854">
    <p class='ocr_par' dir='ltr' id='par_1_15' title="bbox 447 1780 2026 1854">
     <span class='ocr_line' id='line_1_15' title="bbox 447 1780 2026 1854; baseline -0.003 -16"><span class='ocrx_word' id='word_1_118' title='bbox 447 1785 695 1854; x_wconf 80' lang='lat' dir='ltr'><strong>brosum,</strong></span> <span class='ocrx_word' id='word_1_119' title='bbox 725 1793 780 1838; x_wconf 89' lang='lat' dir='ltr'><strong>et</strong></span> <span class='ocrx_word' id='word_1_120' title='bbox 815 1790 1054 1837; x_wconf 88' lang='lat' dir='ltr'><strong>scortata</strong></span> <span class='ocrx_word' id='word_1_121' title='bbox 1095 1793 1178 1837; x_wconf 84' lang='lat' dir='ltr'><strong>est</strong></span> <span class='ocrx_word' id='word_1_122' title='bbox 1206 1782 1299 1837; x_wconf 91' lang='lat' dir='ltr'><strong>ibi.</strong></span> <span class='ocrx_word' id='word_1_123' title='bbox 1360 1783 1412 1835; x_wconf 86' lang='grc'><strong>7.</strong></span> <span class='ocrx_word' id='word_1_124' title='bbox 1473 1780 1538 1835; x_wconf 82' lang='lat' dir='ltr'><strong>Et</strong></span> <span class='ocrx_word' id='word_1_125' title='bbox 1568 1781 1702 1846; x_wconf 90' lang='lat' dir='ltr'><strong>dixi,</strong></span> <span class='ocrx_word' id='word_1_126' title='bbox 1737 1791 2026 1852; x_wconf 77' lang='lat' dir='ltr'><strong>postquam</strong></span> 
     </span>
    </p>
   </div>
   <div class='ocr_carea' id='block_1_16' title="bbox 430 1845 2106 1929">
    <p class='ocr_par' dir='ltr' id='par_1_16' title="bbox 430 1845 2106 1929">
     <span class='ocr_line' id='line_1_16' title="bbox 430 1845 2106 1929; baseline -0.005 0"><span class='ocrx_word' id='word_1_127' title='bbox 430 1845 691 1929; x_wconf 55' lang='lat' dir='ltr'><strong>*scortata</strong></span> <span class='ocrx_word' id='word_1_128' title='bbox 710 1880 830 1928; x_wconf 84' lang='lat' dir='ltr'><strong>erat</strong></span> <span class='ocrx_word' id='word_1_129' title='bbox 863 1872 980 1926; x_wconf 70' lang='lat' dir='ltr'><strong>haec</strong></span> <span class='ocrx_word' id='word_1_130' title='bbox 1011 1871 1193 1926; x_wconf 87' lang='lat' dir='ltr'><strong>omnia</strong></span> <span class='ocrx_word' id='word_1_131' title='bbox 1223 1888 1240 1925; x_wconf 87' lang='lat'><strong>:</strong></span> <span class='ocrx_word' id='word_1_132' title='bbox 1267 1870 1345 1924; x_wconf 83' lang='lat' dir='ltr'><strong>Ad</strong></span> <span class='ocrx_word' id='word_1_133' title='bbox 1393 1885 1482 1926; x_wconf 89' lang='lat' dir='ltr'><strong>me</strong></span> <span class='ocrx_word' id='word_1_134' title='bbox 1509 1845 1804 1928; x_wconf 70' lang='lat' dir='ltr'><strong>revertere.</strong></span> <span class='ocrx_word' id='word_1_135' title='bbox 1831 1845 1898 1923; x_wconf 77' lang='lat' dir='ltr'><strong>Et</strong></span> <span class='ocrx_word' id='word_1_136' title='bbox 1922 1886 2028 1924; x_wconf 88' lang='lat' dir='ltr'><strong>non</strong></span> <span class='ocrx_word' id='word_1_137' title='bbox 2061 1845 2106 1900; x_wconf 66' lang='grc'><strong><em>⁵</em></strong></span> 
     </span>
    </p>
   </div>
   <div class='ocr_carea' id='block_1_17' title="bbox 437 1961 2034 2033">
    <p class='ocr_par' dir='ltr' id='par_1_17' title="bbox 437 1961 2034 2033">
     <span class='ocr_line' id='line_1_17' title="bbox 437 1961 2034 2033; baseline -0.002 -15"><span class='ocrx_word' id='word_1_138' title='bbox 437 1979 667 2022; x_wconf 75' lang='lat' dir='ltr'><strong>reversa</strong></span> <span class='ocrx_word' id='word_1_139' title='bbox 700 1973 802 2020; x_wconf 89' lang='lat' dir='ltr'><strong>est.</strong></span> <span class='ocrx_word' id='word_1_140' title='bbox 838 1963 905 2018; x_wconf 86' lang='lat' dir='ltr'><strong>Et</strong></span> <span class='ocrx_word' id='word_1_141' title='bbox 937 1963 1074 2018; x_wconf 88' lang='lat' dir='ltr'><strong>vidit</strong></span> <span class='ocrx_word' id='word_1_142' title='bbox 1102 1963 1607 2033; x_wconf 70' lang='lat' dir='ltr'><strong>praevaricationem</strong></span> <span class='ocrx_word' id='word_1_143' title='bbox 1637 1961 1757 2030; x_wconf 83' lang='lat' dir='ltr'><strong>ejus</strong></span> <span class='ocrx_word' id='word_1_144' title='bbox 1798 1962 1873 2031; x_wconf 73' lang='lat' dir='ltr'><strong>Ut)</strong></span> <span class='ocrx_word' id='word_1_145' title='bbox 1898 1975 2034 2029; x_wconf 68' lang='lat' dir='ltr'><strong>pra:-</strong></span> 
     </span>
    </p>
   </div>
   <div class='ocr_carea' id='block_1_18' title="bbox 439 2053 2030 2124">
    <p class='ocr_par' dir='ltr' id='par_1_18' title="bbox 439 2053 2030 2124">
     <span class='ocr_line' id='line_1_18' title="bbox 439 2053 2030 2124; baseline -0.001 -16"><span class='ocrx_word' id='word_1_146' title='bbox 439 2056 743 2111; x_wconf 54' lang='lat' dir='ltr'><strong>‘varicatrix</strong></span> <span class='ocrx_word' id='word_1_147' title='bbox 787 2054 965 2110; x_wconf 65' lang='lat' dir='ltr'><strong>Judae.</strong></span> <span class='ocrx_word' id='word_1_148' title='bbox 1015 2056 1069 2110; x_wconf 80' lang='lat'><strong>8.</strong></span> <span class='ocrx_word' id='word_1_149' title='bbox 1119 2054 1187 2108; x_wconf 89' lang='lat' dir='ltr'><strong>Et</strong></span> <span class='ocrx_word' id='word_1_150' title='bbox 1229 2055 1354 2114; x_wconf 88' lang='lat' dir='ltr'><strong>vidi,</strong></span> <span class='ocrx_word' id='word_1_151' title='bbox 1405 2054 1550 2124; x_wconf 82' lang='lat' dir='ltr'><strong>quod</strong></span> <span class='ocrx_word' id='word_1_152' title='bbox 1602 2068 1703 2123; x_wconf 76' lang='lat' dir='ltr'><strong>pro</strong></span> <span class='ocrx_word' id='word_1_153' title='bbox 1753 2053 2030 2114; x_wconf 79' lang='lat' dir='ltr'><strong>omnibus,</strong></span> 
     </span>
    </p>
   </div>
   <div class='ocr_carea' id='block_1_19' title="bbox 440 2129 2032 2216">
    <p class='ocr_par' dir='ltr' id='par_1_19' title="bbox 440 2129 2032 2216">
     <span class='ocr_line' id='line_1_19' title="bbox 440 2129 2032 2216; baseline -0.004 -15"><span class='ocrx_word' id='word_1_154' title='bbox 440 2148 649 2216; x_wconf 60' lang='lat' dir='ltr'><strong>quibus</strong></span> <span class='ocrx_word' id='word_1_155' title='bbox 679 2161 741 2203; x_wconf 66' lang='grc' dir='ltr'><strong>σι-</strong></span> <span class='ocrx_word' id='word_1_156' title='bbox 767 2146 1202 2216; x_wconf 84' lang='lat' dir='ltr'><strong>deprehensaest</strong></span> <span class='ocrx_word' id='word_1_157' title='bbox 1227 2147 1250 2215; x_wconf 75' lang='grc' dir='ltr'>ζ</span> <span class='ocrx_word' id='word_1_158' title='bbox 1276 2145 1328 2198; x_wconf 92' lang='lat' dir='ltr'><strong>in</strong></span> <span class='ocrx_word' id='word_1_159' title='bbox 1355 2145 1556 2212; x_wconf 86' lang='lat' dir='ltr'><strong>quibus</strong></span> <span class='ocrx_word' id='word_1_160' title='bbox 1586 2129 1856 2198; x_wconf 65' lang='lat' dir='ltr'><strong>moecham</strong></span> <span class='ocrx_word' id='word_1_161' title='bbox 1877 2142 2032 2211; x_wconf 67' lang='lat' dir='ltr'><strong>esui)</strong></span> 
     </span>
    </p>
   </div>
   <div class='ocr_carea' id='block_1_20' title="bbox 448 2233 2035 2302">
    <p class='ocr_par' dir='ltr' id='par_1_20' title="bbox 448 2233 2035 2302">
     <span class='ocr_line' id='line_1_20' title="bbox 448 2233 2035 2302; baseline -0.003 -10"><span class='ocrx_word' id='word_1_162' title='bbox 448 2233 744 2292; x_wconf 80' lang='lat' dir='ltr'><strong>babitatrix</strong></span> <span class='ocrx_word' id='word_1_163' title='bbox 781 2236 1021 2302; x_wconf 88' lang='lat' dir='ltr'><strong>lsraelis,</strong></span> <span class='ocrx_word' id='word_1_164' title='bbox 1063 2237 1248 2292; x_wconf 87' lang='lat' dir='ltr'><strong>dimisi</strong></span> <span class='ocrx_word' id='word_1_165' title='bbox 1281 2251 1426 2300; x_wconf 90' lang='lat' dir='ltr'><strong>eam,</strong></span> <span class='ocrx_word' id='word_1_166' title='bbox 1458 2244 1512 2290; x_wconf 93' lang='lat' dir='ltr'><strong>et</strong></span> <span class='ocrx_word' id='word_1_167' title='bbox 1543 2234 1667 2291; x_wconf 89' lang='lat' dir='ltr'><strong>dedi</strong></span> <span class='ocrx_word' id='word_1_168' title='bbox 1695 2234 1745 2288; x_wconf 91' lang='lat' dir='ltr'><strong>ei</strong></span> <span class='ocrx_word' id='word_1_169' title='bbox 1788 2233 2035 2289; x_wconf 81' lang='lat' dir='ltr'><strong>libellum</strong></span> 
     </span>
    </p>
   </div>
   <div class='ocr_carea' id='block_1_21' title="bbox 447 2325 2034 2400">
    <p class='ocr_par' dir='ltr' id='par_1_21' title="bbox 447 2325 2034 2400">
     <span class='ocr_line' id='line_1_21' title="bbox 447 2325 2034 2400; baseline -0.003 -18"><span class='ocrx_word' id='word_1_170' title='bbox 447 2331 661 2400; x_wconf 75' lang='lat' dir='ltr'><strong>repudii</strong></span> <span class='ocrx_word' id='word_1_171' title='bbox 694 2331 748 2384; x_wconf 91' lang='lat' dir='ltr'><strong>in</strong></span> <span class='ocrx_word' id='word_1_172' title='bbox 780 2347 976 2386; x_wconf 87' lang='lat' dir='ltr'><strong>manus</strong></span> <span class='ocrx_word' id='word_1_173' title='bbox 1010 2331 1153 2400; x_wconf 86' lang='lat' dir='ltr'><strong>ejus.</strong></span> <span class='ocrx_word' id='word_1_174' title='bbox 1184 2330 1249 2383; x_wconf 83' lang='lat' dir='ltr'><strong>Et</strong></span> <span class='ocrx_word' id='word_1_175' title='bbox 1272 2345 1380 2382; x_wconf 92' lang='lat' dir='ltr'><strong>non</strong></span> <span class='ocrx_word' id='word_1_176' title='bbox 1413 2327 1597 2381; x_wconf 84' lang='lat' dir='ltr'><strong>timuit</strong></span> <span class='ocrx_word' id='word_1_177' title='bbox 1622 2325 2034 2395; x_wconf 71' lang='lat' dir='ltr'><strong>praevaricatrix</strong></span> 
     </span>
    </p>
   </div>
   <div class='ocr_carea' id='block_1_22' title="bbox 446 2417 2032 2492">
    <p class='ocr_par' dir='ltr' id='par_1_22' title="bbox 446 2417 2032 2492">
     <span class='ocr_line' id='line_1_22' title="bbox 446 2417 2032 2492; baseline -0.003 -19"><span class='ocrx_word' id='word_1_178' title='bbox 446 2421 620 2483; x_wconf 68' lang='lat' dir='ltr'><strong>Judaz,</strong></span> <span class='ocrx_word' id='word_1_179' title='bbox 655 2425 721 2489; x_wconf 80' lang='lat' dir='ltr'><strong>)t(</strong></span> <span class='ocrx_word' id='word_1_180' title='bbox 756 2436 921 2476; x_wconf 86' lang='lat' dir='ltr'><strong>soror</strong></span> <span class='ocrx_word' id='word_1_181' title='bbox 952 2422 1074 2492; x_wconf 85' lang='lat' dir='ltr'><strong>ejus</strong></span> <span class='ocrx_word' id='word_1_182' title='bbox 1105 2419 1166 2489; x_wconf 72' lang='grc' dir='ltr'><strong>ζ,</strong></span> <span class='ocrx_word' id='word_1_183' title='bbox 1199 2430 1253 2474; x_wconf 91' lang='lat' dir='ltr'><strong>et</strong></span> <span class='ocrx_word' id='word_1_184' title='bbox 1283 2421 1402 2482; x_wconf 84' lang='lat' dir='ltr'><strong>ivit,</strong></span> <span class='ocrx_word' id='word_1_185' title='bbox 1429 2427 1484 2472; x_wconf 85' lang='lat' dir='ltr'><strong>ct</strong></span> <span class='ocrx_word' id='word_1_186' title='bbox 1508 2417 2032 2472; x_wconf 83' lang='lat' dir='ltr'><strong>scortataestetiam</strong></span> 
     </span>
    </p>
   </div>
   <div class='ocr_carea' id='block_1_23' title="bbox 452 2507 2032 2580">
    <p class='ocr_par' dir='ltr' id='par_1_23' title="bbox 452 2507 2032 2580">
     <span class='ocr_line' id='line_1_23' title="bbox 452 2507 2032 2580; baseline -0.001 -16"><span class='ocrx_word' id='word_1_187' title='bbox 452 2513 567 2580; x_wconf 84' lang='lat' dir='ltr'><strong>ipsa</strong></span> <span class='ocrx_word' id='word_1_188' title='bbox 599 2512 692 2568; x_wconf 89' lang='lat'><strong>:9.</strong></span> <span class='ocrx_word' id='word_1_189' title='bbox 724 2521 778 2564; x_wconf 90' lang='lat' dir='ltr'><strong>et</strong></span> <span class='ocrx_word' id='word_1_190' title='bbox 814 2511 956 2566; x_wconf 81' lang='lat' dir='ltr'><strong>facta</strong></span> <span class='ocrx_word' id='word_1_191' title='bbox 994 2521 1080 2566; x_wconf 87' lang='lat' dir='ltr'><strong>est</strong></span> <span class='ocrx_word' id='word_1_192' title='bbox 1114 2514 1167 2565; x_wconf 89' lang='lat' dir='ltr'><strong>in</strong></span> <span class='ocrx_word' id='word_1_193' title='bbox 1200 2510 1434 2564; x_wconf 77' lang='lat' dir='ltr'><strong>nihilum</strong></span> <span class='ocrx_word' id='word_1_194' title='bbox 1479 2508 1741 2565; x_wconf 82' lang='lat' dir='ltr'><strong>scortatio</strong></span> <span class='ocrx_word' id='word_1_195' title='bbox 1785 2507 1926 2578; x_wconf 83' lang='lat' dir='ltr'><strong>ejus,</strong></span> <span class='ocrx_word' id='word_1_196' title='bbox 1965 2510 2032 2574; x_wconf 63' lang='grc' dir='ltr'>Χ</span> 
     </span>
    </p>
   </div>
   <div class='ocr_carea' id='block_1_24' title="bbox 447 2593 2036 2673">
    <p class='ocr_par' dir='ltr' id='par_1_24' title="bbox 447 2593 2036 2673">
     <span class='ocr_line' id='line_1_24' title="bbox 447 2593 2036 2673; baseline -0.002 -16"><span class='ocrx_word' id='word_1_197' title='bbox 447 2616 502 2660; x_wconf 82' lang='lat' dir='ltr'><strong>et</strong></span> <span class='ocrx_word' id='word_1_198' title='bbox 529 2593 730 2660; x_wconf 85' lang='lat' dir='ltr'><strong>occidit</strong></span> <span class='ocrx_word' id='word_1_199' title='bbox 762 2615 966 2659; x_wconf 85' lang='lat' dir='ltr'><strong>terram</strong></span> <span class='ocrx_word' id='word_1_200' title='bbox 995 2606 1016 2673; x_wconf 73' lang='grc' dir='ltr'>ζ</span> <span class='ocrx_word' id='word_1_201' title='bbox 1053 2622 1067 2659; x_wconf 87' lang='grc'>;</span> <span class='ocrx_word' id='word_1_202' title='bbox 1097 2614 1151 2659; x_wconf 88' lang='lat' dir='ltr'><strong>et</strong></span> <span class='ocrx_word' id='word_1_203' title='bbox 1183 2603 1456 2662; x_wconf 72' lang='lat' dir='ltr'><strong>mmehata</strong></span> <span class='ocrx_word' id='word_1_204' title='bbox 1478 2613 1561 2658; x_wconf 89' lang='lat' dir='ltr'><strong>est</strong></span> <span class='ocrx_word' id='word_1_205' title='bbox 1589 2617 1718 2658; x_wconf 87' lang='lat' dir='ltr'><strong>cum</strong></span> <span class='ocrx_word' id='word_1_206' title='bbox 1747 2601 1946 2671; x_wconf 88' lang='lat' dir='ltr'><strong>lapide,</strong></span> <span class='ocrx_word' id='word_1_207' title='bbox 1979 2610 2036 2655; x_wconf 88' lang='lat' dir='ltr'><strong>et</strong></span> 
     </span>
    </p>
   </div>
   <div class='ocr_carea' id='block_1_25' title="bbox 447 2695 2038 2768">
    <p class='ocr_par' dir='ltr' id='par_1_25' title="bbox 447 2695 2038 2768">
     <span class='ocr_line' id='line_1_25' title="bbox 447 2695 2038 2768; baseline -0.004 -16"><span class='ocrx_word' id='word_1_208' title='bbox 447 2713 574 2752; x_wconf 92' lang='lat' dir='ltr'><strong>cum</strong></span> <span class='ocrx_word' id='word_1_209' title='bbox 607 2699 776 2768; x_wconf 83' lang='lat' dir='ltr'><strong>ligno.</strong></span> <span class='ocrx_word' id='word_1_210' title='bbox 812 2697 899 2750; x_wconf 83' lang='grc'><strong>10.</strong></span> <span class='ocrx_word' id='word_1_211' title='bbox 941 2697 1009 2750; x_wconf 81' lang='lat' dir='ltr'><strong>Et</strong></span> <span class='ocrx_word' id='word_1_212' title='bbox 1043 2697 1098 2749; x_wconf 89' lang='lat' dir='ltr'><strong>in</strong></span> <span class='ocrx_word' id='word_1_213' title='bbox 1129 2696 1388 2750; x_wconf 86' lang='lat' dir='ltr'><strong>omnibus</strong></span> <span class='ocrx_word' id='word_1_214' title='bbox 1424 2695 1513 2748; x_wconf 88' lang='lat' dir='ltr'><strong>his</strong></span> <span class='ocrx_word' id='word_1_215' title='bbox 1545 2707 1652 2748; x_wconf 78' lang='lat' dir='ltr'><strong>non</strong></span> <span class='ocrx_word' id='word_1_216' title='bbox 1701 2707 1918 2748; x_wconf 85' lang='lat' dir='ltr'><strong>reversa</strong></span> <span class='ocrx_word' id='word_1_217' title='bbox 1950 2699 2038 2746; x_wconf 89' lang='lat' dir='ltr'><strong>est</strong></span> 
     </span>
    </p>
   </div>
   <div class='ocr_carea' id='block_1_26' title="bbox 449 2783 2032 2859">
    <p class='ocr_par' dir='ltr' id='par_1_26' title="bbox 449 2783 2032 2859">
     <span class='ocr_line' id='line_1_26' title="bbox 449 2783 2032 2859; baseline -0.004 -18"><span class='ocrx_word' id='word_1_218' title='bbox 449 2789 517 2845; x_wconf 85' lang='lat' dir='ltr'><strong>ad</strong></span> <span class='ocrx_word' id='word_1_219' title='bbox 553 2805 640 2844; x_wconf 90' lang='lat' dir='ltr'><strong>me</strong></span> <span class='ocrx_word' id='word_1_220' title='bbox 667 2788 1072 2859; x_wconf 68' lang='lat' dir='ltr'><strong>praevaricatris</strong></span> <span class='ocrx_word' id='word_1_221' title='bbox 1095 2785 1268 2850; x_wconf 65' lang='lat' dir='ltr'><strong>Judaz,</strong></span> <span class='ocrx_word' id='word_1_222' title='bbox 1300 2789 1367 2852; x_wconf 46' lang='grc' dir='ltr'><strong>Ἀ(</strong></span> <span class='ocrx_word' id='word_1_223' title='bbox 1395 2799 1552 2840; x_wconf 86' lang='lat' dir='ltr'><strong>soror</strong></span> <span class='ocrx_word' id='word_1_224' title='bbox 1573 2785 1695 2853; x_wconf 86' lang='lat' dir='ltr'><strong>ejus</strong></span> <span class='ocrx_word' id='word_1_225' title='bbox 1732 2783 1754 2851; x_wconf 70' lang='grc' dir='ltr'>ζ</span> <span class='ocrx_word' id='word_1_226' title='bbox 1779 2823 1794 2848; x_wconf 92' lang='grc'><strong>,</strong></span> <span class='ocrx_word' id='word_1_227' title='bbox 1821 2800 1885 2836; x_wconf 76' lang='lat' dir='ltr'><strong>ex</strong></span> <span class='ocrx_word' id='word_1_228' title='bbox 1919 2791 2032 2836; x_wconf 91' lang='lat' dir='ltr'><strong>toto</strong></span> 
     </span>
    </p>
   </div>
   <div class='ocr_carea' id='block_1_27' title="bbox 448 2872 2034 2946">
    <p class='ocr_par' dir='ltr' id='par_1_27' title="bbox 448 2872 2034 2946">
     <span class='ocr_line' id='line_1_27' title="bbox 448 2872 2034 2946; baseline -0.006 -10"><span class='ocrx_word' id='word_1_229' title='bbox 448 2883 614 2936; x_wconf 82' lang='lat' dir='ltr'><strong>corde</strong></span> <span class='ocrx_word' id='word_1_230' title='bbox 657 2897 778 2946; x_wconf 88' lang='lat' dir='ltr'><strong>suo,</strong></span> <span class='ocrx_word' id='word_1_231' title='bbox 823 2881 917 2936; x_wconf 84' lang='lat' dir='ltr'><strong>sed</strong></span> <span class='ocrx_word' id='word_1_232' title='bbox 958 2880 1013 2934; x_wconf 92' lang='lat' dir='ltr'><strong>in</strong></span> <span class='ocrx_word' id='word_1_233' title='bbox 1047 2878 1354 2939; x_wconf 89' lang='lat' dir='ltr'><strong>mendacio,</strong></span> <span class='ocrx_word' id='word_1_234' title='bbox 1379 2877 1513 2931; x_wconf 86' lang='lat' dir='ltr'><strong>dicit</strong></span> <span class='ocrx_word' id='word_1_235' title='bbox 1543 2876 1831 2929; x_wconf 81' lang='lat' dir='ltr'><strong>Dominus.</strong></span> <span class='ocrx_word' id='word_1_236' title='bbox 1859 2875 1946 2928; x_wconf 80' lang='lat' dir='ltr'><strong>ll.</strong></span> <span class='ocrx_word' id='word_1_237' title='bbox 1966 2872 2034 2926; x_wconf 87' lang='lat' dir='ltr'><strong>Et</strong></span> 
     </span>
    </p>
   </div>
   <div class='ocr_carea' id='block_1_28' title="bbox 448 2967 2030 3033">
    <p class='ocr_par' dir='ltr' id='par_1_28' title="bbox 448 2967 2030 3033">
     <span class='ocr_line' id='line_1_28' title="bbox 448 2967 2030 3033; baseline -0.006 -5"><span class='ocrx_word' id='word_1_238' title='bbox 448 2974 588 3028; x_wconf 80' lang='lat' dir='ltr'><strong>dixit</strong></span> <span class='ocrx_word' id='word_1_239' title='bbox 617 2971 886 3028; x_wconf 85' lang='lat' dir='ltr'><strong>Dominus</strong></span> <span class='ocrx_word' id='word_1_240' title='bbox 909 2973 977 3026; x_wconf 90' lang='lat' dir='ltr'><strong>ad</strong></span> <span class='ocrx_word' id='word_1_241' title='bbox 1011 2986 1098 3026; x_wconf 85' lang='lat' dir='ltr'><strong>me</strong></span> <span class='ocrx_word' id='word_1_242' title='bbox 1123 2989 1138 3025; x_wconf 91' lang='lat'>:</span> <span class='ocrx_word' id='word_1_243' title='bbox 1169 2969 1500 3025; x_wconf 85' lang='lat' dir='ltr'><strong>Justilicavit</strong></span> <span class='ocrx_word' id='word_1_244' title='bbox 1519 2968 1758 3020; x_wconf 85' lang='lat' dir='ltr'><strong>animam</strong></span> <span class='ocrx_word' id='word_1_245' title='bbox 1779 2977 1935 3020; x_wconf 82' lang='lat' dir='ltr'><strong>suam</strong></span> <span class='ocrx_word' id='word_1_246' title='bbox 1961 2967 2030 3033; x_wconf 61' lang='grc' dir='ltr'>Χ</span> 
     </span>
    </p>
   </div>
   <div class='ocr_carea' id='block_1_29' title="bbox 448 3052 2062 3131">
    <p class='ocr_par' dir='ltr' id='par_1_29' title="bbox 448 3052 2062 3131">
     <span class='ocr_line' id='line_1_29' title="bbox 448 3052 2062 3131; baseline -0.004 -12"><span class='ocrx_word' id='word_1_247' title='bbox 448 3064 719 3120; x_wconf 86' lang='lat' dir='ltr'><strong>revolutio</strong></span> <span class='ocrx_word' id='word_1_248' title='bbox 753 3063 774 3131; x_wconf 71' lang='grc' dir='ltr'>ζ</span> <span class='ocrx_word' id='word_1_249' title='bbox 809 3061 1026 3118; x_wconf 84' lang='lat' dir='ltr'><strong>lsra‘elis</strong></span> <span class='ocrx_word' id='word_1_250' title='bbox 1075 3075 1187 3130; x_wconf 71' lang='lat' dir='ltr'><strong>prae</strong></span> <span class='ocrx_word' id='word_1_251' title='bbox 1229 3057 1669 3128; x_wconf 61' lang='lat' dir='ltr'><strong>pravaricatrice</strong></span> <span class='ocrx_word' id='word_1_252' title='bbox 1696 3052 1851 3110; x_wconf 64' lang='lat' dir='ltr'><strong>Judz</strong></span> <span class='ocrx_word' id='word_1_253' title='bbox 1883 3071 1902 3108; x_wconf 67' lang='grc' dir='ltr'><strong>ι</strong></span> <span class='ocrx_word' id='word_1_254' title='bbox 1939 3054 2062 3112; x_wconf 74' lang='grc'><strong>19...</strong></span> 
     </span>
    </p>
   </div>
   <div class='ocr_carea' id='block_1_30' title="bbox 451 3141 2101 3242">
    <p class='ocr_par' dir='ltr' id='par_1_30' title="bbox 451 3141 2101 3242">
     <span class='ocr_line' id='line_1_30' title="bbox 451 3141 2101 3242; baseline -0.007 -32"><span class='ocrx_word' id='word_1_255' title='bbox 451 3157 565 3220; x_wconf 84' lang='lat' dir='ltr'><strong>abi,</strong></span> <span class='ocrx_word' id='word_1_256' title='bbox 599 3155 675 3226; x_wconf 76' lang='lat' dir='ltr'><strong>(It)</strong></span> <span class='ocrx_word' id='word_1_257' title='bbox 710 3166 764 3209; x_wconf 90' lang='lat' dir='ltr'><strong>et</strong></span> <span class='ocrx_word' id='word_1_258' title='bbox 809 3141 940 3224; x_wconf 82' lang='lat' dir='ltr'><strong>lege</strong></span> <span class='ocrx_word' id='word_1_259' title='bbox 977 3167 1264 3208; x_wconf 80' lang='lat' dir='ltr'><strong>sermones</strong></span> <span class='ocrx_word' id='word_1_260' title='bbox 1307 3155 1441 3205; x_wconf 84' lang='lat' dir='ltr'><strong>istos</strong></span> <span class='ocrx_word' id='word_1_261' title='bbox 1485 3149 1554 3204; x_wconf 89' lang='lat' dir='ltr'><strong>ad</strong></span> <span class='ocrx_word' id='word_1_262' title='bbox 1601 3148 1946 3218; x_wconf 82' lang='lat' dir='ltr'><strong>aquilonem,</strong></span> <span class='ocrx_word' id='word_1_263' title='bbox 1975 3152 2033 3200; x_wconf 89' lang='lat' dir='ltr'><strong>et</strong></span> <span class='ocrx_word' id='word_1_264' title='bbox 2056 3184 2101 3242; x_wconf 60' lang='grc' dir='ltr'><strong><em>ε</em></strong></span> 
     </span>
    </p>
   </div>
   <div class='ocr_carea' id='block_1_31' title="bbox 447 3236 2032 3310">
    <p class='ocr_par' dir='ltr' id='par_1_31' title="bbox 447 3236 2032 3310">
     <span class='ocr_line' id='line_1_31' title="bbox 447 3236 2032 3310; baseline -0.007 -7"><span class='ocrx_word' id='word_1_265' title='bbox 447 3251 600 3304; x_wconf 84' lang='lat' dir='ltr'><strong>dices</strong></span> <span class='ocrx_word' id='word_1_266' title='bbox 633 3267 648 3302; x_wconf 90' lang='lat'><strong>:</strong></span> <span class='ocrx_word' id='word_1_267' title='bbox 680 3246 974 3302; x_wconf 76' lang='lat' dir='ltr'><strong>Revertere</strong></span> <span class='ocrx_word' id='word_1_268' title='bbox 1012 3244 1080 3299; x_wconf 89' lang='lat' dir='ltr'><strong>ad</strong></span> <span class='ocrx_word' id='word_1_269' title='bbox 1134 3257 1242 3306; x_wconf 87' lang='lat' dir='ltr'><strong>me,</strong></span> <span class='ocrx_word' id='word_1_270' title='bbox 1282 3243 1586 3310; x_wconf 78' lang='lat' dir='ltr'><strong>habitatrix</strong></span> <span class='ocrx_word' id='word_1_271' title='bbox 1627 3238 1865 3302; x_wconf 73' lang='lat' dir='ltr'><strong>lsi-aclis,</strong></span> <span class='ocrx_word' id='word_1_272' title='bbox 1897 3236 2032 3292; x_wconf 91' lang='lat' dir='ltr'><strong>dicit</strong></span> 
     </span>
    </p>
   </div>
   <div class='ocr_carea' id='block_1_32' title="bbox 449 3334 2032 3402">
    <p class='ocr_par' dir='ltr' id='par_1_32' title="bbox 449 3334 2032 3402">
     <span class='ocr_line' id='line_1_32' title="bbox 449 3334 2032 3402; baseline -0.007 -6"><span class='ocrx_word' id='word_1_273' title='bbox 449 3342 717 3396; x_wconf 88' lang='lat' dir='ltr'><strong>Dominus</strong></span> <span class='ocrx_word' id='word_1_274' title='bbox 756 3358 770 3394; x_wconf 88' lang='lat'><strong>:</strong></span> <span class='ocrx_word' id='word_1_275' title='bbox 808 3347 864 3393; x_wconf 89' lang='lat' dir='ltr'><strong>et</strong></span> <span class='ocrx_word' id='word_1_276' title='bbox 891 3354 999 3392; x_wconf 90' lang='lat' dir='ltr'><strong>non</strong></span> <span class='ocrx_word' id='word_1_277' title='bbox 1032 3336 1094 3402; x_wconf 79' lang='grc' dir='ltr'><strong>(ι)</strong></span> <span class='ocrx_word' id='word_1_278' title='bbox 1123 3335 1394 3390; x_wconf 87' lang='lat' dir='ltr'><strong>indurabo</strong></span> <span class='ocrx_word' id='word_1_279' title='bbox 1423 3334 1615 3389; x_wconf 76' lang='lat' dir='ltr'><strong>faciem</strong></span> <span class='ocrx_word' id='word_1_280' title='bbox 1646 3345 1825 3386; x_wconf 85' lang='lat' dir='ltr'><strong>meam</strong></span> <span class='ocrx_word' id='word_1_281' title='bbox 1865 3345 2032 3400; x_wconf 80' lang='lat' dir='ltr'><strong>super</strong></span> 
     </span>
    </p>
   </div>
   <div class='ocr_carea' id='block_1_33' title="bbox 448 3423 2030 3503">
    <p class='ocr_par' dir='ltr' id='par_1_33' title="bbox 448 3423 2030 3503">
     <span class='ocr_line' id='line_1_33' title="bbox 448 3423 2030 3503; baseline -0.004 -18"><span class='ocrx_word' id='word_1_282' title='bbox 448 3449 576 3498; x_wconf 83' lang='lat' dir='ltr'><strong>vos,</strong></span> <span class='ocrx_word' id='word_1_283' title='bbox 602 3433 736 3503; x_wconf 82' lang='lat' dir='ltr'><strong>quia</strong></span> <span class='ocrx_word' id='word_1_284' title='bbox 760 3430 858 3500; x_wconf 72' lang='grc' dir='ltr'><strong>(νη)</strong></span> <span class='ocrx_word' id='word_1_285' title='bbox 895 3424 1213 3483; x_wconf 75' lang='lat' dir='ltr'><strong>misericors</strong></span> <span class='ocrx_word' id='word_1_286' title='bbox 1241 3441 1344 3496; x_wconf 89' lang='lat' dir='ltr'><strong>ego</strong></span> <span class='ocrx_word' id='word_1_287' title='bbox 1385 3442 1529 3492; x_wconf 86' lang='lat' dir='ltr'><strong>sum,</strong></span> <span class='ocrx_word' id='word_1_288' title='bbox 1574 3423 1710 3480; x_wconf 82' lang='lat' dir='ltr'><strong>dicit</strong></span> <span class='ocrx_word' id='word_1_289' title='bbox 1739 3423 2030 3488; x_wconf 84' lang='lat' dir='ltr'><strong>Dominus,</strong></span> 
     </span>
    </p>
   </div>
   <div class='ocr_carea' id='block_1_34' title="bbox 450 3513 2034 3583">
    <p class='ocr_par' dir='ltr' id='par_1_34' title="bbox 450 3513 2034 3583">
     <span class='ocr_line' id='line_1_34' title="bbox 450 3513 2034 3583; baseline -0.003 -10"><span class='ocrx_word' id='word_1_290' title='bbox 450 3532 637 3576; x_wconf 90' lang='lat' dir='ltr'><strong>etnon</strong></span> <span class='ocrx_word' id='word_1_291' title='bbox 669 3520 877 3574; x_wconf 89' lang='lat' dir='ltr'><strong>irascar</strong></span> <span class='ocrx_word' id='word_1_292' title='bbox 903 3517 1062 3572; x_wconf 82' lang='lat' dir='ltr'><strong>vobis</strong></span> <span class='ocrx_word' id='word_1_293' title='bbox 1091 3517 1144 3570; x_wconf 90' lang='lat' dir='ltr'><strong>in</strong></span> <span class='ocrx_word' id='word_1_294' title='bbox 1171 3525 1465 3572; x_wconf 65' lang='lat' dir='ltr'><strong>aeternum.</strong></span> <span class='ocrx_word' id='word_1_295' title='bbox 1499 3515 1590 3570; x_wconf 69' lang='lat' dir='ltr'><strong>l5.</strong></span> <span class='ocrx_word' id='word_1_296' title='bbox 1638 3513 1839 3570; x_wconf 83' lang='lat' dir='ltr'><strong>Verum</strong></span> <span class='ocrx_word' id='word_1_297' title='bbox 1871 3527 2034 3583; x_wconf 73' lang='lat' dir='ltr'><strong>agno-</strong></span> 
     </span>
    </p>
   </div>
   <div class='ocr_carea' id='block_1_35' title="bbox 449 3604 2030 3684">
    <p class='ocr_par' dir='ltr' id='par_1_35' title="bbox 449 3604 2030 3684">
     <span class='ocr_line' id='line_1_35' title="bbox 449 3604 2030 3684; baseline -0.006 -14"><span class='ocrx_word' id='word_1_298' title='bbox 449 3629 544 3670; x_wconf 81' lang='lat' dir='ltr'><strong>sce</strong></span> <span class='ocrx_word' id='word_1_299' title='bbox 597 3610 928 3684; x_wconf 82' lang='lat' dir='ltr'><strong>injustitiam</strong></span> <span class='ocrx_word' id='word_1_300' title='bbox 981 3618 1154 3674; x_wconf 82' lang='lat' dir='ltr'><strong>tuam,</strong></span> <span class='ocrx_word' id='word_1_301' title='bbox 1204 3608 1334 3678; x_wconf 84' lang='lat' dir='ltr'><strong>quia</strong></span> <span class='ocrx_word' id='word_1_302' title='bbox 1391 3609 1444 3661; x_wconf 90' lang='lat' dir='ltr'><strong>in</strong></span> <span class='ocrx_word' id='word_1_303' title='bbox 1506 3606 1802 3662; x_wconf 90' lang='lat' dir='ltr'><strong>Dominum</strong></span> <span class='ocrx_word' id='word_1_304' title='bbox 1859 3604 2030 3661; x_wconf 87' lang='lat' dir='ltr'><strong>Deum</strong></span> 
     </span>
    </p>
   </div>
   <div class='ocr_carea' id='block_1_36' title="bbox 451 3699 2034 3775">
    <p class='ocr_par' dir='ltr' id='par_1_36' title="bbox 451 3699 2034 3775">
     <span class='ocr_line' id='line_1_36' title="bbox 451 3699 2034 3775; baseline -0.005 -13"><span class='ocrx_word' id='word_1_305' title='bbox 451 3717 606 3762; x_wconf 88' lang='lat' dir='ltr'><strong>tuum</strong></span> <span class='ocrx_word' id='word_1_306' title='bbox 645 3705 816 3775; x_wconf 86' lang='lat' dir='ltr'><strong>impie</strong></span> <span class='ocrx_word' id='word_1_307' title='bbox 836 3703 1019 3775; x_wconf 82' lang='lat' dir='ltr'><strong>egisti,</strong></span> <span class='ocrx_word' id='word_1_308' title='bbox 1071 3711 1129 3758; x_wconf 90' lang='lat' dir='ltr'><strong>et</strong></span> <span class='ocrx_word' id='word_1_309' title='bbox 1167 3701 1401 3758; x_wconf 78' lang='lat' dir='ltr'><strong>lascivas</strong></span> <span class='ocrx_word' id='word_1_310' title='bbox 1433 3699 1719 3757; x_wconf 86' lang='lat' dir='ltr'><strong>reddidisti</strong></span> <span class='ocrx_word' id='word_1_311' title='bbox 1761 3699 1880 3754; x_wconf 87' lang='lat' dir='ltr'><strong>vias</strong></span> <span class='ocrx_word' id='word_1_312' title='bbox 1909 3709 2034 3754; x_wconf 87' lang='lat' dir='ltr'><strong>tuas</strong></span> 
     </span>
    </p>
   </div>
   <div class='ocr_carea' id='block_1_37' title="bbox 449 3793 2031 3866">
    <p class='ocr_par' dir='ltr' id='par_1_37' title="bbox 449 3793 2031 3866">
     <span class='ocr_line' id='line_1_37' title="bbox 449 3793 2031 3866; baseline -0.006 -10"><span class='ocrx_word' id='word_1_313' title='bbox 449 3800 506 3856; x_wconf 80' lang='lat' dir='ltr'><strong>in</strong></span> <span class='ocrx_word' id='word_1_314' title='bbox 540 3799 751 3854; x_wconf 85' lang='lat' dir='ltr'><strong>alienos</strong></span> <span class='ocrx_word' id='word_1_315' title='bbox 806 3797 910 3853; x_wconf 88' lang='lat' dir='ltr'><strong>sub</strong></span> <span class='ocrx_word' id='word_1_316' title='bbox 954 3795 1108 3851; x_wconf 89' lang='lat' dir='ltr'><strong>omni</strong></span> <span class='ocrx_word' id='word_1_317' title='bbox 1142 3795 1291 3866; x_wconf 79' lang='lat' dir='ltr'><strong>ligno</strong></span> <span class='ocrx_word' id='word_1_318' title='bbox 1319 3795 1584 3850; x_wconf 87' lang='lat' dir='ltr'><strong>umbroso</strong></span> <span class='ocrx_word' id='word_1_319' title='bbox 1622 3811 1638 3849; x_wconf 91' lang='lat'><strong>:</strong></span> <span class='ocrx_word' id='word_1_320' title='bbox 1687 3793 1812 3848; x_wconf 79' lang='lat' dir='ltr'><strong>voci</strong></span> <span class='ocrx_word' id='word_1_321' title='bbox 1845 3801 2031 3848; x_wconf 88' lang='lat' dir='ltr'><strong>autem</strong></span> 
     </span>
    </p>
   </div>
   <div class='ocr_carea' id='block_1_38' title="bbox 449 3882 2028 3954">
    <p class='ocr_par' dir='ltr' id='par_1_38' title="bbox 449 3882 2028 3954">
     <span class='ocr_line' id='line_1_38' title="bbox 449 3882 2028 3954; baseline -0.006 -8"><span class='ocrx_word' id='word_1_322' title='bbox 449 3906 586 3946; x_wconf 73' lang='lat' dir='ltr'><strong>mea:</strong></span> <span class='ocrx_word' id='word_1_323' title='bbox 614 3903 725 3945; x_wconf 90' lang='lat' dir='ltr'><strong>non</strong></span> <span class='ocrx_word' id='word_1_324' title='bbox 747 3888 1000 3954; x_wconf 85' lang='lat' dir='ltr'><strong>obedisti,</strong></span> <span class='ocrx_word' id='word_1_325' title='bbox 1025 3887 1159 3942; x_wconf 89' lang='lat' dir='ltr'><strong>dicit</strong></span> <span class='ocrx_word' id='word_1_326' title='bbox 1181 3885 1466 3941; x_wconf 77' lang='lat' dir='ltr'><strong>Dominus.</strong></span> <span class='ocrx_word' id='word_1_327' title='bbox 1498 3885 1583 3940; x_wconf 67' lang='grc'><strong>14.</strong></span> <span class='ocrx_word' id='word_1_328' title='bbox 1610 3882 2028 3947; x_wconf 79' lang='lat' dir='ltr'><strong>Convertimini,</strong></span> 
     </span>
    </p>
   </div>
   <div class='ocr_carea' id='block_1_39' title="bbox 451 3977 2032 4054">
    <p class='ocr_par' dir='ltr' id='par_1_39' title="bbox 451 3977 2032 4054">
     <span class='ocr_line' id='line_1_39' title="bbox 451 3977 2032 4054; baseline -0.004 -17"><span class='ocrx_word' id='word_1_329' title='bbox 451 3983 546 4038; x_wconf 79' lang='lat' dir='ltr'><strong>ﬁlii</strong></span> <span class='ocrx_word' id='word_1_330' title='bbox 563 3982 864 4054; x_wconf 82' lang='lat' dir='ltr'><strong>(n)remoti,</strong></span> <span class='ocrx_word' id='word_1_331' title='bbox 883 3982 1016 4036; x_wconf 86' lang='lat' dir='ltr'><strong>dicit</strong></span> <span class='ocrx_word' id='word_1_332' title='bbox 1035 3981 1326 4047; x_wconf 87' lang='lat' dir='ltr'><strong>Dominus;</strong></span> <span class='ocrx_word' id='word_1_333' title='bbox 1352 3979 1480 4049; x_wconf 87' lang='lat' dir='ltr'><strong>quia</strong></span> <span class='ocrx_word' id='word_1_334' title='bbox 1493 3994 1594 4050; x_wconf 87' lang='lat' dir='ltr'><strong>ego</strong></span> <span class='ocrx_word' id='word_1_335' title='bbox 1613 3979 1688 4048; x_wconf 74' lang='grc' dir='ltr'><strong>(ο)</strong></span> <span class='ocrx_word' id='word_1_336' title='bbox 1705 3977 2032 4048; x_wconf 81' lang='lat' dir='ltr'><strong>imperitabo</strong></span> 
     </span>
    </p>
   </div>
   <div class='ocr_carea' id='block_1_40' title="bbox 448 4068 2032 4139">
    <p class='ocr_par' dir='ltr' id='par_1_40' title="bbox 448 4068 2032 4139">
     <span class='ocr_line' id='line_1_40' title="bbox 448 4068 2032 4139; baseline -0.002 -11"><span class='ocrx_word' id='word_1_337' title='bbox 448 4076 629 4139; x_wconf 80' lang='lat' dir='ltr'><strong>vobis,</strong></span> <span class='ocrx_word' id='word_1_338' title='bbox 673 4083 731 4130; x_wconf 91' lang='lat' dir='ltr'><strong>et</strong></span> <span class='ocrx_word' id='word_1_339' title='bbox 777 4088 1061 4130; x_wconf 85' lang='lat' dir='ltr'><strong>assumam</strong></span> <span class='ocrx_word' id='word_1_340' title='bbox 1108 4089 1228 4137; x_wconf 91' lang='lat' dir='ltr'><strong>vos,</strong></span> <span class='ocrx_word' id='word_1_341' title='bbox 1267 4087 1439 4127; x_wconf 89' lang='lat' dir='ltr'><strong>unum</strong></span> <span class='ocrx_word' id='word_1_342' title='bbox 1492 4085 1560 4125; x_wconf 78' lang='lat' dir='ltr'><strong>ex</strong></span> <span class='ocrx_word' id='word_1_343' title='bbox 1607 4069 1763 4134; x_wconf 83' lang='lat' dir='ltr'><strong>urbe,</strong></span> <span class='ocrx_word' id='word_1_344' title='bbox 1796 4078 1853 4126; x_wconf 93' lang='lat' dir='ltr'><strong>et</strong></span> <span class='ocrx_word' id='word_1_345' title='bbox 1891 4068 2032 4125; x_wconf 89' lang='lat' dir='ltr'><strong>duos</strong></span> 
     </span>
    </p>
   </div>
   <div class='ocr_carea' id='block_1_41' title="bbox 448 4151 2029 4237">
    <p class='ocr_par' dir='ltr' id='par_1_41' title="bbox 448 4151 2029 4237">
     <span class='ocr_line' id='line_1_41' title="bbox 448 4151 2029 4237; baseline -0.004 -16"><span class='ocrx_word' id='word_1_346' title='bbox 448 4182 514 4222; x_wconf 80' lang='lat' dir='ltr'><strong>ex</strong></span> <span class='ocrx_word' id='word_1_347' title='bbox 551 4167 626 4237; x_wconf 82' lang='grc' dir='ltr'><strong>(ρ)</strong></span> <span class='ocrx_word' id='word_1_348' title='bbox 653 4151 884 4233; x_wconf 83' lang='lat' dir='ltr'><strong>l‘amilia,</strong></span> <span class='ocrx_word' id='word_1_349' title='bbox 935 4176 991 4221; x_wconf 90' lang='lat' dir='ltr'><strong>et</strong></span> <span class='ocrx_word' id='word_1_350' title='bbox 1021 4165 1368 4221; x_wconf 82' lang='lat' dir='ltr'><strong>introducam</strong></span> <span class='ocrx_word' id='word_1_351' title='bbox 1397 4178 1495 4218; x_wconf 88' lang='lat' dir='ltr'><strong>vos</strong></span> <span class='ocrx_word' id='word_1_352' title='bbox 1526 4162 1581 4217; x_wconf 91' lang='lat' dir='ltr'><strong>in</strong></span> <span class='ocrx_word' id='word_1_353' title='bbox 1629 4159 1852 4216; x_wconf 85' lang='lat' dir='ltr'><strong>Sionem</strong></span> <span class='ocrx_word' id='word_1_354' title='bbox 1884 4179 1900 4215; x_wconf 88' lang='lat'><strong>:</strong></span> <span class='ocrx_word' id='word_1_355' title='bbox 1939 4162 2029 4216; x_wconf 79' lang='lat' dir='ltr'><strong>l5.</strong></span> 
     </span>
    </p>
   </div>
   <div class='ocr_carea' id='block_1_42' title="bbox 447 4258 2033 4330">
    <p class='ocr_par' dir='ltr' id='par_1_42' title="bbox 447 4258 2033 4330">
     <span class='ocr_line' id='line_1_42' title="bbox 447 4258 2033 4330; baseline -0.007 -12"><span class='ocrx_word' id='word_1_356' title='bbox 447 4271 504 4320; x_wconf 89' lang='lat' dir='ltr'><strong>et</strong></span> <span class='ocrx_word' id='word_1_357' title='bbox 521 4261 666 4316; x_wconf 83' lang='lat' dir='ltr'><strong>dabo</strong></span> <span class='ocrx_word' id='word_1_358' title='bbox 694 4260 848 4315; x_wconf 88' lang='lat' dir='ltr'><strong>vobis</strong></span> <span class='ocrx_word' id='word_1_359' title='bbox 883 4268 1131 4330; x_wconf 82' lang='lat' dir='ltr'><strong>pastores</strong></span> <span class='ocrx_word' id='word_1_360' title='bbox 1157 4258 1314 4327; x_wconf 81' lang='lat' dir='ltr'><strong>juxta</strong></span> <span class='ocrx_word' id='word_1_361' title='bbox 1346 4271 1445 4311; x_wconf 90' lang='lat' dir='ltr'><strong>cor</strong></span> <span class='ocrx_word' id='word_1_362' title='bbox 1475 4268 1682 4318; x_wconf 82' lang='lat' dir='ltr'><strong>meum,</strong></span> <span class='ocrx_word' id='word_1_363' title='bbox 1710 4263 1768 4310; x_wconf 88' lang='lat' dir='ltr'><strong>et</strong></span> <span class='ocrx_word' id='word_1_364' title='bbox 1807 4262 2033 4324; x_wconf 81' lang='lat' dir='ltr'><strong>pascent</strong></span> 
     </span>
    </p>
   </div>
   <div class='ocr_carea' id='block_1_43' title="bbox 447 4346 2030 4422">
    <p class='ocr_par' dir='ltr' id='par_1_43' title="bbox 447 4346 2030 4422">
     <span class='ocr_line' id='line_1_43' title="bbox 447 4346 2030 4422; baseline -0.003 -16"><span class='ocrx_word' id='word_1_365' title='bbox 447 4369 547 4408; x_wconf 81' lang='lat' dir='ltr'><strong>vos</strong></span> <span class='ocrx_word' id='word_1_366' title='bbox 573 4363 864 4422; x_wconf 86' lang='lat' dir='ltr'><strong>pascentes</strong></span> <span class='ocrx_word' id='word_1_367' title='bbox 890 4353 965 4422; x_wconf 74' lang='grc' dir='ltr'><strong>(ᾳ)</strong></span> <span class='ocrx_word' id='word_1_368' title='bbox 997 4366 1121 4407; x_wconf 92' lang='lat' dir='ltr'><strong>cum</strong></span> <span class='ocrx_word' id='word_1_369' title='bbox 1148 4350 1403 4406; x_wconf 88' lang='lat' dir='ltr'><strong>scientia.</strong></span> <span class='ocrx_word' id='word_1_370' title='bbox 1435 4350 1524 4403; x_wconf 77' lang='lat' dir='ltr'><strong>l6.</strong></span> <span class='ocrx_word' id='word_1_371' title='bbox 1555 4348 1622 4402; x_wconf 89' lang='lat' dir='ltr'><strong>Et</strong></span> <span class='ocrx_word' id='word_1_372' title='bbox 1651 4348 1778 4414; x_wconf 86' lang='lat' dir='ltr'><strong>erit,</strong></span> <span class='ocrx_word' id='word_1_373' title='bbox 1806 4355 1854 4402; x_wconf 87' lang='lat' dir='ltr'><strong>st</strong></span> <span class='ocrx_word' id='word_1_374' title='bbox 1887 4346 2030 4402; x_wconf 82' lang='lat' dir='ltr'><strong>ntul-</strong></span> 
     </span>
    </p>
   </div>
   <div class='ocr_carea' id='block_1_44' title="bbox 447 4437 2032 4512">
    <p class='ocr_par' dir='ltr' id='par_1_44' title="bbox 447 4437 2032 4512">
     <span class='ocr_line' id='line_1_44' title="bbox 447 4437 2032 4512; baseline -0.002 -16"><span class='ocrx_word' id='word_1_375' title='bbox 447 4443 681 4512; x_wconf 89' lang='lat' dir='ltr'><strong>tiplicati</strong></span> <span class='ocrx_word' id='word_1_376' title='bbox 717 4440 958 4506; x_wconf 81' lang='lat' dir='ltr'><strong>fueritis,</strong></span> <span class='ocrx_word' id='word_1_377' title='bbox 989 4451 1042 4496; x_wconf 84' lang='lat' dir='ltr'><strong>et</strong></span> <span class='ocrx_word' id='word_1_378' title='bbox 1065 4441 1352 4495; x_wconf 85' lang='lat' dir='ltr'><strong>creveritis</strong></span> <span class='ocrx_word' id='word_1_379' title='bbox 1381 4454 1547 4509; x_wconf 85' lang='lat' dir='ltr'><strong>super</strong></span> <span class='ocrx_word' id='word_1_380' title='bbox 1571 4448 1736 4504; x_wconf 86' lang='lat' dir='ltr'><strong>terra,</strong></span> <span class='ocrx_word' id='word_1_381' title='bbox 1765 4439 1900 4493; x_wconf 89' lang='lat' dir='ltr'><strong>dicit</strong></span> <span class='ocrx_word' id='word_1_382' title='bbox 1925 4437 2032 4493; x_wconf 79' lang='grc' dir='ltr'><strong>υο⁴</strong></span> 
     </span>
    </p>
   </div>
   <div class='ocr_carea' id='block_1_45' title="bbox 1623 347 2570 444">
    <p class='ocr_par' dir='ltr' id='par_1_45' title="bbox 1623 347 2570 444">
     <span class='ocr_line' id='line_1_45' title="bbox 1623 347 2570 444; baseline -0.001 -1"><span class='ocrx_word' id='word_1_383' title='bbox 1623 347 1855 444; x_wconf 66' lang='grc' dir='ltr'><strong>αοῡεῖε</strong></span> <span class='ocrx_word' id='word_1_384' title='bbox 1899 385 2570 443; x_wconf 73' lang='lat' dir='ltr'><strong>SYRO-HEXAPLARIS.</strong></span> 
     </span>
    </p>
   </div>
   <div class='ocr_carea' id='block_1_46' title="bbox 435 498 3101 571">
    <p class='ocr_par' dir='ltr' id='par_1_46' title="bbox 435 498 3101 571">
     <span class='ocr_line' id='line_1_46' title="bbox 435 498 3101 571; baseline -0.002 -12"><span class='ocrx_word' id='word_1_385' title='bbox 435 505 630 560; x_wconf 72' lang='lat' dir='ltr'><strong>oculos</strong></span> <span class='ocrx_word' id='word_1_386' title='bbox 661 511 785 560; x_wconf 91' lang='lat' dir='ltr'><strong>tuos</strong></span> <span class='ocrx_word' id='word_1_387' title='bbox 818 502 872 556; x_wconf 90' lang='lat' dir='ltr'><strong>in</strong></span> <span class='ocrx_word' id='word_1_388' title='bbox 911 498 1320 563; x_wconf 85' lang='lat' dir='ltr'><strong>rectitudinem,</strong></span> <span class='ocrx_word' id='word_1_389' title='bbox 1363 509 1417 555; x_wconf 91' lang='lat' dir='ltr'><strong>et</strong></span> <span class='ocrx_word' id='word_1_390' title='bbox 1473 500 1618 564; x_wconf 84' lang='lat' dir='ltr'><strong>vide,</strong></span> <span class='ocrx_word' id='word_1_391' title='bbox 1652 503 1873 556; x_wconf 78' lang='lat' dir='ltr'><strong>ubinam</strong></span> <span class='ocrx_word' id='word_1_392' title='bbox 1908 517 2017 556; x_wconf 88' lang='lat' dir='ltr'><strong>non</strong></span> <span class='ocrx_word' id='word_1_393' title='bbox 2049 517 2095 568; x_wconf 69' lang='grc' dir='ltr'>Α</span> <span class='ocrx_word' id='word_1_394' title='bbox 2123 515 2232 571; x_wconf 89' lang='lat' dir='ltr'><strong>que</strong></span> <span class='ocrx_word' id='word_1_395' title='bbox 2259 501 2640 556; x_wconf 83' lang='lat' dir='ltr'><strong>nominabitur</strong></span> <span class='ocrx_word' id='word_1_396' title='bbox 2702 503 2767 565; x_wconf 59' lang='grc' dir='ltr'>Χ</span> <span class='ocrx_word' id='word_1_397' title='bbox 2819 499 2875 554; x_wconf 87' lang='lat' dir='ltr'><strong>in</strong></span> <span class='ocrx_word' id='word_1_398' title='bbox 2925 513 2988 554; x_wconf 87' lang='lat' dir='ltr'><strong>ea</strong></span> <span class='ocrx_word' id='word_1_399' title='bbox 3036 498 3101 568; x_wconf 71' lang='grc' dir='ltr'><strong>ζ,</strong></span> 
     </span>
    </p>
   </div>
   <div class='ocr_carea' id='block_1_47' title="bbox 3551 385 3680 443">
    <p class='ocr_par' dir='ltr' id='par_1_47' title="bbox 3551 385 3680 443">
     <span class='ocr_line' id='line_1_47' title="bbox 3551 385 3680 443; baseline 0 -2"><span class='ocrx_word' id='word_1_400' title='bbox 3551 385 3680 443; x_wconf 62' lang='grc' dir='ltr'><strong>ωε</strong></span> 
     </span>
    </p>
   </div>
   <div class='ocr_carea' id='block_1_48' title="bbox 3145 497 3679 569">
    <p class='ocr_par' dir='ltr' id='par_1_48' title="bbox 3145 497 3679 569">
     <span class='ocr_line' id='line_1_48' title="bbox 3145 497 3679 569; baseline 0.021 -17"><span class='ocrx_word' id='word_1_401' title='bbox 3145 503 3322 569; x_wconf 79' lang='lat' dir='ltr'><strong>neque</strong></span> <span class='ocrx_word' id='word_1_402' title='bbox 3367 497 3679 565; x_wconf 83' lang='lat' dir='ltr'><strong>visitabitur.</strong></span> 
     </span>
    </p>
   </div>
   <div class='ocr_carea' id='block_1_49' title="bbox 2126 591 3683 663">
    <p class='ocr_par' dir='ltr' id='par_1_49' title="bbox 2126 591 3683 663">
     <span class='ocr_line' id='line_1_49' title="bbox 2126 591 3683 663; baseline -0.002 -15"><span class='ocrx_word' id='word_1_403' title='bbox 2126 607 2303 663; x_wconf 90' lang='lat' dir='ltr'><strong>neque</strong></span> <span class='ocrx_word' id='word_1_404' title='bbox 2331 591 2562 648; x_wconf 77' lang='lat' dir='ltr'><strong>facietur</strong></span> <span class='ocrx_word' id='word_1_405' title='bbox 2587 592 2844 662; x_wconf 85' lang='lat' dir='ltr'><strong>amplius.</strong></span> <span class='ocrx_word' id='word_1_406' title='bbox 2902 591 2996 654; x_wconf 64' lang='lat' dir='ltr'><strong>l7.</strong></span> <span class='ocrx_word' id='word_1_407' title='bbox 3030 592 3088 646; x_wconf 85' lang='lat' dir='ltr'><strong>in</strong></span> <span class='ocrx_word' id='word_1_408' title='bbox 3130 591 3328 646; x_wconf 90' lang='lat' dir='ltr'><strong>diebus</strong></span> <span class='ocrx_word' id='word_1_409' title='bbox 3360 592 3485 654; x_wconf 86' lang='lat' dir='ltr'><strong>illis.</strong></span> <span class='ocrx_word' id='word_1_410' title='bbox 3527 611 3588 650; x_wconf 70' lang='grc' dir='ltr'><strong>ιι-</strong></span> <span class='ocrx_word' id='word_1_411' title='bbox 3632 608 3683 653; x_wconf 68' lang='grc' dir='ltr'>ει</span> 
     </span>
    </p>
   </div>
   <div class='ocr_carea' id='block_1_50' title="bbox 2125 681 3684 760">
    <p class='ocr_par' dir='ltr' id='par_1_50' title="bbox 2125 681 3684 760">
     <span class='ocr_line' id='line_1_50' title="bbox 2125 681 3684 760; baseline 0.003 -18"><span class='ocrx_word' id='word_1_412' title='bbox 2125 687 2178 742; x_wconf 92' lang='lat' dir='ltr'><strong>in</strong></span> <span class='ocrx_word' id='word_1_413' title='bbox 2219 699 2464 760; x_wconf 89' lang='lat' dir='ltr'><strong>tempore</strong></span> <span class='ocrx_word' id='word_1_414' title='bbox 2499 681 2646 758; x_wconf 72' lang='lat' dir='ltr'><strong>illo:</strong></span> <span class='ocrx_word' id='word_1_415' title='bbox 2688 689 2965 743; x_wconf 87' lang='lat' dir='ltr'><strong>vocabunt</strong></span> <span class='ocrx_word' id='word_1_416' title='bbox 3013 685 3321 744; x_wconf 83' lang='lat' dir='ltr'><strong>Jerusalem</strong></span> <span class='ocrx_word' id='word_1_417' title='bbox 3365 690 3554 746; x_wconf 82' lang='lat' dir='ltr'><strong>solium</strong></span> <span class='ocrx_word' id='word_1_418' title='bbox 3589 691 3684 748; x_wconf 81' lang='lat' dir='ltr'><strong>Do-</strong></span> 
     </span>
    </p>
   </div>
   <div class='ocr_carea' id='block_1_51' title="bbox 2126 776 3690 851">
    <p class='ocr_par' dir='ltr' id='par_1_51' title="bbox 2126 776 3690 851">
     <span class='ocr_line' id='line_1_51' title="bbox 2126 776 3690 851; baseline 0.002 -18"><span class='ocrx_word' id='word_1_419' title='bbox 2126 777 2262 833; x_wconf 84' lang='lat' dir='ltr'><strong>mini</strong></span> <span class='ocrx_word' id='word_1_420' title='bbox 2297 795 2311 835; x_wconf 89' lang='lat'>:</span> <span class='ocrx_word' id='word_1_421' title='bbox 2349 790 2402 833; x_wconf 84' lang='lat' dir='ltr'><strong>et</strong></span> <span class='ocrx_word' id='word_1_422' title='bbox 2441 776 2922 849; x_wconf 84' lang='lat' dir='ltr'><strong>congregabuntur</strong></span> <span class='ocrx_word' id='word_1_423' title='bbox 2953 777 3007 831; x_wconf 92' lang='lat' dir='ltr'><strong>in</strong></span> <span class='ocrx_word' id='word_1_424' title='bbox 3038 792 3158 830; x_wconf 87' lang='lat' dir='ltr'><strong>eam</strong></span> <span class='ocrx_word' id='word_1_425' title='bbox 3191 793 3385 832; x_wconf 89' lang='lat' dir='ltr'><strong>omnes</strong></span> <span class='ocrx_word' id='word_1_426' title='bbox 3419 789 3601 847; x_wconf 80' lang='lat' dir='ltr'><strong>gentes</strong></span> <span class='ocrx_word' id='word_1_427' title='bbox 3627 784 3690 851; x_wconf 58' lang='grc' dir='ltr'>Χ</span> 
     </span>
    </p>
   </div>
   <div class='ocr_carea' id='block_1_52' title="bbox 2125 866 3690 940">
    <p class='ocr_par' dir='ltr' id='par_1_52' title="bbox 2125 866 3690 940">
     <span class='ocr_line' id='line_1_52' title="bbox 2125 866 3690 940; baseline 0.001 -14"><span class='ocrx_word' id='word_1_428' title='bbox 2125 871 2188 926; x_wconf 84' lang='lat' dir='ltr'><strong>in</strong></span> <span class='ocrx_word' id='word_1_429' title='bbox 2214 872 2434 926; x_wconf 90' lang='lat' dir='ltr'><strong>nomine</strong></span> <span class='ocrx_word' id='word_1_430' title='bbox 2465 870 2679 926; x_wconf 89' lang='lat' dir='ltr'><strong>Domini</strong></span> <span class='ocrx_word' id='word_1_431' title='bbox 2730 871 2752 940; x_wconf 69' lang='grc' dir='ltr'>ζ</span> <span class='ocrx_word' id='word_1_432' title='bbox 2809 869 2864 923; x_wconf 91' lang='lat' dir='ltr'><strong>in</strong></span> <span class='ocrx_word' id='word_1_433' title='bbox 2903 866 3205 924; x_wconf 83' lang='lat' dir='ltr'><strong>Jerusalem</strong></span> <span class='ocrx_word' id='word_1_434' title='bbox 3253 885 3266 922; x_wconf 95' lang='lat'><strong>:</strong></span> <span class='ocrx_word' id='word_1_435' title='bbox 3319 884 3427 923; x_wconf 87' lang='lat' dir='ltr'><strong>non</strong></span> <span class='ocrx_word' id='word_1_436' title='bbox 3462 871 3690 928; x_wconf 83' lang='lat' dir='ltr'><strong>ambula-</strong></span> 
     </span>
    </p>
   </div>
   <div class='ocr_carea' id='block_1_53' title="bbox 2125 959 3688 1033">
    <p class='ocr_par' dir='ltr' id='par_1_53' title="bbox 2125 959 3688 1033">
     <span class='ocr_line' id='line_1_53' title="bbox 2125 959 3688 1033; baseline -0.001 -15"><span class='ocrx_word' id='word_1_437' title='bbox 2125 963 2264 1018; x_wconf 87' lang='lat' dir='ltr'><strong>bunt</strong></span> <span class='ocrx_word' id='word_1_438' title='bbox 2319 962 2558 1024; x_wconf 81' lang='lat' dir='ltr'><strong>amplius</strong></span> <span class='ocrx_word' id='word_1_439' title='bbox 2607 969 2736 1033; x_wconf 87' lang='lat' dir='ltr'><strong>post</strong></span> <span class='ocrx_word' id='word_1_440' title='bbox 2785 961 3147 1030; x_wconf 80' lang='lat' dir='ltr'><strong>cogitationes</strong></span> <span class='ocrx_word' id='word_1_441' title='bbox 3195 959 3378 1015; x_wconf 88' lang='lat' dir='ltr'><strong>cordis</strong></span> <span class='ocrx_word' id='word_1_442' title='bbox 3417 962 3501 1016; x_wconf 89' lang='lat' dir='ltr'><strong>sui</strong></span> <span class='ocrx_word' id='word_1_443' title='bbox 3549 965 3688 1017; x_wconf 87' lang='lat' dir='ltr'><strong>mali.</strong></span> 
     </span>
    </p>
   </div>
   <div class='ocr_carea' id='block_1_54' title="bbox 2128 1049 3692 1122">
    <p class='ocr_par' dir='ltr' id='par_1_54' title="bbox 2128 1049 3692 1122">
     <span class='ocr_line' id='line_1_54' title="bbox 2128 1049 3692 1122; baseline -0.001 -15"><span class='ocrx_word' id='word_1_444' title='bbox 2128 1053 2216 1108; x_wconf 77' lang='grc'><strong>18.</strong></span> <span class='ocrx_word' id='word_1_445' title='bbox 2247 1053 2304 1108; x_wconf 84' lang='lat' dir='ltr'><strong>In</strong></span> <span class='ocrx_word' id='word_1_446' title='bbox 2337 1053 2531 1108; x_wconf 87' lang='lat' dir='ltr'><strong>diebus</strong></span> <span class='ocrx_word' id='word_1_447' title='bbox 2558 1053 2668 1108; x_wconf 87' lang='lat' dir='ltr'><strong>illis</strong></span> <span class='ocrx_word' id='word_1_448' title='bbox 2701 1052 3184 1122; x_wconf 81' lang='lat' dir='ltr'><strong>congregabuntur</strong></span> <span class='ocrx_word' id='word_1_449' title='bbox 3229 1051 3427 1106; x_wconf 86' lang='lat' dir='ltr'><strong>domus</strong></span> <span class='ocrx_word' id='word_1_450' title='bbox 3455 1049 3605 1106; x_wconf 79' lang='lat' dir='ltr'><strong>Judze</strong></span> <span class='ocrx_word' id='word_1_451' title='bbox 3631 1055 3692 1106; x_wconf 84' lang='lat' dir='ltr'><strong>ad</strong></span> 
     </span>
    </p>
   </div>
   <div class='ocr_carea' id='block_1_55' title="bbox 2126 1142 3697 1214">
    <p class='ocr_par' dir='ltr' id='par_1_55' title="bbox 2126 1142 3697 1214">
     <span class='ocr_line' id='line_1_55' title="bbox 2126 1142 3697 1214; baseline 0.001 -16"><span class='ocrx_word' id='word_1_452' title='bbox 2126 1146 2347 1199; x_wconf 76' lang='lat' dir='ltr'><strong>domum</strong></span> <span class='ocrx_word' id='word_1_453' title='bbox 2382 1145 2598 1199; x_wconf 83' lang='lat' dir='ltr'><strong>lsraelis</strong></span> <span class='ocrx_word' id='word_1_454' title='bbox 2638 1164 2652 1200; x_wconf 88' lang='lat'><strong>:</strong></span> <span class='ocrx_word' id='word_1_455' title='bbox 2685 1154 2742 1200; x_wconf 89' lang='lat' dir='ltr'><strong>et</strong></span> <span class='ocrx_word' id='word_1_456' title='bbox 2769 1143 2993 1199; x_wconf 84' lang='lat' dir='ltr'><strong>venient</strong></span> <span class='ocrx_word' id='word_1_457' title='bbox 3025 1142 3191 1197; x_wconf 91' lang='lat' dir='ltr'><strong>simul</strong></span> <span class='ocrx_word' id='word_1_458' title='bbox 3219 1157 3285 1197; x_wconf 81' lang='lat' dir='ltr'><strong>ex</strong></span> <span class='ocrx_word' id='word_1_459' title='bbox 3314 1153 3458 1198; x_wconf 88' lang='lat' dir='ltr'><strong>terra</strong></span> <span class='ocrx_word' id='word_1_460' title='bbox 3500 1145 3697 1214; x_wconf 87' lang='lat' dir='ltr'><strong>aquilo-</strong></span> 
     </span>
    </p>
   </div>
   <div class='ocr_carea' id='block_1_56' title="bbox 2127 1233 3694 1304">
    <p class='ocr_par' dir='ltr' id='par_1_56' title="bbox 2127 1233 3694 1304">
     <span class='ocr_line' id='line_1_56' title="bbox 2127 1233 3694 1304; baseline -0.001 -14"><span class='ocrx_word' id='word_1_461' title='bbox 2127 1239 2234 1302; x_wconf 87' lang='lat' dir='ltr'><strong>nis,</strong></span> <span class='ocrx_word' id='word_1_462' title='bbox 2285 1251 2349 1291; x_wconf 73' lang='grc' dir='ltr'><strong>αι-</strong></span> <span class='ocrx_word' id='word_1_463' title='bbox 2404 1247 2456 1290; x_wconf 86' lang='lat' dir='ltr'><strong>et</strong></span> <span class='ocrx_word' id='word_1_464' title='bbox 2503 1241 2568 1292; x_wconf 87' lang='lat' dir='ltr'><strong>ex</strong></span> <span class='ocrx_word' id='word_1_465' title='bbox 2618 1237 2875 1292; x_wconf 85' lang='lat' dir='ltr'><strong>omnibus</strong></span> <span class='ocrx_word' id='word_1_466' title='bbox 2925 1233 3244 1304; x_wconf 81' lang='lat' dir='ltr'><strong>regionibus</strong></span> <span class='ocrx_word' id='word_1_467' title='bbox 3287 1236 3310 1303; x_wconf 74' lang='grc' dir='ltr'>ζ</span> <span class='ocrx_word' id='word_1_468' title='bbox 3366 1234 3433 1289; x_wconf 84' lang='lat' dir='ltr'><strong>ad</strong></span> <span class='ocrx_word' id='word_1_469' title='bbox 3488 1242 3694 1298; x_wconf 83' lang='lat' dir='ltr'><strong>terram,</strong></span> 
     </span>
    </p>
   </div>
   <div class='ocr_carea' id='block_1_57' title="bbox 2127 1324 3694 1396">
    <p class='ocr_par' dir='ltr' id='par_1_57' title="bbox 2127 1324 3694 1396">
     <span class='ocr_line' id='line_1_57' title="bbox 2127 1324 3694 1396; baseline -0.001 -16"><span class='ocrx_word' id='word_1_470' title='bbox 2127 1341 2293 1396; x_wconf 83' lang='lat' dir='ltr'><strong>quam</strong></span> <span class='ocrx_word' id='word_1_471' title='bbox 2331 1329 2386 1381; x_wconf 89' lang='lat' dir='ltr'><strong>in</strong></span> <span class='ocrx_word' id='word_1_472' title='bbox 2425 1327 2799 1382; x_wconf 75' lang='lat' dir='ltr'><strong>Increditatem</strong></span> <span class='ocrx_word' id='word_1_473' title='bbox 2837 1326 2959 1380; x_wconf 85' lang='lat' dir='ltr'><strong>dedi</strong></span> <span class='ocrx_word' id='word_1_474' title='bbox 2997 1324 3248 1395; x_wconf 86' lang='lat' dir='ltr'><strong>patribus</strong></span> <span class='ocrx_word' id='word_1_475' title='bbox 3280 1338 3502 1378; x_wconf 86' lang='lat' dir='ltr'><strong>eorum.</strong></span> <span class='ocrx_word' id='word_1_476' title='bbox 3531 1324 3610 1378; x_wconf 75' lang='lat' dir='ltr'><strong>i9.</strong></span> <span class='ocrx_word' id='word_1_477' title='bbox 3635 1327 3694 1396; x_wconf 83' lang='lat' dir='ltr'><strong>(t)</strong></span> 
     </span>
    </p>
   </div>
   <div class='ocr_carea' id='block_1_58' title="bbox 2128 1415 3696 1487">
    <p class='ocr_par' dir='ltr' id='par_1_58' title="bbox 2128 1415 3696 1487">
     <span class='ocr_line' id='line_1_58' title="bbox 2128 1415 3696 1487; baseline 0.003 -17"><span class='ocrx_word' id='word_1_478' title='bbox 2128 1415 2196 1470; x_wconf 78' lang='lat' dir='ltr'><strong>Et</strong></span> <span class='ocrx_word' id='word_1_479' title='bbox 2224 1434 2326 1487; x_wconf 76' lang='lat' dir='ltr'><strong>rgo</strong></span> <span class='ocrx_word' id='word_1_480' title='bbox 2352 1418 2468 1473; x_wconf 82' lang='lat' dir='ltr'><strong>dixi</strong></span> <span class='ocrx_word' id='word_1_481' title='bbox 2506 1438 2520 1476; x_wconf 89' lang='lat'><strong>:</strong></span> <span class='ocrx_word' id='word_1_482' title='bbox 2563 1434 2624 1475; x_wconf 73' lang='grc' dir='ltr'><strong>-ε-</strong></span> <span class='ocrx_word' id='word_1_483' title='bbox 2649 1419 2792 1486; x_wconf 84' lang='lat' dir='ltr'><strong>Fiat,</strong></span> <span class='ocrx_word' id='word_1_484' title='bbox 2811 1417 3044 1472; x_wconf 90' lang='lat' dir='ltr'><strong>Domine</strong></span> <span class='ocrx_word' id='word_1_485' title='bbox 3071 1416 3097 1486; x_wconf 67' lang='grc' dir='ltr'>ζ</span> <span class='ocrx_word' id='word_1_486' title='bbox 3121 1434 3135 1482; x_wconf 88' lang='lat'><strong>;</strong></span> <span class='ocrx_word' id='word_1_487' title='bbox 3185 1417 3316 1486; x_wconf 84' lang='lat' dir='ltr'><strong>quia</strong></span> <span class='ocrx_word' id='word_1_488' title='bbox 3339 1416 3625 1486; x_wconf 78' lang='lat' dir='ltr'><strong>disponam</strong></span> <span class='ocrx_word' id='word_1_489' title='bbox 3649 1428 3696 1475; x_wconf 80' lang='lat' dir='ltr'><strong>lo</strong></span> 
     </span>
    </p>
   </div>
   <div class='ocr_carea' id='block_1_59' title="bbox 2131 1510 3744 1580">
    <p class='ocr_par' dir='ltr' id='par_1_59' title="bbox 2131 1510 3744 1580">
     <span class='ocr_line' id='line_1_59' title="bbox 2131 1510 3744 1580; baseline -0.002 -16"><span class='ocrx_word' id='word_1_490' title='bbox 2131 1511 2183 1564; x_wconf 89' lang='lat' dir='ltr'><strong>in</strong></span> <span class='ocrx_word' id='word_1_491' title='bbox 2213 1511 2376 1576; x_wconf 82' lang='lat' dir='ltr'><strong>lilios,</strong></span> <span class='ocrx_word' id='word_1_492' title='bbox 2403 1521 2458 1567; x_wconf 91' lang='lat' dir='ltr'><strong>et</strong></span> <span class='ocrx_word' id='word_1_493' title='bbox 2481 1512 2622 1566; x_wconf 84' lang='lat' dir='ltr'><strong>dabo</strong></span> <span class='ocrx_word' id='word_1_494' title='bbox 2659 1511 2759 1566; x_wconf 85' lang='lat' dir='ltr'><strong>tibi</strong></span> <span class='ocrx_word' id='word_1_495' title='bbox 2786 1522 2986 1566; x_wconf 85' lang='lat' dir='ltr'><strong>terram</strong></span> <span class='ocrx_word' id='word_1_496' title='bbox 3022 1512 3274 1575; x_wconf 87' lang='lat' dir='ltr'><strong>electam,</strong></span> <span class='ocrx_word' id='word_1_497' title='bbox 3310 1510 3394 1580; x_wconf 78' lang='grc' dir='ltr'><strong>(υ)</strong></span> <span class='ocrx_word' id='word_1_498' title='bbox 3425 1510 3696 1565; x_wconf 66' lang='lat' dir='ltr'><strong>haredita-</strong></span> <span class='ocrx_word' id='word_1_499' title='bbox 3741 1555 3744 1560; x_wconf 94' lang='lat'><strong>.</strong></span> 
     </span>
    </p>
   </div>
   <div class='ocr_carea' id='block_1_60' title="bbox 2131 1603 3698 1675">
    <p class='ocr_par' dir='ltr' id='par_1_60' title="bbox 2131 1603 3698 1675">
     <span class='ocr_line' id='line_1_60' title="bbox 2131 1603 3698 1675; baseline 0.001 -18"><span class='ocrx_word' id='word_1_500' title='bbox 2131 1613 2236 1657; x_wconf 82' lang='lat' dir='ltr'><strong>tem</strong></span> <span class='ocrx_word' id='word_1_501' title='bbox 2264 1607 2330 1672; x_wconf 54' lang='grc' dir='ltr'><strong>χ(</strong></span> <span class='ocrx_word' id='word_1_502' title='bbox 2363 1603 2634 1659; x_wconf 72' lang='lat' dir='ltr'><strong>{annosam</strong></span> <span class='ocrx_word' id='word_1_503' title='bbox 2684 1605 2706 1672; x_wconf 74' lang='grc' dir='ltr'>ζ</span> <span class='ocrx_word' id='word_1_504' title='bbox 2756 1603 2850 1660; x_wconf 77' lang='lat' dir='ltr'><strong>Dei</strong></span> <span class='ocrx_word' id='word_1_505' title='bbox 2882 1605 3277 1674; x_wconf 81' lang='lat' dir='ltr'><strong>omnipotentis</strong></span> <span class='ocrx_word' id='word_1_506' title='bbox 3330 1605 3596 1675; x_wconf 81' lang='lat' dir='ltr'><strong>gentium.</strong></span> <span class='ocrx_word' id='word_1_507' title='bbox 3641 1604 3698 1660; x_wconf 85' lang='lat' dir='ltr'><strong>Et</strong></span> 
     </span>
    </p>
   </div>
   <div class='ocr_carea' id='block_1_61' title="bbox 2130 1695 3695 1758">
    <p class='ocr_par' dir='ltr' id='par_1_61' title="bbox 2130 1695 3695 1758">
     <span class='ocr_line' id='line_1_61' title="bbox 2130 1695 3695 1758; baseline 0 -9"><span class='ocrx_word' id='word_1_508' title='bbox 2130 1695 2244 1749; x_wconf 80' lang='lat' dir='ltr'><strong>dixi</strong></span> <span class='ocrx_word' id='word_1_509' title='bbox 2276 1714 2290 1750; x_wconf 90' lang='lat'><strong>:</strong></span> <span class='ocrx_word' id='word_1_510' title='bbox 2320 1695 2536 1750; x_wconf 81' lang='lat' dir='ltr'><strong>Patrem</strong></span> <span class='ocrx_word' id='word_1_511' title='bbox 2579 1695 2798 1750; x_wconf 85' lang='lat' dir='ltr'><strong>vocabis</strong></span> <span class='ocrx_word' id='word_1_512' title='bbox 2824 1711 2934 1758; x_wconf 88' lang='lat' dir='ltr'><strong>me,</strong></span> <span class='ocrx_word' id='word_1_513' title='bbox 2968 1705 3022 1750; x_wconf 85' lang='lat' dir='ltr'><strong>et</strong></span> <span class='ocrx_word' id='word_1_514' title='bbox 3050 1712 3080 1749; x_wconf 91' lang='lat' dir='ltr'><strong>a</strong></span> <span class='ocrx_word' id='word_1_515' title='bbox 3113 1711 3201 1748; x_wconf 71' lang='lat' dir='ltr'><strong>rue</strong></span> <span class='ocrx_word' id='word_1_516' title='bbox 3240 1710 3348 1752; x_wconf 87' lang='lat' dir='ltr'><strong>non</strong></span> <span class='ocrx_word' id='word_1_517' title='bbox 3379 1695 3695 1751; x_wconf 67' lang='lat' dir='ltr'><strong>retrooaies.</strong></span> 
     </span>
    </p>
   </div>
   <div class='ocr_carea' id='block_1_62' title="bbox 2130 1781 3699 1855">
    <p class='ocr_par' dir='ltr' id='par_1_62' title="bbox 2130 1781 3699 1855">
     <span class='ocr_line' id='line_1_62' title="bbox 2130 1781 3699 1855; baseline 0.003 -19"><span class='ocrx_word' id='word_1_518' title='bbox 2130 1781 2221 1839; x_wconf 72' lang='lat'><strong>20.</strong></span> <span class='ocrx_word' id='word_1_519' title='bbox 2261 1783 2459 1838; x_wconf 79' lang='lat' dir='ltr'><strong>Verum</strong></span> <span class='ocrx_word' id='word_1_520' title='bbox 2495 1793 2552 1838; x_wconf 91' lang='lat' dir='ltr'><strong>ut</strong></span> <span class='ocrx_word' id='word_1_521' title='bbox 2577 1786 2968 1855; x_wconf 66' lang='lat' dir='ltr'><strong>praevaricator</strong></span> <span class='ocrx_word' id='word_1_522' title='bbox 2993 1785 3191 1838; x_wconf 80' lang='lat' dir='ltr'><strong>mulier</strong></span> <span class='ocrx_word' id='word_1_523' title='bbox 3221 1785 3280 1838; x_wconf 81' lang='lat' dir='ltr'><strong>in</strong></span> <span class='ocrx_word' id='word_1_524' title='bbox 3311 1799 3466 1847; x_wconf 86' lang='lat' dir='ltr'><strong>eum,</strong></span> <span class='ocrx_word' id='word_1_525' title='bbox 3500 1786 3592 1855; x_wconf 89' lang='lat' dir='ltr'><strong>qui</strong></span> <span class='ocrx_word' id='word_1_526' title='bbox 3627 1796 3699 1842; x_wconf 84' lang='lat' dir='ltr'><strong>est</strong></span> 
     </span>
    </p>
   </div>
   <div class='ocr_carea' id='block_1_63' title="bbox 2133 1873 3699 1944">
    <p class='ocr_par' dir='ltr' id='par_1_63' title="bbox 2133 1873 3699 1944">
     <span class='ocr_line' id='line_1_63' title="bbox 2133 1873 3699 1944; baseline 0.001 -17"><span class='ocrx_word' id='word_1_527' title='bbox 2133 1889 2258 1927; x_wconf 88' lang='lat' dir='ltr'><strong>cum</strong></span> <span class='ocrx_word' id='word_1_528' title='bbox 2285 1889 2372 1938; x_wconf 85' lang='lat' dir='ltr'><strong>ea,</strong></span> <span class='ocrx_word' id='word_1_529' title='bbox 2401 1877 2472 1928; x_wconf 86' lang='lat' dir='ltr'><strong>ita</strong></span> <span class='ocrx_word' id='word_1_530' title='bbox 2502 1875 2856 1944; x_wconf 62' lang='lat' dir='ltr'><strong>prevaricata</strong></span> <span class='ocrx_word' id='word_1_531' title='bbox 2887 1881 2973 1929; x_wconf 89' lang='lat' dir='ltr'><strong>est</strong></span> <span class='ocrx_word' id='word_1_532' title='bbox 3019 1874 3073 1926; x_wconf 82' lang='lat' dir='ltr'><strong>in</strong></span> <span class='ocrx_word' id='word_1_533' title='bbox 3121 1887 3210 1926; x_wconf 89' lang='lat' dir='ltr'><strong>me</strong></span> <span class='ocrx_word' id='word_1_534' title='bbox 3229 1874 3430 1928; x_wconf 82' lang='lat' dir='ltr'><strong>domus</strong></span> <span class='ocrx_word' id='word_1_535' title='bbox 3479 1873 3699 1939; x_wconf 81' lang='lat' dir='ltr'><strong>Israclis,</strong></span> 
     </span>
    </p>
   </div>
   <div class='ocr_carea' id='block_1_64' title="bbox 2132 1962 3701 2038">
    <p class='ocr_par' dir='ltr' id='par_1_64' title="bbox 2132 1962 3701 2038">
     <span class='ocr_line' id='line_1_64' title="bbox 2132 1962 3701 2038; baseline 0 -20"><span class='ocrx_word' id='word_1_536' title='bbox 2132 1964 2269 2018; x_wconf 82' lang='lat' dir='ltr'><strong>dicit</strong></span> <span class='ocrx_word' id='word_1_537' title='bbox 2293 1965 2583 2019; x_wconf 81' lang='lat' dir='ltr'><strong>Dominus.</strong></span> <span class='ocrx_word' id='word_1_538' title='bbox 2611 1965 2702 2019; x_wconf 75' lang='lat'><strong>21.</strong></span> <span class='ocrx_word' id='word_1_539' title='bbox 2746 1963 2865 2018; x_wconf 80' lang='lat' dir='ltr'><strong>Vox</strong></span> <span class='ocrx_word' id='word_1_540' title='bbox 2899 1965 2977 2038; x_wconf 60' lang='lat' dir='ltr'><strong>(tr)</strong></span> <span class='ocrx_word' id='word_1_541' title='bbox 3003 1978 3070 2018; x_wconf 81' lang='lat' dir='ltr'><strong>ex</strong></span> <span class='ocrx_word' id='word_1_542' title='bbox 3095 1962 3258 2018; x_wconf 81' lang='lat' dir='ltr'><strong>labiis</strong></span> <span class='ocrx_word' id='word_1_543' title='bbox 3279 1963 3468 2018; x_wconf 85' lang='lat' dir='ltr'><strong>audita</strong></span> <span class='ocrx_word' id='word_1_544' title='bbox 3497 1972 3598 2027; x_wconf 87' lang='lat' dir='ltr'><strong>est,</strong></span> <span class='ocrx_word' id='word_1_545' title='bbox 3619 1962 3701 2018; x_wconf 72' lang='lat' dir='ltr'><strong>ﬂe-</strong></span> 
     </span>
    </p>
   </div>
   <div class='ocr_carea' id='block_1_65' title="bbox 2135 2053 3704 2124">
    <p class='ocr_par' dir='ltr' id='par_1_65' title="bbox 2135 2053 3704 2124">
     <span class='ocr_line' id='line_1_65' title="bbox 2135 2053 3704 2124; baseline -0.001 -14"><span class='ocrx_word' id='word_1_546' title='bbox 2135 2065 2244 2120; x_wconf 89' lang='lat' dir='ltr'><strong>tus,</strong></span> <span class='ocrx_word' id='word_1_547' title='bbox 2281 2066 2335 2111; x_wconf 90' lang='lat' dir='ltr'><strong>ct</strong></span> <span class='ocrx_word' id='word_1_548' title='bbox 2364 2057 2761 2111; x_wconf 82' lang='lat' dir='ltr'><strong>obsecrationis</strong></span> <span class='ocrx_word' id='word_1_549' title='bbox 2793 2056 3030 2111; x_wconf 82' lang='lat' dir='ltr'><strong>ﬁliorum</strong></span> <span class='ocrx_word' id='word_1_550' title='bbox 3072 2055 3318 2121; x_wconf 83' lang='lat' dir='ltr'><strong>lsraelis;</strong></span> <span class='ocrx_word' id='word_1_551' title='bbox 3349 2055 3484 2124; x_wconf 83' lang='lat' dir='ltr'><strong>quia</strong></span> <span class='ocrx_word' id='word_1_552' title='bbox 3519 2053 3704 2122; x_wconf 75' lang='lat' dir='ltr'><strong>injuste</strong></span> 
     </span>
    </p>
   </div>
   <div class='ocr_carea' id='block_1_66' title="bbox 2133 2145 3704 2216">
    <p class='ocr_par' dir='ltr' id='par_1_66' title="bbox 2133 2145 3704 2216">
     <span class='ocr_line' id='line_1_66' title="bbox 2133 2145 3704 2216; baseline 0.001 -16"><span class='ocrx_word' id='word_1_553' title='bbox 2133 2158 2366 2216; x_wconf 82' lang='lat' dir='ltr'><strong>egerunt</strong></span> <span class='ocrx_word' id='word_1_554' title='bbox 2401 2148 2590 2202; x_wconf 87' lang='lat' dir='ltr'><strong>inviis</strong></span> <span class='ocrx_word' id='word_1_555' title='bbox 2637 2148 2775 2214; x_wconf 84' lang='lat' dir='ltr'><strong>suis,</strong></span> <span class='ocrx_word' id='word_1_556' title='bbox 2833 2148 2988 2202; x_wconf 89' lang='lat' dir='ltr'><strong>obliti</strong></span> <span class='ocrx_word' id='word_1_557' title='bbox 3041 2151 3272 2216; x_wconf 60' lang='lat' dir='ltr'><strong>suntx</strong></span> <span class='ocrx_word' id='word_1_558' title='bbox 3325 2147 3422 2201; x_wconf 88' lang='lat' dir='ltr'><strong>Dei</strong></span> <span class='ocrx_word' id='word_1_559' title='bbox 3460 2146 3484 2214; x_wconf 73' lang='grc' dir='ltr'>ζ</span> <span class='ocrx_word' id='word_1_560' title='bbox 3533 2145 3704 2202; x_wconf 79' lang='lat' dir='ltr'><strong>Sancti</strong></span> 
     </span>
    </p>
   </div>
   <div class='ocr_carea' id='block_1_67' title="bbox 2132 2237 3704 2310">
    <p class='ocr_par' dir='ltr' id='par_1_67' title="bbox 2132 2237 3704 2310">
     <span class='ocr_line' id='line_1_67' title="bbox 2132 2237 3704 2310; baseline 0 -19"><span class='ocrx_word' id='word_1_561' title='bbox 2132 2239 2242 2292; x_wconf 86' lang='lat' dir='ltr'><strong>sui.</strong></span> <span class='ocrx_word' id='word_1_562' title='bbox 2288 2237 2379 2292; x_wconf 75' lang='lat'><strong>29..</strong></span> <span class='ocrx_word' id='word_1_563' title='bbox 2423 2239 2804 2305; x_wconf 77' lang='lat' dir='ltr'><strong>Revertimini,</strong></span> <span class='ocrx_word' id='word_1_564' title='bbox 2859 2238 2956 2294; x_wconf 82' lang='lat' dir='ltr'><strong>ﬁlii</strong></span> <span class='ocrx_word' id='word_1_565' title='bbox 2993 2240 3069 2310; x_wconf 65' lang='grc' dir='ltr'><strong>(ει)</strong></span> <span class='ocrx_word' id='word_1_566' title='bbox 3106 2247 3452 2294; x_wconf 84' lang='lat' dir='ltr'><strong>revertentes</strong></span> <span class='ocrx_word' id='word_1_567' title='bbox 3485 2255 3502 2293; x_wconf 88' lang='lat'><strong>:</strong></span> <span class='ocrx_word' id='word_1_568' title='bbox 3551 2247 3604 2292; x_wconf 90' lang='lat' dir='ltr'><strong>et</strong></span> <span class='ocrx_word' id='word_1_569' title='bbox 3633 2252 3704 2291; x_wconf 51' lang='lat' dir='ltr'><strong>ss.</strong></span> 
     </span>
    </p>
   </div>
   <div class='ocr_carea' id='block_1_68' title="bbox 2133 2322 3705 2401">
    <p class='ocr_par' dir='ltr' id='par_1_68' title="bbox 2133 2322 3705 2401">
     <span class='ocr_line' id='line_1_68' title="bbox 2133 2322 3705 2401; baseline -0.001 -16"><span class='ocrx_word' id='word_1_570' title='bbox 2133 2332 2278 2386; x_wconf 89' lang='lat' dir='ltr'><strong>nabo</strong></span> <span class='ocrx_word' id='word_1_571' title='bbox 2311 2330 2386 2401; x_wconf 71' lang='lat' dir='ltr'><strong>(a)</strong></span> <span class='ocrx_word' id='word_1_572' title='bbox 2441 2322 3062 2385; x_wconf 29' lang='lat' dir='ltr'><strong>contritiones‘vestrss.</strong></span> <span class='ocrx_word' id='word_1_573' title='bbox 3117 2330 3255 2385; x_wconf 86' lang='lat' dir='ltr'><strong>Ecce</strong></span> <span class='ocrx_word' id='word_1_574' title='bbox 3299 2330 3409 2399; x_wconf 88' lang='lat' dir='ltr'><strong>ipsi</strong></span> <span class='ocrx_word' id='word_1_575' title='bbox 3463 2343 3565 2384; x_wconf 87' lang='lat' dir='ltr'><strong>nos</strong></span> <span class='ocrx_word' id='word_1_576' title='bbox 3609 2331 3705 2384; x_wconf 87' lang='lat' dir='ltr'><strong>eri-</strong></span> 
     </span>
    </p>
   </div>
   <div class='ocr_carea' id='block_1_69' title="bbox 2133 2419 3706 2491">
    <p class='ocr_par' dir='ltr' id='par_1_69' title="bbox 2133 2419 3706 2491">
     <span class='ocr_line' id='line_1_69' title="bbox 2133 2419 3706 2491; baseline -0.001 -15"><span class='ocrx_word' id='word_1_577' title='bbox 2133 2438 2257 2477; x_wconf 82' lang='lat' dir='ltr'><strong>mus</strong></span> <span class='ocrx_word' id='word_1_578' title='bbox 2289 2421 2409 2485; x_wconf 90' lang='lat' dir='ltr'><strong>tibi,</strong></span> <span class='ocrx_word' id='word_1_579' title='bbox 2437 2421 2572 2491; x_wconf 82' lang='lat' dir='ltr'><strong>quia</strong></span> <span class='ocrx_word' id='word_1_580' title='bbox 2589 2430 2651 2475; x_wconf 86' lang='lat' dir='ltr'><strong>tu</strong></span> <span class='ocrx_word' id='word_1_581' title='bbox 2671 2419 2940 2478; x_wconf 88' lang='lat' dir='ltr'><strong>Dominus</strong></span> <span class='ocrx_word' id='word_1_582' title='bbox 2965 2420 3110 2476; x_wconf 88' lang='lat' dir='ltr'><strong>Deus</strong></span> <span class='ocrx_word' id='word_1_583' title='bbox 3138 2432 3328 2476; x_wconf 88' lang='lat' dir='ltr'><strong>noster</strong></span> <span class='ocrx_word' id='word_1_584' title='bbox 3351 2435 3440 2475; x_wconf 90' lang='lat' dir='ltr'><strong>es.</strong></span> <span class='ocrx_word' id='word_1_585' title='bbox 3467 2420 3559 2474; x_wconf 70' lang='grc'><strong>95.</strong></span> <span class='ocrx_word' id='word_1_586' title='bbox 3585 2421 3706 2474; x_wconf 72' lang='lat' dir='ltr'><strong>Vere</strong></span> 
     </span>
    </p>
   </div>
   <div class='ocr_carea' id='block_1_70' title="bbox 2135 2512 3704 2582">
    <p class='ocr_par' dir='ltr' id='par_1_70' title="bbox 2135 2512 3704 2582">
     <span class='ocr_line' id='line_1_70' title="bbox 2135 2512 3704 2582; baseline -0.001 -15"><span class='ocrx_word' id='word_1_587' title='bbox 2135 2514 2186 2567; x_wconf 91' lang='lat' dir='ltr'><strong>in</strong></span> <span class='ocrx_word' id='word_1_588' title='bbox 2221 2514 2569 2569; x_wconf 83' lang='lat' dir='ltr'><strong>mendacium</strong></span> <span class='ocrx_word' id='word_1_589' title='bbox 2605 2521 2762 2567; x_wconf 89' lang='lat' dir='ltr'><strong>erant</strong></span> <span class='ocrx_word' id='word_1_590' title='bbox 2795 2514 2989 2577; x_wconf 91' lang='lat' dir='ltr'><strong>colles,</strong></span> <span class='ocrx_word' id='word_1_591' title='bbox 3021 2523 3076 2568; x_wconf 88' lang='lat' dir='ltr'><strong>et</strong></span> <span class='ocrx_word' id='word_1_592' title='bbox 3101 2516 3178 2582; x_wconf 84' lang='lat' dir='ltr'><strong>(a)</strong></span> <span class='ocrx_word' id='word_1_593' title='bbox 3213 2512 3386 2567; x_wconf 86' lang='lat' dir='ltr'><strong>robur</strong></span> <span class='ocrx_word' id='word_1_594' title='bbox 3417 2513 3704 2567; x_wconf 82' lang='lat' dir='ltr'><strong>montium:</strong></span> 
     </span>
    </p>
   </div>
   <div class='ocr_carea' id='block_1_71' title="bbox 2138 2604 3708 2675">
    <p class='ocr_par' dir='ltr' id='par_1_71' title="bbox 2138 2604 3708 2675">
     <span class='ocr_line' id='line_1_71' title="bbox 2138 2604 3708 2675; baseline -0.001 -16"><span class='ocrx_word' id='word_1_595' title='bbox 2138 2607 2517 2661; x_wconf 87' lang='lat' dir='ltr'><strong>tantummodo</strong></span> <span class='ocrx_word' id='word_1_596' title='bbox 2567 2620 2664 2675; x_wconf 80' lang='lat' dir='ltr'><strong>per</strong></span> <span class='ocrx_word' id='word_1_597' title='bbox 2702 2605 2996 2660; x_wconf 88' lang='lat' dir='ltr'><strong>Dominum</strong></span> <span class='ocrx_word' id='word_1_598' title='bbox 3037 2604 3209 2659; x_wconf 80' lang='lat' dir='ltr'><strong>Deum</strong></span> <span class='ocrx_word' id='word_1_599' title='bbox 3261 2615 3520 2659; x_wconf 78' lang='lat' dir='ltr'><strong>nostram</strong></span> <span class='ocrx_word' id='word_1_600' title='bbox 3571 2606 3708 2658; x_wconf 86' lang='lat' dir='ltr'><strong>salus</strong></span> 
     </span>
    </p>
   </div>
   <div class='ocr_carea' id='block_1_72' title="bbox 2137 2694 3708 2765">
    <p class='ocr_par' dir='ltr' id='par_1_72' title="bbox 2137 2694 3708 2765">
     <span class='ocr_line' id='line_1_72' title="bbox 2137 2694 3708 2765; baseline -0.002 -14"><span class='ocrx_word' id='word_1_601' title='bbox 2137 2710 2200 2751; x_wconf 81' lang='grc' dir='ltr'><strong>-ι-</strong></span> <span class='ocrx_word' id='word_1_602' title='bbox 2229 2698 2428 2752; x_wconf 90' lang='lat' dir='ltr'><strong>domus</strong></span> <span class='ocrx_word' id='word_1_603' title='bbox 2457 2698 2478 2765; x_wconf 73' lang='grc' dir='ltr'>ζ</span> <span class='ocrx_word' id='word_1_604' title='bbox 2512 2695 2749 2752; x_wconf 87' lang='lat' dir='ltr'><strong>lsraelis.</strong></span> <span class='ocrx_word' id='word_1_605' title='bbox 2780 2696 2870 2750; x_wconf 69' lang='grc'><strong>24.</strong></span> <span class='ocrx_word' id='word_1_606' title='bbox 2902 2694 3088 2752; x_wconf 80' lang='lat' dir='ltr'><strong>Pudor</strong></span> <span class='ocrx_word' id='word_1_607' title='bbox 3108 2705 3290 2751; x_wconf 86' lang='lat' dir='ltr'><strong>autem</strong></span> <span class='ocrx_word' id='word_1_608' title='bbox 3313 2695 3558 2750; x_wconf 80' lang='lat' dir='ltr'><strong>absolvit</strong></span> <span class='ocrx_word' id='word_1_609' title='bbox 3577 2696 3708 2749; x_wconf 84' lang='lat' dir='ltr'><strong>labo-</strong></span> 
     </span>
    </p>
   </div>
   <div class='ocr_carea' id='block_1_73' title="bbox 2133 2787 3711 2858">
    <p class='ocr_par' dir='ltr' id='par_1_73' title="bbox 2133 2787 3711 2858">
     <span class='ocr_line' id='line_1_73' title="bbox 2133 2787 3711 2858; baseline -0.001 -17"><span class='ocrx_word' id='word_1_610' title='bbox 2133 2804 2223 2843; x_wconf 86' lang='lat' dir='ltr'><strong>res</strong></span> <span class='ocrx_word' id='word_1_611' title='bbox 2268 2797 2485 2858; x_wconf 83' lang='lat' dir='ltr'><strong>patrum</strong></span> <span class='ocrx_word' id='word_1_612' title='bbox 2529 2795 2846 2842; x_wconf 89' lang='lat' dir='ltr'><strong>nostrorum</strong></span> <span class='ocrx_word' id='word_1_613' title='bbox 2881 2802 2915 2842; x_wconf 88' lang='lat' dir='ltr'><strong>a</strong></span> <span class='ocrx_word' id='word_1_614' title='bbox 2943 2787 3182 2856; x_wconf 88' lang='lat' dir='ltr'><strong>pueritia</strong></span> <span class='ocrx_word' id='word_1_615' title='bbox 3213 2801 3429 2851; x_wconf 88' lang='lat' dir='ltr'><strong>eorum,</strong></span> <span class='ocrx_word' id='word_1_616' title='bbox 3467 2801 3598 2841; x_wconf 87' lang='lat' dir='ltr'><strong>oves</strong></span> <span class='ocrx_word' id='word_1_617' title='bbox 3623 2800 3711 2840; x_wconf 77' lang='lat' dir='ltr'><strong>eo-</strong></span> 
     </span>
    </p>
   </div>
   <div class='ocr_carea' id='block_1_74' title="bbox 2133 2877 3709 2944">
    <p class='ocr_par' dir='ltr' id='par_1_74' title="bbox 2133 2877 3709 2944">
     <span class='ocr_line' id='line_1_74' title="bbox 2133 2877 3709 2944; baseline -0.001 -10"><span class='ocrx_word' id='word_1_618' title='bbox 2133 2895 2282 2944; x_wconf 87' lang='lat' dir='ltr'><strong>rum,</strong></span> <span class='ocrx_word' id='word_1_619' title='bbox 2312 2889 2366 2933; x_wconf 92' lang='lat' dir='ltr'><strong>et</strong></span> <span class='ocrx_word' id='word_1_620' title='bbox 2400 2889 2586 2936; x_wconf 86' lang='lat' dir='ltr'><strong>tauros</strong></span> <span class='ocrx_word' id='word_1_621' title='bbox 2631 2894 2848 2944; x_wconf 89' lang='lat' dir='ltr'><strong>eorum,</strong></span> <span class='ocrx_word' id='word_1_622' title='bbox 2886 2879 3032 2934; x_wconf 77' lang='lat' dir='ltr'><strong>ﬁlios</strong></span> <span class='ocrx_word' id='word_1_623' title='bbox 3063 2893 3282 2942; x_wconf 81' lang='lat' dir='ltr'><strong>eorum,</strong></span> <span class='ocrx_word' id='word_1_624' title='bbox 3327 2885 3386 2932; x_wconf 92' lang='lat' dir='ltr'><strong>et</strong></span> <span class='ocrx_word' id='word_1_625' title='bbox 3432 2877 3580 2932; x_wconf 80' lang='lat' dir='ltr'><strong>ﬁlias</strong></span> <span class='ocrx_word' id='word_1_626' title='bbox 3625 2893 3709 2932; x_wconf 80' lang='lat' dir='ltr'><strong>eo-</strong></span> 
     </span>
    </p>
   </div>
   <div class='ocr_carea' id='block_1_75' title="bbox 2135 2969 3714 3040">
    <p class='ocr_par' dir='ltr' id='par_1_75' title="bbox 2135 2969 3714 3040">
     <span class='ocr_line' id='line_1_75' title="bbox 2135 2969 3714 3040; baseline -0.003 -15"><span class='ocrx_word' id='word_1_627' title='bbox 2135 2987 2279 3025; x_wconf 86' lang='lat' dir='ltr'><strong>rum.</strong></span> <span class='ocrx_word' id='word_1_628' title='bbox 2310 2970 2402 3026; x_wconf 72' lang='lat'><strong>25.</strong></span> <span class='ocrx_word' id='word_1_629' title='bbox 2436 2969 2803 3026; x_wconf 87' lang='lat' dir='ltr'><strong>Dormivimus</strong></span> <span class='ocrx_word' id='word_1_630' title='bbox 2835 2971 2889 3024; x_wconf 94' lang='lat' dir='ltr'><strong>in</strong></span> <span class='ocrx_word' id='word_1_631' title='bbox 2933 2969 3147 3040; x_wconf 84' lang='lat' dir='ltr'><strong>pudore</strong></span> <span class='ocrx_word' id='word_1_632' title='bbox 3170 2979 3384 3035; x_wconf 88' lang='lat' dir='ltr'><strong>nostro,</strong></span> <span class='ocrx_word' id='word_1_633' title='bbox 3419 2981 3482 3024; x_wconf 90' lang='lat' dir='ltr'><strong>et</strong></span> <span class='ocrx_word' id='word_1_634' title='bbox 3509 2970 3714 3039; x_wconf 76' lang='lat' dir='ltr'><strong>operuit</strong></span> 
     </span>
    </p>
   </div>
   <div class='ocr_carea' id='block_1_76' title="bbox 2135 3062 3716 3134">
    <p class='ocr_par' dir='ltr' id='par_1_76' title="bbox 2135 3062 3716 3134">
     <span class='ocr_line' id='line_1_76' title="bbox 2135 3062 3716 3134; baseline 0 -18"><span class='ocrx_word' id='word_1_635' title='bbox 2135 3078 2236 3118; x_wconf 86' lang='lat' dir='ltr'><strong>nos</strong></span> <span class='ocrx_word' id='word_1_636' title='bbox 2252 3072 2563 3118; x_wconf 83' lang='lat' dir='ltr'><strong>contemtus</strong></span> <span class='ocrx_word' id='word_1_637' title='bbox 2582 3073 2802 3129; x_wconf 87' lang='lat' dir='ltr'><strong>noster;</strong></span> <span class='ocrx_word' id='word_1_638' title='bbox 2827 3064 2957 3134; x_wconf 91' lang='lat' dir='ltr'><strong>quia</strong></span> <span class='ocrx_word' id='word_1_639' title='bbox 2975 3077 3161 3117; x_wconf 84' lang='lat' dir='ltr'><strong>coram</strong></span> <span class='ocrx_word' id='word_1_640' title='bbox 3184 3062 3295 3117; x_wconf 92' lang='lat' dir='ltr'><strong>Deo</strong></span> <span class='ocrx_word' id='word_1_641' title='bbox 3317 3073 3513 3118; x_wconf 87' lang='lat' dir='ltr'><strong>nostro</strong></span> <span class='ocrx_word' id='word_1_642' title='bbox 3536 3077 3716 3132; x_wconf 63' lang='lat' dir='ltr'><strong>prceao</strong></span> 
     </span>
    </p>
   </div>
   <div class='ocr_carea' id='block_1_77' title="bbox 2134 3154 3715 3224">
    <p class='ocr_par' dir='ltr' id='par_1_77' title="bbox 2134 3154 3715 3224">
     <span class='ocr_line' id='line_1_77' title="bbox 2134 3154 3715 3224; baseline 0 -17"><span class='ocrx_word' id='word_1_643' title='bbox 2134 3155 2311 3210; x_wconf 89' lang='lat' dir='ltr'><strong>vimus</strong></span> <span class='ocrx_word' id='word_1_644' title='bbox 2342 3170 2469 3220; x_wconf 76' lang='lat' dir='ltr'><strong>nos,</strong></span> <span class='ocrx_word' id='word_1_645' title='bbox 2515 3164 2571 3209; x_wconf 87' lang='lat' dir='ltr'><strong>et</strong></span> <span class='ocrx_word' id='word_1_646' title='bbox 2616 3164 2798 3224; x_wconf 81' lang='lat' dir='ltr'><strong>patres</strong></span> <span class='ocrx_word' id='word_1_647' title='bbox 2844 3157 3042 3220; x_wconf 88' lang='lat' dir='ltr'><strong>nostri,</strong></span> <span class='ocrx_word' id='word_1_648' title='bbox 3079 3169 3110 3209; x_wconf 90' lang='lat' dir='ltr'><strong>a</strong></span> <span class='ocrx_word' id='word_1_649' title='bbox 3149 3154 3382 3222; x_wconf 83' lang='lat' dir='ltr'><strong>pueritia</strong></span> <span class='ocrx_word' id='word_1_650' title='bbox 3426 3163 3638 3214; x_wconf 83' lang='lat' dir='ltr'><strong>nostra,</strong></span> <span class='ocrx_word' id='word_1_651' title='bbox 3666 3164 3715 3207; x_wconf 85' lang='lat' dir='ltr'><strong>et</strong></span> 
     </span>
    </p>
   </div>
   <div class='ocr_carea' id='block_1_78' title="bbox 2135 3242 3718 3316">
    <p class='ocr_par' dir='ltr' id='par_1_78' title="bbox 2135 3242 3718 3316">
     <span class='ocr_line' id='line_1_78' title="bbox 2135 3242 3718 3316; baseline -0.003 -16"><span class='ocrx_word' id='word_1_652' title='bbox 2135 3261 2315 3316; x_wconf 84' lang='lat' dir='ltr'><strong>usque</strong></span> <span class='ocrx_word' id='word_1_653' title='bbox 2341 3247 2406 3300; x_wconf 86' lang='lat' dir='ltr'><strong>ad</strong></span> <span class='ocrx_word' id='word_1_654' title='bbox 2441 3247 2592 3301; x_wconf 77' lang='lat' dir='ltr'><strong>diem</strong></span> <span class='ocrx_word' id='word_1_655' title='bbox 2633 3247 2806 3312; x_wconf 83' lang='lat' dir='ltr'><strong>hunc,</strong></span> <span class='ocrx_word' id='word_1_656' title='bbox 2841 3253 2896 3300; x_wconf 87' lang='lat' dir='ltr'><strong>ct</strong></span> <span class='ocrx_word' id='word_1_657' title='bbox 2931 3261 3040 3301; x_wconf 81' lang='lat' dir='ltr'><strong>non</strong></span> <span class='ocrx_word' id='word_1_658' title='bbox 3086 3246 3435 3300; x_wconf 82' lang='lat' dir='ltr'><strong>obedivimits</strong></span> <span class='ocrx_word' id='word_1_659' title='bbox 3465 3245 3586 3300; x_wconf 85' lang='lat' dir='ltr'><strong>voci</strong></span> <span class='ocrx_word' id='word_1_660' title='bbox 3618 3242 3718 3296; x_wconf 85' lang='lat' dir='ltr'><strong>Do-</strong></span> 
     </span>
    </p>
   </div>
   <div class='ocr_carea' id='block_1_79' title="bbox 2135 3334 2624 3391">
    <p class='ocr_par' dir='ltr' id='par_1_79' title="bbox 2135 3334 2624 3391">
     <span class='ocr_line' id='line_1_79' title="bbox 2135 3334 2624 3391; baseline -0.002 0"><span class='ocrx_word' id='word_1_661' title='bbox 2135 3337 2275 3391; x_wconf 84' lang='lat' dir='ltr'><strong>mini</strong></span> <span class='ocrx_word' id='word_1_662' title='bbox 2300 3334 2399 3390; x_wconf 88' lang='lat' dir='ltr'><strong>Dei</strong></span> <span class='ocrx_word' id='word_1_663' title='bbox 2423 3337 2624 3390; x_wconf 84' lang='lat' dir='ltr'><strong>nostri.</strong></span> 
     </span>
    </p>
   </div>
   <div class='ocr_carea' id='block_1_80' title="bbox 2201 3425 3722 3498">
    <p class='ocr_par' dir='ltr' id='par_1_80' title="bbox 2201 3425 3722 3498">
     <span class='ocr_line' id='line_1_80' title="bbox 2201 3425 3722 3498; baseline -0.002 -16"><span class='ocrx_word' id='word_1_664' title='bbox 2201 3425 2543 3498; x_wconf 79' lang='lat' dir='ltr'><strong>Cap._lV.—l</strong></span> <span class='ocrx_word' id='word_1_665' title='bbox 2559 3468 2571 3481; x_wconf 94' lang='lat'><strong>.</strong></span> <span class='ocrx_word' id='word_1_666' title='bbox 2589 3426 2646 3481; x_wconf 88' lang='lat' dir='ltr'><strong>Si</strong></span> <span class='ocrx_word' id='word_1_667' title='bbox 2662 3441 2720 3482; x_wconf 90' lang='lat' dir='ltr'><strong>se</strong></span> <span class='ocrx_word' id='word_1_668' title='bbox 2739 3427 3068 3483; x_wconf 76' lang='lat' dir='ltr'><strong>converterit</strong></span> <span class='ocrx_word' id='word_1_669' title='bbox 3081 3426 3266 3494; x_wconf 83' lang='lat' dir='ltr'><strong>lsraél,</strong></span> <span class='ocrx_word' id='word_1_670' title='bbox 3283 3426 3416 3482; x_wconf 86' lang='lat' dir='ltr'><strong>dicit</strong></span> <span class='ocrx_word' id='word_1_671' title='bbox 3431 3425 3722 3490; x_wconf 82' lang='lat' dir='ltr'><strong>Dominus,</strong></span> 
     </span>
    </p>
   </div>
   <div class='ocr_carea' id='block_1_81' title="bbox 2133 3517 3722 3590">
    <p class='ocr_par' dir='ltr' id='par_1_81' title="bbox 2133 3517 3722 3590">
     <span class='ocr_line' id='line_1_81' title="bbox 2133 3517 3722 3590; baseline 0 -18"><span class='ocrx_word' id='word_1_672' title='bbox 2133 3517 2207 3590; x_wconf 76' lang='grc' dir='ltr'><strong>(ὁ)</strong></span> <span class='ocrx_word' id='word_1_673' title='bbox 2237 3519 2306 3574; x_wconf 88' lang='lat' dir='ltr'><strong>ad</strong></span> <span class='ocrx_word' id='word_1_674' title='bbox 2345 3533 2432 3575; x_wconf 89' lang='lat' dir='ltr'><strong>me</strong></span> <span class='ocrx_word' id='word_1_675' title='bbox 2457 3520 2621 3576; x_wconf 88' lang='lat' dir='ltr'><strong>etiam</strong></span> <span class='ocrx_word' id='word_1_676' title='bbox 2653 3534 2713 3576; x_wconf 89' lang='lat' dir='ltr'><strong>se</strong></span> <span class='ocrx_word' id='word_1_677' title='bbox 2752 3528 3036 3575; x_wconf 86' lang='lat' dir='ltr'><strong>convertat</strong></span> <span class='ocrx_word' id='word_1_678' title='bbox 3062 3537 3076 3576; x_wconf 91' lang='lat'><strong>:</strong></span> <span class='ocrx_word' id='word_1_679' title='bbox 3109 3529 3165 3574; x_wconf 90' lang='lat' dir='ltr'><strong>et</strong></span> <span class='ocrx_word' id='word_1_680' title='bbox 3196 3519 3244 3574; x_wconf 91' lang='lat' dir='ltr'><strong>si</strong></span> <span class='ocrx_word' id='word_1_681' title='bbox 3286 3518 3566 3573; x_wconf 88' lang='lat' dir='ltr'><strong>amoverit</strong></span> <span class='ocrx_word' id='word_1_682' title='bbox 3596 3518 3722 3572; x_wconf 87' lang='lat' dir='ltr'><strong>abo-</strong></span> 
     </span>
    </p>
   </div>
   <div class='ocr_carea' id='block_1_82' title="bbox 2131 3610 3724 3680">
    <p class='ocr_par' dir='ltr' id='par_1_82' title="bbox 2131 3610 3724 3680">
     <span class='ocr_line' id='line_1_82' title="bbox 2131 3610 3724 3680; baseline -0.001 -12"><span class='ocrx_word' id='word_1_683' title='bbox 2131 3614 2462 3670; x_wconf 24' lang='lat' dir='ltr'><strong>mi‘nationes</strong></span> <span class='ocrx_word' id='word_1_684' title='bbox 2511 3629 2644 3670; x_wconf 89' lang='lat' dir='ltr'><strong>suas</strong></span> <span class='ocrx_word' id='word_1_685' title='bbox 2688 3614 2756 3670; x_wconf 89' lang='lat' dir='ltr'><strong>de</strong></span> <span class='ocrx_word' id='word_1_686' title='bbox 2803 3629 2898 3670; x_wconf 89' lang='lat' dir='ltr'><strong>ore</strong></span> <span class='ocrx_word' id='word_1_687' title='bbox 2944 3629 3080 3678; x_wconf 88' lang='lat' dir='ltr'><strong>suo,</strong></span> <span class='ocrx_word' id='word_1_688' title='bbox 3124 3627 3187 3669; x_wconf 67' lang='grc' dir='ltr'><strong>σε·</strong></span> <span class='ocrx_word' id='word_1_689' title='bbox 3218 3613 3316 3680; x_wconf 74' lang='lat' dir='ltr'><strong>et:</strong></span> <span class='ocrx_word' id='word_1_690' title='bbox 3361 3627 3393 3665; x_wconf 93' lang='lat' dir='ltr'><strong>a</strong></span> <span class='ocrx_word' id='word_1_691' title='bbox 3432 3610 3581 3666; x_wconf 82' lang='lat' dir='ltr'><strong>faeie</strong></span> <span class='ocrx_word' id='word_1_692' title='bbox 3609 3625 3724 3666; x_wconf 76' lang='lat' dir='ltr'><strong>mea</strong></span> 
     </span>
    </p>
   </div>
   <div class='ocr_carea' id='block_1_83' title="bbox 2132 3701 3722 3776">
    <p class='ocr_par' dir='ltr' id='par_1_83' title="bbox 2132 3701 3722 3776">
     <span class='ocr_line' id='line_1_83' title="bbox 2132 3701 3722 3776; baseline -0.003 -16"><span class='ocrx_word' id='word_1_693' title='bbox 2132 3706 2200 3775; x_wconf 59' lang='grc' dir='ltr'>Χ</span> <span class='ocrx_word' id='word_1_694' title='bbox 2231 3705 2394 3760; x_wconf 90' lang='lat' dir='ltr'><strong>etiam</strong></span> <span class='ocrx_word' id='word_1_695' title='bbox 2424 3705 2447 3774; x_wconf 72' lang='grc' dir='ltr'>ζ</span> <span class='ocrx_word' id='word_1_696' title='bbox 2479 3705 2549 3776; x_wconf 78' lang='grc' dir='ltr'><strong>(ο)</strong></span> <span class='ocrx_word' id='word_1_697' title='bbox 2567 3713 2623 3760; x_wconf 90' lang='lat' dir='ltr'><strong>et</strong></span> <span class='ocrx_word' id='word_1_698' title='bbox 2643 3705 2945 3769; x_wconf 90' lang='lat' dir='ltr'><strong>erubuerit,</strong></span> <span class='ocrx_word' id='word_1_699' title='bbox 2971 3705 3029 3758; x_wconf 59' lang='grc' dir='ltr'><strong>ἓ.</strong></span> <span class='ocrx_word' id='word_1_700' title='bbox 3061 3713 3114 3758; x_wconf 92' lang='lat' dir='ltr'><strong>et</strong></span> <span class='ocrx_word' id='word_1_701' title='bbox 3135 3703 3427 3774; x_wconf 87' lang='lat' dir='ltr'><strong>juraverit,</strong></span> <span class='ocrx_word' id='word_1_702' title='bbox 3458 3702 3601 3757; x_wconf 80' lang='lat' dir='ltr'><strong>vivit</strong></span> <span class='ocrx_word' id='word_1_703' title='bbox 3625 3701 3722 3756; x_wconf 84' lang='lat' dir='ltr'><strong>Do-</strong></span> 
     </span>
    </p>
   </div>
   <div class='ocr_carea' id='block_1_84' title="bbox 2133 3791 3724 3866">
    <p class='ocr_par' dir='ltr' id='par_1_84' title="bbox 2133 3791 3724 3866">
     <span class='ocr_line' id='line_1_84' title="bbox 2133 3791 3724 3866; baseline -0.003 -14"><span class='ocrx_word' id='word_1_704' title='bbox 2133 3797 2337 3861; x_wconf 89' lang='lat' dir='ltr'><strong>minus,</strong></span> <span class='ocrx_word' id='word_1_705' title='bbox 2379 3811 2506 3853; x_wconf 90' lang='lat' dir='ltr'><strong>cum</strong></span> <span class='ocrx_word' id='word_1_706' title='bbox 2553 3797 2801 3861; x_wconf 82' lang='lat' dir='ltr'><strong>veritate,</strong></span> <span class='ocrx_word' id='word_1_707' title='bbox 2837 3806 2892 3852; x_wconf 91' lang='lat' dir='ltr'><strong>et</strong></span> <span class='ocrx_word' id='word_1_708' title='bbox 2939 3796 2994 3850; x_wconf 90' lang='lat' dir='ltr'><strong>in</strong></span> <span class='ocrx_word' id='word_1_709' title='bbox 3023 3795 3252 3865; x_wconf 81' lang='lat' dir='ltr'><strong>judicio,</strong></span> <span class='ocrx_word' id='word_1_710' title='bbox 3295 3803 3350 3850; x_wconf 89' lang='lat' dir='ltr'><strong>et</strong></span> <span class='ocrx_word' id='word_1_711' title='bbox 3387 3791 3445 3849; x_wconf 92' lang='lat' dir='ltr'><strong>in</strong></span> <span class='ocrx_word' id='word_1_712' title='bbox 3475 3794 3724 3866; x_wconf 84' lang='lat' dir='ltr'><strong>justitia;</strong></span> 
     </span>
    </p>
   </div>
   <div class='ocr_carea' id='block_1_85' title="bbox 2133 3885 3723 3957">
    <p class='ocr_par' dir='ltr' id='par_1_85' title="bbox 2133 3885 3723 3957">
     <span class='ocr_line' id='line_1_85' title="bbox 2133 3885 3723 3957; baseline -0.003 -14"><span class='ocrx_word' id='word_1_713' title='bbox 2133 3889 2296 3944; x_wconf 83' lang='lat' dir='ltr'><strong>etiam</strong></span> <span class='ocrx_word' id='word_1_714' title='bbox 2347 3887 2668 3942; x_wconf 86' lang='lat' dir='ltr'><strong>benediceut</strong></span> <span class='ocrx_word' id='word_1_715' title='bbox 2699 3887 2754 3940; x_wconf 92' lang='lat' dir='ltr'><strong>in</strong></span> <span class='ocrx_word' id='word_1_716' title='bbox 2785 3901 2852 3941; x_wconf 92' lang='lat' dir='ltr'><strong>eo</strong></span> <span class='ocrx_word' id='word_1_717' title='bbox 2877 3897 3087 3957; x_wconf 79' lang='lat' dir='ltr'><strong>gentes,</strong></span> <span class='ocrx_word' id='word_1_718' title='bbox 3133 3894 3188 3940; x_wconf 92' lang='lat' dir='ltr'><strong>et</strong></span> <span class='ocrx_word' id='word_1_719' title='bbox 3235 3887 3288 3940; x_wconf 89' lang='lat' dir='ltr'><strong>in</strong></span> <span class='ocrx_word' id='word_1_720' title='bbox 3320 3899 3387 3941; x_wconf 91' lang='lat' dir='ltr'><strong>eo</strong></span> <span class='ocrx_word' id='word_1_721' title='bbox 3423 3885 3723 3940; x_wconf 84' lang='lat' dir='ltr'><strong>laudabunt</strong></span> 
     </span>
    </p>
   </div>
   <div class='ocr_carea' id='block_1_86' title="bbox 2133 3975 3726 4048">
    <p class='ocr_par' dir='ltr' id='par_1_86' title="bbox 2133 3975 3726 4048">
     <span class='ocr_line' id='line_1_86' title="bbox 2133 3975 3726 4048; baseline -0.002 -15"><span class='ocrx_word' id='word_1_722' title='bbox 2133 3981 2200 4047; x_wconf 64' lang='lat' dir='ltr'>x</span> <span class='ocrx_word' id='word_1_723' title='bbox 2255 3977 2485 4048; x_wconf 73' lang='lat' dir='ltr'><strong>Deum:</strong></span> <span class='ocrx_word' id='word_1_724' title='bbox 2547 3978 2602 4032; x_wconf 92' lang='lat' dir='ltr'><strong>in</strong></span> <span class='ocrx_word' id='word_1_725' title='bbox 2636 3977 2960 4040; x_wconf 80' lang='lat' dir='ltr'><strong>Jerusalem.</strong></span> <span class='ocrx_word' id='word_1_726' title='bbox 3012 3979 3068 4032; x_wconf 80' lang='lat'><strong>3.</strong></span> <span class='ocrx_word' id='word_1_727' title='bbox 3100 3976 3372 4044; x_wconf 84' lang='lat' dir='ltr'><strong>Quoniam</strong></span> <span class='ocrx_word' id='word_1_728' title='bbox 3434 3977 3560 4030; x_wconf 61' lang='lat' dir='ltr'><strong>haec</strong></span> <span class='ocrx_word' id='word_1_729' title='bbox 3602 3975 3726 4030; x_wconf 87' lang='lat' dir='ltr'><strong>dicit</strong></span> 
     </span>
    </p>
   </div>
   <div class='ocr_carea' id='block_1_87' title="bbox 2136 4067 3719 4135">
    <p class='ocr_par' dir='ltr' id='par_1_87' title="bbox 2136 4067 3719 4135">
     <span class='ocr_line' id='line_1_87' title="bbox 2136 4067 3719 4135; baseline -0.003 -11"><span class='ocrx_word' id='word_1_730' title='bbox 2136 4071 2401 4128; x_wconf 90' lang='lat' dir='ltr'><strong>Dominus</strong></span> <span class='ocrx_word' id='word_1_731' title='bbox 2450 4072 2584 4127; x_wconf 82' lang='lat' dir='ltr'><strong>viris</strong></span> <span class='ocrx_word' id='word_1_732' title='bbox 2617 4070 2792 4135; x_wconf 64' lang='lat' dir='ltr'><strong>Judaa,</strong></span> <span class='ocrx_word' id='word_1_733' title='bbox 2833 4081 2889 4126; x_wconf 89' lang='lat' dir='ltr'><strong>et</strong></span> <span class='ocrx_word' id='word_1_734' title='bbox 2943 4069 3346 4124; x_wconf 81' lang='lat' dir='ltr'><strong>habitatoribus</strong></span> <span class='ocrx_word' id='word_1_735' title='bbox 3379 4067 3719 4123; x_wconf 85' lang='lat' dir='ltr'><strong>Jerusalem:</strong></span> 
     </span>
    </p>
   </div>
   <div class='ocr_carea' id='block_1_88' title="bbox 2132 4159 3718 4230">
    <p class='ocr_par' dir='ltr' id='par_1_88' title="bbox 2132 4159 3718 4230">
     <span class='ocr_line' id='line_1_88' title="bbox 2132 4159 3718 4230; baseline -0.002 -13"><span class='ocrx_word' id='word_1_736' title='bbox 2132 4163 2298 4219; x_wconf 80' lang='lat' dir='ltr'><strong>Arate</strong></span> <span class='ocrx_word' id='word_1_737' title='bbox 2341 4165 2498 4220; x_wconf 81' lang='lat' dir='ltr'><strong>vobis</strong></span> <span class='ocrx_word' id='word_1_738' title='bbox 2544 4179 2696 4228; x_wconf 87' lang='lat' dir='ltr'><strong>arva,</strong></span> <span class='ocrx_word' id='word_1_739' title='bbox 2740 4171 2794 4217; x_wconf 92' lang='lat' dir='ltr'><strong>et</strong></span> <span class='ocrx_word' id='word_1_740' title='bbox 2849 4178 2916 4216; x_wconf 84' lang='lat' dir='ltr'><strong>ne</strong></span> <span class='ocrx_word' id='word_1_741' title='bbox 2963 4162 3159 4218; x_wconf 85' lang='lat' dir='ltr'><strong>seratis</strong></span> <span class='ocrx_word' id='word_1_742' title='bbox 3193 4176 3359 4230; x_wconf 90' lang='lat' dir='ltr'><strong>super</strong></span> <span class='ocrx_word' id='word_1_743' title='bbox 3407 4161 3631 4230; x_wconf 87' lang='lat' dir='ltr'><strong>spinis:</strong></span> <span class='ocrx_word' id='word_1_744' title='bbox 3671 4159 3718 4214; x_wconf 69' lang='grc' dir='ltr'><strong>ι.</strong></span> 
     </span>
    </p>
   </div>
   <div class='ocr_carea' id='block_1_89' title="bbox 2132 4249 3722 4322">
    <p class='ocr_par' dir='ltr' id='par_1_89' title="bbox 2132 4249 3722 4322">
     <span class='ocr_line' id='line_1_89' title="bbox 2132 4249 3722 4322; baseline -0.004 -12"><span class='ocrx_word' id='word_1_745' title='bbox 2132 4255 2594 4312; x_wconf 83' lang='lat' dir='ltr'><strong>cireumcidimini</strong></span> <span class='ocrx_word' id='word_1_746' title='bbox 2622 4253 2731 4311; x_wconf 91' lang='lat' dir='ltr'><strong>Deo</strong></span> <span class='ocrx_word' id='word_1_747' title='bbox 2771 4264 2974 4320; x_wconf 88' lang='lat' dir='ltr'><strong>vestro,</strong></span> <span class='ocrx_word' id='word_1_748' title='bbox 3009 4264 3063 4308; x_wconf 93' lang='lat' dir='ltr'><strong>et</strong></span> <span class='ocrx_word' id='word_1_749' title='bbox 3091 4249 3722 4322; x_wconf 61' lang='lat' dir='ltr'><strong>circumcidemini&#39;prz-</strong></span> 
     </span>
    </p>
   </div>
   <div class='ocr_carea' id='block_1_90' title="bbox 2132 4342 3718 4417">
    <p class='ocr_par' dir='ltr' id='par_1_90' title="bbox 2132 4342 3718 4417">
     <span class='ocr_line' id='line_1_90' title="bbox 2132 4342 3718 4417; baseline -0.004 -17"><span class='ocrx_word' id='word_1_750' title='bbox 2132 4347 2349 4417; x_wconf 79' lang='lat' dir='ltr'><strong>putium</strong></span> <span class='ocrx_word' id='word_1_751' title='bbox 2390 4346 2572 4401; x_wconf 87' lang='lat' dir='ltr'><strong>cordis</strong></span> <span class='ocrx_word' id='word_1_752' title='bbox 2612 4346 2803 4409; x_wconf 89' lang='lat' dir='ltr'><strong>vestri,</strong></span> <span class='ocrx_word' id='word_1_753' title='bbox 2840 4346 2943 4400; x_wconf 87' lang='lat' dir='ltr'><strong>viri</strong></span> <span class='ocrx_word' id='word_1_754' title='bbox 2988 4342 3164 4412; x_wconf 68' lang='lat' dir='ltr'><strong>Judaa,</strong></span> <span class='ocrx_word' id='word_1_755' title='bbox 3200 4351 3256 4398; x_wconf 91' lang='lat' dir='ltr'><strong>et</strong></span> <span class='ocrx_word' id='word_1_756' title='bbox 3305 4343 3628 4398; x_wconf 87' lang='lat' dir='ltr'><strong>habitantes</strong></span> <span class='ocrx_word' id='word_1_757' title='bbox 3672 4343 3718 4395; x_wconf 91' lang='lat' dir='ltr'><strong>in</strong></span> 
     </span>
    </p>
   </div>
   <div class='ocr_carea' id='block_1_91' title="bbox 2133 4435 3722 4509">
    <p class='ocr_par' dir='ltr' id='par_1_91' title="bbox 2133 4435 3722 4509">
     <span class='ocr_line' id='line_1_91' title="bbox 2133 4435 3722 4509; baseline -0.005 -13"><span class='ocrx_word' id='word_1_758' title='bbox 2133 4439 2460 4502; x_wconf 74' lang='lat' dir='ltr'><strong>Jerusalem,</strong></span> <span class='ocrx_word' id='word_1_759' title='bbox 2511 4453 2580 4493; x_wconf 89' lang='lat' dir='ltr'><strong>ne</strong></span> <span class='ocrx_word' id='word_1_760' title='bbox 2627 4440 2876 4509; x_wconf 86' lang='lat' dir='ltr'><strong>prodeat,</strong></span> <span class='ocrx_word' id='word_1_761' title='bbox 2928 4448 2988 4492; x_wconf 91' lang='lat' dir='ltr'><strong>ut</strong></span> <span class='ocrx_word' id='word_1_762' title='bbox 3021 4438 3184 4508; x_wconf 83' lang='lat' dir='ltr'><strong>ignis,</strong></span> <span class='ocrx_word' id='word_1_763' title='bbox 3235 4435 3391 4492; x_wconf 76' lang='lat' dir='ltr'><strong>furor</strong></span> <span class='ocrx_word' id='word_1_764' title='bbox 3447 4451 3631 4502; x_wconf 91' lang='lat' dir='ltr'><strong>meus,</strong></span> <span class='ocrx_word' id='word_1_765' title='bbox 3674 4443 3722 4489; x_wconf 86' lang='lat' dir='ltr'><strong>et</strong></span> 
     </span>
    </p>
   </div>
   <div class='ocr_carea' id='block_1_92' title="bbox 448 4517 3722 4600">
    <p class='ocr_par' dir='ltr' id='par_1_92' title="bbox 448 4517 3722 4600">
     <span class='ocr_line' id='line_1_92' title="bbox 448 4517 3722 4600; baseline 0 -20"><span class='ocrx_word' id='word_1_766' title='bbox 448 4528 656 4592; x_wconf 84' lang='lat' dir='ltr'><strong>minus,</strong></span> <span class='ocrx_word' id='word_1_767' title='bbox 683 4529 737 4582; x_wconf 91' lang='lat' dir='ltr'><strong>in</strong></span> <span class='ocrx_word' id='word_1_768' title='bbox 766 4529 963 4584; x_wconf 86' lang='lat' dir='ltr'><strong>diebus</strong></span> <span class='ocrx_word' id='word_1_769' title='bbox 981 4528 1090 4583; x_wconf 91' lang='lat' dir='ltr'><strong>illis</strong></span> <span class='ocrx_word' id='word_1_770' title='bbox 1126 4543 1235 4583; x_wconf 88' lang='lat' dir='ltr'><strong>non</strong></span> <span class='ocrx_word' id='word_1_771' title='bbox 1256 4527 1441 4583; x_wconf 91' lang='lat' dir='ltr'><strong>dicent</strong></span> <span class='ocrx_word' id='word_1_772' title='bbox 1461 4527 1696 4596; x_wconf 86' lang='lat' dir='ltr'><strong>amplius</strong></span> <span class='ocrx_word' id='word_1_773' title='bbox 1723 4545 1737 4581; x_wconf 87' lang='lat'><strong>:</strong></span> <span class='ocrx_word' id='word_1_774' title='bbox 1763 4527 1902 4582; x_wconf 84' lang='lat' dir='ltr'><strong>Area</strong></span> <span class='ocrx_word' id='word_1_775' title='bbox 1929 4527 2028 4584; x_wconf 67' lang='grc' dir='ltr'><strong>ϊω-</strong></span> <span class='ocrx_word' id='word_1_776' title='bbox 2061 4517 2105 4572; x_wconf 78' lang='lat' dir='ltr'><strong>D</strong></span> <span class='ocrx_word' id='word_1_777' title='bbox 2135 4532 2415 4594; x_wconf 82' lang='lat' dir='ltr'><strong>cxardeat,</strong></span> <span class='ocrx_word' id='word_1_778' title='bbox 2452 4539 2508 4586; x_wconf 91' lang='lat' dir='ltr'><strong>et</strong></span> <span class='ocrx_word' id='word_1_779' title='bbox 2545 4545 2654 4584; x_wconf 91' lang='lat' dir='ltr'><strong>non</strong></span> <span class='ocrx_word' id='word_1_780' title='bbox 2684 4530 2809 4594; x_wconf 90' lang='lat' dir='ltr'><strong>erit,</strong></span> <span class='ocrx_word' id='word_1_781' title='bbox 2840 4528 2935 4600; x_wconf 90' lang='lat' dir='ltr'><strong>qui</strong></span> <span class='ocrx_word' id='word_1_782' title='bbox 2971 4530 3305 4600; x_wconf 71' lang='lat' dir='ltr'><strong>exstinguat,</strong></span> <span class='ocrx_word' id='word_1_783' title='bbox 3329 4544 3360 4582; x_wconf 90' lang='lat' dir='ltr'><strong>a</strong></span> <span class='ocrx_word' id='word_1_784' title='bbox 3403 4527 3555 4584; x_wconf 79' lang='lat' dir='ltr'><strong>facie</strong></span> <span class='ocrx_word' id='word_1_785' title='bbox 3580 4528 3722 4582; x_wconf 83' lang='lat' dir='ltr'><strong>mali-</strong></span> 
     </span>
    </p>
   </div>
   <div class='ocr_carea' id='block_1_93' title="bbox 447 4617 3718 4691">
    <p class='ocr_par' dir='ltr' id='par_1_93' title="bbox 447 4617 3718 4691">
     <span class='ocr_line' id='line_1_93' title="bbox 447 4617 3718 4691; baseline -0 -19"><span class='ocrx_word' id='word_1_786' title='bbox 447 4619 596 4673; x_wconf 88' lang='lat' dir='ltr'><strong>deris</strong></span> <span class='ocrx_word' id='word_1_787' title='bbox 624 4619 842 4675; x_wconf 85' lang='lat' dir='ltr'><strong>Domini</strong></span> <span class='ocrx_word' id='word_1_788' title='bbox 873 4620 944 4691; x_wconf 88' lang='lat' dir='ltr'><strong>(r)</strong></span> <span class='ocrx_word' id='word_1_789' title='bbox 974 4638 989 4675; x_wconf 90' lang='lat'><strong>:</strong></span> <span class='ocrx_word' id='word_1_790' title='bbox 1019 4635 1129 4675; x_wconf 85' lang='lat' dir='ltr'><strong>non</strong></span> <span class='ocrx_word' id='word_1_791' title='bbox 1158 4620 1422 4676; x_wconf 82' lang='lat' dir='ltr'><strong>ascendet</strong></span> <span class='ocrx_word' id='word_1_792' title='bbox 1451 4634 1616 4688; x_wconf 83' lang='lat' dir='ltr'><strong>super</strong></span> <span class='ocrx_word' id='word_1_793' title='bbox 1643 4634 1760 4680; x_wconf 85' lang='lat' dir='ltr'><strong>cor.</strong></span> <span class='ocrx_word' id='word_1_794' title='bbox 1823 4618 1902 4689; x_wconf 69' lang='grc' dir='ltr'><strong>(ε)</strong></span> <span class='ocrx_word' id='word_1_795' title='bbox 1944 4635 2035 4675; x_wconf 82' lang='lat' dir='ltr'><strong>ne-</strong></span> <span class='ocrx_word' id='word_1_796' title='bbox 2140 4620 2232 4675; x_wconf 69' lang='lat' dir='ltr'><strong>tiae</strong></span> <span class='ocrx_word' id='word_1_797' title='bbox 2281 4619 2588 4682; x_wconf 86' lang='lat' dir='ltr'><strong>studiorum</strong></span> <span class='ocrx_word' id='word_1_798' title='bbox 2634 4631 2966 4675; x_wconf 89' lang='lat' dir='ltr'><strong>vestrorum.</strong></span> <span class='ocrx_word' id='word_1_799' title='bbox 3000 4617 3054 4674; x_wconf 83' lang='lat'><strong>5.</strong></span> <span class='ocrx_word' id='word_1_800' title='bbox 3092 4620 3435 4674; x_wconf 82' lang='lat' dir='ltr'><strong>Annuntiate</strong></span> <span class='ocrx_word' id='word_1_801' title='bbox 3467 4620 3538 4688; x_wconf 78' lang='lat' dir='ltr'><strong>in</strong></span> <span class='ocrx_word' id='word_1_802' title='bbox 3569 4617 3718 4680; x_wconf 87' lang='lat' dir='ltr'><strong>Juda,</strong></span> 
     </span>
    </p>
   </div>
   <div class='ocr_carea' id='block_1_94' title="bbox 521 4823 3722 4900">
    <p class='ocr_par' dir='ltr' id='par_1_94' title="bbox 521 4823 3722 4900">
     <span class='ocr_line' id='line_1_94' title="bbox 521 4823 3722 4900; baseline 0.001 -20"><span class='ocrx_word' id='word_1_803' title='bbox 521 4827 601 4899; x_wconf 69' lang='grc' dir='ltr'><strong>(ω)</strong></span> <span class='ocrx_word' id='word_1_804' title='bbox 640 4827 731 4891; x_wconf 77' lang='grc' dir='ltr'><strong>Α..,</strong></span> <span class='ocrx_word' id='word_1_805' title='bbox 791 4827 965 4884; x_wconf 77' lang='lat' dir='ltr'><strong>fueris</strong></span> <span class='ocrx_word' id='word_1_806' title='bbox 1015 4827 1342 4900; x_wconf 73' lang='lat' dir='ltr'><strong>concubina.</strong></span> <span class='ocrx_word' id='word_1_807' title='bbox 1389 4823 1472 4892; x_wconf 84' lang='lat'><strong>8.,</strong></span> <span class='ocrx_word' id='word_1_808' title='bbox 1505 4827 1881 4900; x_wconf 9' lang='lat' dir='ltr'><strong>emeretr-ieemr</strong></span> <span class='ocrx_word' id='word_1_809' title='bbox 1937 4828 2133 4900; x_wconf 86' lang='lat' dir='ltr'><strong>egeris.</strong></span> <span class='ocrx_word' id='word_1_810' title='bbox 2216 4829 2291 4900; x_wconf 67' lang='lat' dir='ltr'><strong>ly)</strong></span> <span class='ocrx_word' id='word_1_811' title='bbox 2332 4831 2416 4890; x_wconf 83' lang='lat'><strong>8.,</strong></span> <span class='ocrx_word' id='word_1_812' title='bbox 2455 4837 2782 4898; x_wconf 80' lang='lat' dir='ltr'><strong>exspectans</strong></span> <span class='ocrx_word' id='word_1_813' title='bbox 2843 4838 3073 4900; x_wconf 74' lang='lat' dir='ltr'><strong>eos,_ut</strong></span> <span class='ocrx_word' id='word_1_814' title='bbox 3131 4825 3466 4900; x_wconf 87' lang='lat' dir='ltr'><strong>hospitium__</strong></span> <span class='ocrx_word' id='word_1_815' title='bbox 3503 4844 3722 4900; x_wconf 44' lang='lat' dir='ltr'><strong>vesper&quot;</strong></span> 
     </span>
    </p>
   </div>
   <div class='ocr_carea' id='block_1_95' title="bbox 450 4895 3721 4964">
    <p class='ocr_par' dir='ltr' id='par_1_95' title="bbox 450 4895 3721 4964">
     <span class='ocr_line' id='line_1_95' title="bbox 450 4895 3721 4964; baseline 0 -15"><span class='ocrx_word' id='word_1_816' title='bbox 450 4895 651 4963; x_wconf 73' lang='lat' dir='ltr'><strong>tinum,</strong></span> <span class='ocrx_word' id='word_1_817' title='bbox 707 4906 763 4952; x_wconf 92' lang='lat' dir='ltr'><strong>et</strong></span> <span class='ocrx_word' id='word_1_818' title='bbox 816 4914 966 4952; x_wconf 90' lang='lat' dir='ltr'><strong>ream</strong></span> <span class='ocrx_word' id='word_1_819' title='bbox 1019 4897 1197 4953; x_wconf 79' lang='lat' dir='ltr'><strong>fecisti</strong></span> <span class='ocrx_word' id='word_1_820' title='bbox 1250 4906 1476 4952; x_wconf 90' lang='lat' dir='ltr'><strong>terram.</strong></span> <span class='ocrx_word' id='word_1_821' title='bbox 1577 4901 1650 4964; x_wconf 73' lang='lat' dir='ltr'><strong>(e)</strong></span> <span class='ocrx_word' id='word_1_822' title='bbox 1697 4899 1785 4962; x_wconf 84' lang='grc' dir='ltr'><strong>Α.,</strong></span> <span class='ocrx_word' id='word_1_823' title='bbox 1841 4895 1992 4951; x_wconf 79' lang='lat' dir='ltr'><strong>sicut</strong></span> <span class='ocrx_word' id='word_1_824' title='bbox 2051 4895 2328 4954; x_wconf 63' lang='lat' dir='ltr'><strong>Arabs&#39;in</strong></span> <span class='ocrx_word' id='word_1_825' title='bbox 2375 4895 2615 4961; x_wconf 74' lang='lat' dir='ltr'><strong>deserto,</strong></span> <span class='ocrx_word' id='word_1_826' title='bbox 2647 4909 2703 4952; x_wconf 91' lang='lat' dir='ltr'><strong>et</strong></span> <span class='ocrx_word' id='word_1_827' title='bbox 2743 4897 2992 4952; x_wconf 86' lang='lat' dir='ltr'><strong>occidisti</strong></span> <span class='ocrx_word' id='word_1_828' title='bbox 3031 4899 3270 4952; x_wconf 85' lang='lat' dir='ltr'><strong>terram!</strong></span> <span class='ocrx_word' id='word_1_829' title='bbox 3322 4921 3390 4936; x_wconf 80' lang='lat'><em>-</em></span> <span class='ocrx_word' id='word_1_830' title='bbox 3421 4895 3495 4952; x_wconf 91' lang='lat' dir='ltr'><strong>Ut</strong></span> <span class='ocrx_word' id='word_1_831' title='bbox 3539 4899 3721 4952; x_wconf 82' lang='lat' dir='ltr'><strong>cornix</strong></span> 
     </span>
    </p>
   </div>
   <div class='ocr_carea' id='block_1_96' title="bbox 451 4965 2407 5037">
    <p class='ocr_par' dir='ltr' id='par_1_96' title="bbox 451 4965 2407 5037">
     <span class='ocr_line' id='line_1_96' title="bbox 451 4965 2407 5037; baseline 0.001 -15"><span class='ocrx_word' id='word_1_832' title='bbox 451 4969 505 5022; x_wconf 90' lang='lat' dir='ltr'><strong>in</strong></span> <span class='ocrx_word' id='word_1_833' title='bbox 528 4970 745 5023; x_wconf 89' lang='lat' dir='ltr'><strong>deserto</strong></span> <span class='ocrx_word' id='word_1_834' title='bbox 772 4971 910 5022; x_wconf 87' lang='lat' dir='ltr'><strong>sola.</strong></span> <span class='ocrx_word' id='word_1_835' title='bbox 990 4967 1068 5037; x_wconf 90' lang='lat' dir='ltr'><strong>(a)</strong></span> <span class='ocrx_word' id='word_1_836' title='bbox 1109 4965 1200 5034; x_wconf 80' lang='grc' dir='ltr'><strong>Α.,</strong></span> <span class='ocrx_word' id='word_1_837' title='bbox 1236 4976 1290 5021; x_wconf 92' lang='lat' dir='ltr'><strong>et</strong></span> <span class='ocrx_word' id='word_1_838' title='bbox 1307 4967 1577 5037; x_wconf 84' lang='lat' dir='ltr'><strong>ultionem</strong></span> <span class='ocrx_word' id='word_1_839' title='bbox 1615 4977 1934 5037; x_wconf 70' lang='lat' dir='ltr'><strong>surriserunt</strong></span> <span class='ocrx_word' id='word_1_840' title='bbox 1957 4969 2190 5037; x_wconf 88' lang='lat' dir='ltr'><strong>imbres.</strong></span> <span class='ocrx_word' id='word_1_841' title='bbox 2223 4969 2308 5034; x_wconf 95' lang='lat'><strong>8.,</strong></span> <span class='ocrx_word' id='word_1_842' title='bbox 2353 4981 2407 5024; x_wconf 89' lang='lat' dir='ltr'><strong>et</strong></span> 
     </span>
    </p>
   </div>
   <div class='ocr_carea' id='block_1_97' title="bbox 451 4966 3721 5103">
    <p class='ocr_par' dir='ltr' id='par_1_97' title="bbox 451 4966 3721 5103">
     <span class='ocr_line' id='line_1_97' title="bbox 451 4966 3721 5039; baseline -0.001 -17"><span class='ocrx_word' id='word_1_843' title='bbox 451 4969 505 5022; x_wconf 90' lang='lat' dir='ltr'><strong>in</strong></span> <span class='ocrx_word' id='word_1_844' title='bbox 528 4970 745 5023; x_wconf 89' lang='lat' dir='ltr'><strong>deserto</strong></span> <span class='ocrx_word' id='word_1_845' title='bbox 772 4971 910 5022; x_wconf 87' lang='lat' dir='ltr'><strong>sola.</strong></span> <span class='ocrx_word' id='word_1_846' title='bbox 990 4967 1068 5037; x_wconf 90' lang='lat' dir='ltr'><strong>(a)</strong></span> <span class='ocrx_word' id='word_1_847' title='bbox 1109 4966 1200 5034; x_wconf 82' lang='grc' dir='ltr'><strong>Α.,</strong></span> <span class='ocrx_word' id='word_1_848' title='bbox 1236 4976 1290 5021; x_wconf 92' lang='lat' dir='ltr'><strong>et</strong></span> <span class='ocrx_word' id='word_1_849' title='bbox 1313 4967 1577 5022; x_wconf 85' lang='lat' dir='ltr'><strong>ultionem</strong></span> <span class='ocrx_word' id='word_1_850' title='bbox 1615 4977 1934 5022; x_wconf 88' lang='lat' dir='ltr'><strong>sumserunt</strong></span> <span class='ocrx_word' id='word_1_851' title='bbox 1965 4969 2190 5024; x_wconf 88' lang='lat' dir='ltr'><strong>imbres.</strong></span> <span class='ocrx_word' id='word_1_852' title='bbox 2223 4969 2308 5034; x_wconf 95' lang='lat'><strong>8.,</strong></span> <span class='ocrx_word' id='word_1_853' title='bbox 2353 4981 2407 5024; x_wconf 89' lang='lat' dir='ltr'><strong>et</strong></span> <span class='ocrx_word' id='word_1_854' title='bbox 2449 4969 2734 5039; x_wconf 73' lang='lat' dir='ltr'><strong>prohibita:</strong></span> <span class='ocrx_word' id='word_1_855' title='bbox 2771 4969 2992 5023; x_wconf 74' lang='lat' dir='ltr'><strong>fuerunt</strong></span> <span class='ocrx_word' id='word_1_856' title='bbox 3023 4977 3187 5032; x_wconf 76' lang='lat' dir='ltr'><strong>gutue</strong></span> <span class='ocrx_word' id='word_1_857' title='bbox 3219 4966 3434 5021; x_wconf 90' lang='lat' dir='ltr'><strong>imbris.</strong></span> <span class='ocrx_word' id='word_1_858' title='bbox 3521 4967 3599 5036; x_wconf 88' lang='lat' dir='ltr'><strong>(b)</strong></span> <span class='ocrx_word' id='word_1_859' title='bbox 3637 4968 3721 5032; x_wconf 85' lang='grc' dir='ltr'><strong>Α.,</strong></span> 
     </span>
     <span class='ocr_line' id='line_1_98' title="bbox 451 5033 3721 5103; baseline 0 -12"><span class='ocrx_word' id='word_1_860' title='bbox 451 5037 537 5101; x_wconf 86' lang='grc'><strong>8.,</strong></span> <span class='ocrx_word' id='word_1_861' title='bbox 574 5047 629 5091; x_wconf 93' lang='lat' dir='ltr'><strong>et</strong></span> <span class='ocrx_word' id='word_1_862' title='bbox 663 5037 848 5103; x_wconf 81' lang='lat' dir='ltr'><strong>pluvia</strong></span> <span class='ocrx_word' id='word_1_863' title='bbox 883 5039 1123 5092; x_wconf 82' lang='lat' dir='ltr'><strong>serotina</strong></span> <span class='ocrx_word' id='word_1_864' title='bbox 1155 5053 1263 5095; x_wconf 90' lang='lat' dir='ltr'><strong>non</strong></span> <span class='ocrx_word' id='word_1_865' title='bbox 1293 5036 1413 5092; x_wconf 82' lang='lat' dir='ltr'><strong>fuit.</strong></span> <span class='ocrx_word' id='word_1_866' title='bbox 1531 5038 1605 5103; x_wconf 76' lang='grc' dir='ltr'><strong>(ὁ)</strong></span> <span class='ocrx_word' id='word_1_867' title='bbox 1653 5035 1863 5103; x_wconf 82' lang='lat' dir='ltr'><strong>Reliqui</strong></span> <span class='ocrx_word' id='word_1_868' title='bbox 1894 5053 1912 5090; x_wconf 90' lang='lat'><strong><em>:</em></strong></span> <span class='ocrx_word' id='word_1_869' title='bbox 1945 5036 2124 5094; x_wconf 81' lang='lat' dir='ltr'><strong>lrons.</strong></span> <span class='ocrx_word' id='word_1_870' title='bbox 2199 5040 2269 5103; x_wconf 73' lang='grc' dir='ltr'><strong>(ε)</strong></span> <span class='ocrx_word' id='word_1_871' title='bbox 2312 5039 2405 5103; x_wconf 85' lang='grc' dir='ltr'><strong>Α.,</strong></span> <span class='ocrx_word' id='word_1_872' title='bbox 2459 5039 2806 5094; x_wconf 88' lang='lat' dir='ltr'><strong>erubescere.</strong></span> <span class='ocrx_word' id='word_1_873' title='bbox 2891 5036 2968 5103; x_wconf 82' lang='grc' dir='ltr'>(ά)</span> <span class='ocrx_word' id='word_1_874' title='bbox 3007 5033 3201 5090; x_wconf 86' lang='lat' dir='ltr'><strong>Nonne</strong></span> <span class='ocrx_word' id='word_1_875' title='bbox 3226 5051 3290 5090; x_wconf 89' lang='lat' dir='ltr'><strong>ex</strong></span> <span class='ocrx_word' id='word_1_876' title='bbox 3320 5053 3466 5092; x_wconf 90' lang='lat' dir='ltr'><strong>nunc</strong></span> <span class='ocrx_word' id='word_1_877' title='bbox 3502 5040 3721 5093; x_wconf 82' lang='lat' dir='ltr'><strong>vocabis</strong></span> 
     </span>
    </p>
   </div>
   <div class='ocr_carea' id='block_1_98' title="bbox 1531 5033 3723 5120">
    <p class='ocr_par' dir='ltr' id='par_1_98' title="bbox 1531 5033 3723 5120">
     <span class='ocr_line' id='line_1_99' title="bbox 1531 5033 3723 5120; baseline 0.002 -32"><span class='ocrx_word' id='word_1_878' title='bbox 1531 5035 1863 5120; x_wconf 36' lang='lat' dir='ltr'><strong>(bjolieliqui</strong></span> <span class='ocrx_word' id='word_1_879' title='bbox 1894 5036 2124 5120; x_wconf 44' lang='lat' dir='ltr'><strong>:‘irons.</strong></span> <span class='ocrx_word' id='word_1_880' title='bbox 2199 5033 2405 5120; x_wconf 11' lang='lat' dir='ltr'><strong>(r)_VA.,</strong></span> <span class='ocrx_word' id='word_1_881' title='bbox 2449 5033 2806 5120; x_wconf 69' lang='lat' dir='ltr'><strong>erubescere.</strong></span> <span class='ocrx_word' id='word_1_882' title='bbox 2891 5036 2968 5118; x_wconf 64' lang='grc' dir='ltr'><strong>(ᾳ)</strong></span> <span class='ocrx_word' id='word_1_883' title='bbox 3007 5033 3201 5120; x_wconf 79' lang='lat' dir='ltr'><strong>Nonne</strong></span> <span class='ocrx_word' id='word_1_884' title='bbox 3226 5051 3466 5120; x_wconf 38' lang='lat' dir='ltr'><strong>ex‘nuln&#39;c</strong></span> <span class='ocrx_word' id='word_1_885' title='bbox 3498 5033 3723 5120; x_wconf 41' lang='lat' dir='ltr'><strong>vocabis</strong></span> 
     </span>
    </p>
   </div>
   <div class='ocr_carea' id='block_1_99' title="bbox 449 5105 2030 5249">
    <p class='ocr_par' dir='ltr' id='par_1_99' title="bbox 449 5105 2030 5249">
     <span class='ocr_line' id='line_1_100' title="bbox 450 5105 2030 5191; baseline -0.001 -29"><span class='ocrx_word' id='word_1_886' title='bbox 450 5122 561 5191; x_wconf 70' lang='lat' dir='ltr'><strong>me,</strong></span> <span class='ocrx_word' id='word_1_887' title='bbox 598 5116 751 5176; x_wconf 85' lang='lat' dir='ltr'><strong>pater</strong></span> <span class='ocrx_word' id='word_1_888' title='bbox 789 5109 981 5161; x_wconf 71' lang='lat' dir='ltr'><strong>meus?</strong></span> <span class='ocrx_word' id='word_1_889' title='bbox 1090 5107 1160 5181; x_wconf 90' lang='lat' dir='ltr'><strong>(e)</strong></span> <span class='ocrx_word' id='word_1_890' title='bbox 1199 5109 1294 5173; x_wconf 84' lang='grc' dir='ltr'><strong>Α.,</strong></span> <span class='ocrx_word' id='word_1_891' title='bbox 1320 5105 1406 5176; x_wconf 91' lang='lat'><strong>8.,</strong></span> <span class='ocrx_word' id='word_1_892' title='bbox 1439 5105 1685 5188; x_wconf 61' lang='lat' dir='ltr'><strong>pueritia;</strong></span> <span class='ocrx_word' id='word_1_893' title='bbox 1729 5105 1884 5188; x_wconf 66' lang='lat' dir='ltr'><strong>meae.</strong></span> <span class='ocrx_word' id='word_1_894' title='bbox 1919 5110 2030 5161; x_wconf 81' lang='lat' dir='ltr'><strong>Cur</strong></span> 
     </span>
     <span class='ocr_line' id='line_1_101' title="bbox 449 5173 2026 5249; baseline 0 -17"><span class='ocrx_word' id='word_1_895' title='bbox 449 5188 560 5249; x_wconf 77' lang='lat' dir='ltr'><strong>trix</strong></span> <span class='ocrx_word' id='word_1_896' title='bbox 596 5195 610 5232; x_wconf 89' lang='lat'><strong>:</strong></span> <span class='ocrx_word' id='word_1_897' title='bbox 641 5173 844 5249; x_wconf 80' lang='lat' dir='ltr'><strong>Locus.</strong></span> <span class='ocrx_word' id='word_1_898' title='bbox 923 5177 1000 5248; x_wconf 78' lang='lat' dir='ltr'><strong>(g)</strong></span> <span class='ocrx_word' id='word_1_899' title='bbox 1029 5178 1126 5249; x_wconf 10' lang='lat' dir='ltr'><strong>7A.,</strong></span> <span class='ocrx_word' id='word_1_900' title='bbox 1161 5178 1364 5233; x_wconf 68' lang='lat' dir='ltr'><strong>laetum.</strong></span> <span class='ocrx_word' id='word_1_901' title='bbox 1445 5177 1816 5249; x_wconf 75' lang='lat' dir='ltr'><strong>(h)_Reliqm,_</strong></span> <span class='ocrx_word' id='word_1_902' title='bbox 1849 5194 2026 5246; x_wconf 54' lang='lat' dir='ltr'><strong>prava</strong></span> 
     </span>
    </p>
   </div>
   <div class='ocr_carea' id='block_1_100' title="bbox 2133 5105 3722 5249">
    <p class='ocr_par' dir='ltr' id='par_1_100' title="bbox 2133 5105 3722 5249">
     <span class='ocr_line' id='line_1_102' title="bbox 2135 5105 3718 5176; baseline -0.004 -13"><span class='ocrx_word' id='word_1_903' title='bbox 2135 5105 2317 5166; x_wconf 73' lang='lat' dir='ltr'><strong>rvaliis</strong></span> <span class='ocrx_word' id='word_1_904' title='bbox 2348 5109 2860 5164; x_wconf 81' lang='lat' dir='ltr'><strong>excandescentiam</strong></span> <span class='ocrx_word' id='word_1_905' title='bbox 2900 5105 2966 5160; x_wconf 81' lang='lat' dir='ltr'><strong>in</strong></span> <span class='ocrx_word' id='word_1_906' title='bbox 3002 5106 3310 5162; x_wconf 61' lang='lat' dir='ltr'><strong>arternum?</strong></span> <span class='ocrx_word' id='word_1_907' title='bbox 3383 5107 3454 5176; x_wconf 65' lang='grc' dir='ltr'><strong>(Γ)</strong></span> <span class='ocrx_word' id='word_1_908' title='bbox 3498 5105 3718 5161; x_wconf 82' lang='lat' dir='ltr'><strong>Habita-</strong></span> 
     </span>
     <span class='ocr_line' id='line_1_103' title="bbox 2133 5175 3722 5249; baseline -0.003 -16"><span class='ocrx_word' id='word_1_909' title='bbox 2133 5182 2256 5234; x_wconf 79' lang='lat' dir='ltr'><strong>ttrix</strong></span> <span class='ocrx_word' id='word_1_910' title='bbox 2293 5196 2450 5235; x_wconf 87' lang='lat' dir='ltr'><strong>soror</strong></span> <span class='ocrx_word' id='word_1_911' title='bbox 2481 5180 2623 5248; x_wconf 68' lang='lat' dir='ltr'><strong>ejus.</strong></span> <span class='ocrx_word' id='word_1_912' title='bbox 2699 5179 2759 5249; x_wconf 75' lang='grc' dir='ltr'><strong>(ὅ)</strong></span> <span class='ocrx_word' id='word_1_913' title='bbox 2791 5175 2996 5249; x_wconf 82' lang='lat' dir='ltr'><strong>A.,_S.,</strong></span> <span class='ocrx_word' id='word_1_914' title='bbox 3033 5178 3300 5231; x_wconf 83' lang='lat' dir='ltr'><strong>revolutio</strong></span> <span class='ocrx_word' id='word_1_915' title='bbox 3332 5177 3575 5249; x_wconf 75' lang='lat' dir='ltr'><strong>laraelis.</strong></span> <span class='ocrx_word' id='word_1_916' title='bbox 3651 5177 3722 5249; x_wconf 58' lang='grc' dir='ltr'><strong>με)</strong></span> 
     </span>
    </p>
   </div>
   <div class='ocr_carea' id='block_1_101' title="bbox 451 5194 3722 5326">
    <p class='ocr_par' dir='ltr' id='par_1_101' title="bbox 451 5194 3722 5326">
     <span class='ocr_line' id='line_1_104' title="bbox 451 5194 3722 5249; baseline -0.001 -17"><span class='ocrx_word' id='word_1_917' title='bbox 451 5194 560 5232; x_wconf 79' lang='lat' dir='ltr'><strong>trix</strong></span> <span class='ocrx_word' id='word_1_918' title='bbox 596 5195 610 5232; x_wconf 88' lang='lat'><strong>:</strong></span> <span class='ocrx_word' id='word_1_919' title='bbox 641 5194 844 5232; x_wconf 74' lang='lat' dir='ltr'><strong>meus.</strong></span> <span class='ocrx_word' id='word_1_920' title='bbox 923 5194 1000 5248; x_wconf 68' lang='lat' dir='ltr'><strong>ty)</strong></span> <span class='ocrx_word' id='word_1_921' title='bbox 1033 5194 1126 5243; x_wconf 62' lang='lat'><strong>5.,</strong></span> <span class='ocrx_word' id='word_1_922' title='bbox 1161 5194 1364 5233; x_wconf 67' lang='lat' dir='ltr'><strong>laetum.</strong></span> <span class='ocrx_word' id='word_1_923' title='bbox 1445 5194 1522 5249; x_wconf 67' lang='grc' dir='ltr'><strong>ιη)</strong></span> <span class='ocrx_word' id='word_1_924' title='bbox 1565 5194 1793 5246; x_wconf 81' lang='lat' dir='ltr'><strong>mnqm,</strong></span> <span class='ocrx_word' id='word_1_925' title='bbox 1849 5194 2256 5246; x_wconf 68' lang='lat' dir='ltr'><strong>praevaricatnx</strong></span> <span class='ocrx_word' id='word_1_926' title='bbox 2293 5196 2450 5235; x_wconf 88' lang='lat' dir='ltr'><strong>soror</strong></span> <span class='ocrx_word' id='word_1_927' title='bbox 2481 5195 2623 5248; x_wconf 70' lang='grc' dir='ltr'><strong>ιομιε.</strong></span> <span class='ocrx_word' id='word_1_928' title='bbox 2699 5194 2759 5249; x_wconf 71' lang='grc' dir='ltr'><strong>υ)</strong></span> <span class='ocrx_word' id='word_1_929' title='bbox 2791 5194 2880 5242; x_wconf 80' lang='grc' dir='ltr'><strong>Α.,</strong></span> <span class='ocrx_word' id='word_1_930' title='bbox 2910 5194 2996 5239; x_wconf 67' lang='lat'><strong>8.,</strong></span> <span class='ocrx_word' id='word_1_931' title='bbox 3033 5194 3300 5231; x_wconf 81' lang='lat' dir='ltr'><strong>revomuo</strong></span> <span class='ocrx_word' id='word_1_932' title='bbox 3332 5194 3575 5232; x_wconf 86' lang='lat' dir='ltr'><strong>tsraeus.</strong></span> <span class='ocrx_word' id='word_1_933' title='bbox 3653 5194 3722 5246; x_wconf 69' lang='grc' dir='ltr'><strong>υς)</strong></span> 
     </span>
     <span class='ocr_line' id='line_1_105' title="bbox 451 5239 3722 5326; baseline -0.001 -23"><span class='ocrx_word' id='word_1_934' title='bbox 451 5247 536 5312; x_wconf 84' lang='lat'><strong>8.,</strong></span> <span class='ocrx_word' id='word_1_935' title='bbox 561 5247 900 5326; x_wconf 67' lang='lat' dir='ltr'><strong>etpraedica.</strong></span> <span class='ocrx_word' id='word_1_936' title='bbox 947 5320 954 5326; x_wconf 28' lang='grc' dir='ltr'><strong><em>ι</em></strong></span> <span class='ocrx_word' id='word_1_937' title='bbox 1000 5248 1090 5326; x_wconf 76' lang='lat' dir='ltr'><strong>_(l)_</strong></span> <span class='ocrx_word' id='word_1_938' title='bbox 1122 5249 1216 5326; x_wconf 78' lang='lat' dir='ltr'><strong>A._,</strong></span> <span class='ocrx_word' id='word_1_939' title='bbox 1248 5246 1603 5326; x_wconf 86' lang='lat' dir='ltr'><strong>mittam._8.,</strong></span> <span class='ocrx_word' id='word_1_940' title='bbox 1633 5246 1989 5326; x_wconf 64' lang='lat' dir='ltr'><strong>ell‘undatn.__</strong></span> <span class='ocrx_word' id='word_1_941' title='bbox 2015 5249 2108 5326; x_wconf 63' lang='lat' dir='ltr'><strong>(ut)</strong></span> <span class='ocrx_word' id='word_1_942' title='bbox 2147 5249 2668 5326; x_wconf 22' lang='lat' dir='ltr'><strong>A‘.,S.,_pr0_pititts_.</strong></span> <span class='ocrx_word' id='word_1_943' title='bbox 2748 5252 2825 5326; x_wconf 59' lang='lat' dir='ltr'><strong>(rt)</strong></span> <span class='ocrx_word' id='word_1_944' title='bbox 2868 5247 2962 5326; x_wconf 88' lang='lat'><strong>8.,_</strong></span> <span class='ocrx_word' id='word_1_945' title='bbox 3000 5256 3315 5326; x_wconf 55' lang='lat' dir='ltr'><strong>uagantes.</strong></span> <span class='ocrx_word' id='word_1_946' title='bbox 3394 5247 3606 5326; x_wconf 46' lang='grc' dir='ltr'><strong>(εὴ-Α..</strong></span> 
     </span>
    </p>
   </div>
   <div class='ocr_carea' id='block_1_102' title="bbox 448 5315 3722 5394">
    <p class='ocr_par' dir='ltr' id='par_1_102' title="bbox 448 5315 3722 5394">
     <span class='ocr_line' id='line_1_106' title="bbox 448 5315 3722 5394; baseline -0.002 -21"><span class='ocrx_word' id='word_1_947' title='bbox 448 5317 669 5394; x_wconf 75' lang='lat' dir='ltr'><strong>possedi</strong></span> <span class='ocrx_word' id='word_1_948' title='bbox 703 5332 823 5394; x_wconf 64' lang='lat' dir='ltr'><strong>vos.</strong></span> <span class='ocrx_word' id='word_1_949' title='bbox 941 5315 1263 5394; x_wconf 27' lang='lat' dir='ltr'><strong>lp)‘A.,_S.,</strong></span> <span class='ocrx_word' id='word_1_950' title='bbox 1297 5320 1642 5394; x_wconf 57' lang='lat' dir='ltr'><strong>cognatione:</strong></span> <span class='ocrx_word' id='word_1_951' title='bbox 1759 5318 1831 5387; x_wconf 72' lang='grc' dir='ltr'><strong>(ᾳ)</strong></span> <span class='ocrx_word' id='word_1_952' title='bbox 1873 5315 2130 5394; x_wconf 63' lang='lat' dir='ltr'><strong>Reliqui,</strong></span> <span class='ocrx_word' id='word_1_953' title='bbox 2191 5323 2244 5374; x_wconf 92' lang='lat' dir='ltr'><strong>in</strong></span> <span class='ocrx_word' id='word_1_954' title='bbox 2275 5315 2520 5394; x_wconf 57' lang='lat' dir='ltr'><strong>scientia</strong></span> <span class='ocrx_word' id='word_1_955' title='bbox 2555 5329 2608 5372; x_wconf 89' lang='lat' dir='ltr'><strong>et</strong></span> <span class='ocrx_word' id='word_1_956' title='bbox 2638 5315 3019 5394; x_wconf 83' lang='lat' dir='ltr'><strong>intelligentia.</strong></span> <span class='ocrx_word' id='word_1_957' title='bbox 3062 5385 3074 5394; x_wconf 32' lang='grc' dir='ltr'><strong><em>Δ</em></strong></span> <span class='ocrx_word' id='word_1_958' title='bbox 3107 5315 3214 5394; x_wconf 62' lang='lat' dir='ltr'><strong>&#39;(i&#39;)_</strong></span> <span class='ocrx_word' id='word_1_959' title='bbox 3247 5315 3434 5372; x_wconf 77' lang='lat' dir='ltr'><strong>Sancti</strong></span> <span class='ocrx_word' id='word_1_960' title='bbox 3478 5315 3722 5394; x_wconf 71' lang='lat' dir='ltr'><strong>Israelis.</strong></span> 
     </span>
    </p>
   </div>
   <div class='ocr_carea' id='block_1_103' title="bbox 452 5383 3719 5469">
    <p class='ocr_par' dir='ltr' id='par_1_103' title="bbox 452 5383 3719 5469">
     <span class='ocr_line' id='line_1_107' title="bbox 452 5383 3719 5469; baseline -0.001 -29"><span class='ocrx_word' id='word_1_961' title='bbox 452 5383 647 5469; x_wconf 40' lang='grc' dir='ltr'><strong>φλ..</strong></span> <span class='ocrx_word' id='word_1_962' title='bbox 695 5383 779 5450; x_wconf 88' lang='grc'><strong>8.,</strong></span> <span class='ocrx_word' id='word_1_963' title='bbox 811 5383 1341 5469; x_wconf 56' lang='lat' dir='ltr'><strong>tteque&#39;mentionem</strong></span> <span class='ocrx_word' id='word_1_964' title='bbox 1364 5383 1563 5469; x_wconf 63' lang='lat' dir='ltr'><strong>facient</strong></span> <span class='ocrx_word' id='word_1_965' title='bbox 1589 5387 1728 5469; x_wconf 64' lang='lat' dir='ltr'><strong>ejus.</strong></span> <span class='ocrx_word' id='word_1_966' title='bbox 1770 5383 1872 5454; x_wconf 56' lang='lat'><strong>&quot;(1)</strong></span> <span class='ocrx_word' id='word_1_967' title='bbox 1913 5383 2014 5469; x_wconf 57' lang='lat' dir='ltr'><strong>A._,&#39;</strong></span> <span class='ocrx_word' id='word_1_968' title='bbox 2039 5383 2228 5469; x_wconf 69' lang='lat' dir='ltr'><strong>et_eg_t_i</strong></span> <span class='ocrx_word' id='word_1_969' title='bbox 2257 5391 2418 5469; x_wconf 72' lang='lat' dir='ltr'><strong>t_lixi:_</strong></span> <span class='ocrx_word' id='word_1_970' title='bbox 2441 5389 2729 5469; x_wconf 78' lang='lat' dir='ltr'><strong>Quomodo</strong></span> <span class='ocrx_word' id='word_1_971' title='bbox 2758 5383 3027 5469; x_wconf 51' lang='lat' dir='ltr'><strong>po&#39;ttamnte</strong></span> <span class='ocrx_word' id='word_1_972' title='bbox 3061 5385 3114 5441; x_wconf 92' lang='lat' dir='ltr'><strong>in</strong></span> <span class='ocrx_word' id='word_1_973' title='bbox 3145 5383 3305 5469; x_wconf 62' lang='lat' dir='ltr'><strong>tilias,</strong></span> <span class='ocrx_word' id='word_1_974' title='bbox 3339 5396 3394 5469; x_wconf 51' lang='lat' dir='ltr'><strong>ent</strong></span> <span class='ocrx_word' id='word_1_975' title='bbox 3420 5387 3719 5469; x_wconf 78' lang='lat' dir='ltr'><strong>retribuam</strong></span> 
     </span>
    </p>
   </div>
   <div class='ocr_carea' id='block_1_104' title="bbox 450 5457 3721 5530">
    <p class='ocr_par' dir='ltr' id='par_1_104' title="bbox 450 5457 3721 5530">
     <span class='ocr_line' id='line_1_108' title="bbox 450 5457 3721 5530; baseline -0.001 -20"><span class='ocrx_word' id='word_1_976' title='bbox 450 5459 548 5530; x_wconf 78' lang='lat' dir='ltr'><strong>tibi</strong></span> <span class='ocrx_word' id='word_1_977' title='bbox 587 5469 788 5513; x_wconf 89' lang='lat' dir='ltr'><strong>terram</strong></span> <span class='ocrx_word' id='word_1_978' title='bbox 816 5459 1203 5530; x_wconf 64' lang='lat' dir='ltr'><strong>t‘lesitleratam.</strong></span> <span class='ocrx_word' id='word_1_979' title='bbox 1234 5459 1606 5530; x_wconf 58' lang='lat' dir='ltr'><strong>haereditate-ni</strong></span> <span class='ocrx_word' id='word_1_980' title='bbox 1634 5528 1640 5530; x_wconf 78' lang='lat'><strong><em>_</em></strong></span> <span class='ocrx_word' id='word_1_981' title='bbox 1668 5457 1936 5530; x_wconf 80' lang='lat' dir='ltr'><strong>famosam</strong></span> <span class='ocrx_word' id='word_1_982' title='bbox 1977 5457 2314 5530; x_wconf 75' lang='lat' dir='ltr'><strong>fortitudinis</strong></span> <span class='ocrx_word' id='word_1_983' title='bbox 2342 5461 2550 5514; x_wconf 86' lang='lat' dir='ltr'><strong>robusti</strong></span> <span class='ocrx_word' id='word_1_984' title='bbox 2586 5457 2828 5530; x_wconf 84' lang='lat' dir='ltr'><strong>gentium</strong></span> <span class='ocrx_word' id='word_1_985' title='bbox 2849 5459 2891 5526; x_wconf 87' lang='lat'><strong>?,</strong></span> <span class='ocrx_word' id='word_1_986' title='bbox 2936 5458 3302 5530; x_wconf 13' lang='lat' dir='ltr'><strong>8.,Let‘dixim:</strong></span> <span class='ocrx_word' id='word_1_987' title='bbox 3346 5457 3721 5530; x_wconf 78' lang='lat' dir='ltr'><strong>Quemadmo-</strong></span> 
     </span>
    </p>
   </div>
   <div class='ocr_carea' id='block_1_105' title="bbox 367 5498 3725 5655">
    <p class='ocr_par' dir='ltr' id='par_1_105' title="bbox 367 5498 3725 5655">
     <span class='ocr_line' id='line_1_109' title="bbox 367 5498 3725 5655; baseline -0.001 -73"><span class='ocrx_word' id='word_1_988' title='bbox 367 5590 374 5600; x_wconf 54' lang='grc'><strong>,</strong></span> <span class='ocrx_word' id='word_1_989' title='bbox 453 5529 582 5583; x_wconf 89' lang='lat' dir='ltr'><strong>dum</strong></span> <span class='ocrx_word' id='word_1_990' title='bbox 608 5498 913 5597; x_wconf 40' lang='lat' dir='ltr'><strong>Vdisponam</strong></span> <span class='ocrx_word' id='word_1_991' title='bbox 941 5498 994 5582; x_wconf 75' lang='lat' dir='ltr'><strong>te‘</strong></span> <span class='ocrx_word' id='word_1_992' title='bbox 1013 5498 1265 5594; x_wconf 63' lang='lat' dir='ltr'><strong>inmu&#39;és&#39;,’</strong></span> <span class='ocrx_word' id='word_1_993' title='bbox 1271 5498 1586 5584; x_wconf 61' lang='grc' dir='ltr'><strong>Ἑῐόἑὼᾱῖἱ</strong></span> <span class='ocrx_word' id='word_1_994' title='bbox 1595 5528 1643 5581; x_wconf 89' lang='lat' dir='ltr'><strong>bi</strong></span> <span class='ocrx_word' id='word_1_995' title='bbox 1671 5498 1878 5582; x_wconf 69' lang='grc' dir='ltr'><strong>ιὲἱῖιιὲἷιῖ</strong></span> <span class='ocrx_word' id='word_1_996' title='bbox 1898 5498 3302 5655; x_wconf 39' lang='grc' dir='ltr'><strong>ἅοεὶἰὶίὲἑὶιῖ’ςίἱίἐῗοὶιῖἱέῒτέᾗξῖὁξίῖὲιί1ξὸὐῆἒὶςῖλῖἠῄ</strong></span> <span class='ocrx_word' id='word_1_997' title='bbox 3334 5498 3725 5596; x_wconf 59' lang='grc' dir='ltr'><strong>ἐῗιὲἦὶβῖἶξί..</strong></span> 
     </span>
     <span class='ocr_line' id='line_1_110' title="bbox 449 5597 3725 5655; baseline -0.001 -5"><span class='ocrx_word' id='word_1_998' title='bbox 449 5601 608 5653; x_wconf 88' lang='lat' dir='ltr'><strong>tium.</strong></span> <span class='ocrx_word' id='word_1_999' title='bbox 665 5605 743 5655; x_wconf 82' lang='lat' dir='ltr'><strong>tu)</strong></span> <span class='ocrx_word' id='word_1_1000' title='bbox 814 5599 907 5655; x_wconf 81' lang='grc' dir='ltr'><strong>Α..</strong></span> <span class='ocrx_word' id='word_1_1001' title='bbox 948 5598 1271 5652; x_wconf 87' lang='lat' dir='ltr'><strong>divisionem</strong></span> <span class='ocrx_word' id='word_1_1002' title='bbox 1318 5599 1481 5653; x_wconf 89' lang='lat' dir='ltr'><strong>sortis</strong></span> <span class='ocrx_word' id='word_1_1003' title='bbox 1521 5598 1840 5655; x_wconf 79' lang='lat' dir='ltr'><strong>pulchram.</strong></span> <span class='ocrx_word' id='word_1_1004' title='bbox 1899 5599 2127 5655; x_wconf 68' lang='lat' dir='ltr'><strong>gloriam</strong></span> <span class='ocrx_word' id='word_1_1005' title='bbox 2179 5603 2519 5655; x_wconf 78' lang='lat' dir='ltr'><strong>exercituum</strong></span> <span class='ocrx_word' id='word_1_1006' title='bbox 2563 5601 2827 5655; x_wconf 66' lang='lat' dir='ltr'><strong>centium.</strong></span> <span class='ocrx_word' id='word_1_1007' title='bbox 2925 5641 2964 5655; x_wconf 89' lang='lat'><strong>..</strong></span> <span class='ocrx_word' id='word_1_1008' title='bbox 3020 5598 3504 5655; x_wconf 83' lang='lat' dir='ltr'><strong>annrebensioncm</strong></span> <span class='ocrx_word' id='word_1_1009' title='bbox 3559 5597 3725 5650; x_wconf 85' lang='lat' dir='ltr'><strong>sortis</strong></span> 
     </span>
    </p>
   </div>
   <div class='ocr_carea' id='block_1_106' title="bbox 449 5598 3725 5670">
    <p class='ocr_par' dir='ltr' id='par_1_106' title="bbox 449 5598 3725 5670">
     <span class='ocr_line' id='line_1_111' title="bbox 449 5598 3725 5670; baseline -0 -19"><span class='ocrx_word' id='word_1_1010' title='bbox 449 5601 608 5653; x_wconf 88' lang='lat' dir='ltr'><strong>tium.</strong></span> <span class='ocrx_word' id='word_1_1011' title='bbox 665 5605 743 5664; x_wconf 68' lang='lat' dir='ltr'><strong>tu)</strong></span> <span class='ocrx_word' id='word_1_1012' title='bbox 814 5599 907 5665; x_wconf 81' lang='grc' dir='ltr'><strong>Α.,</strong></span> <span class='ocrx_word' id='word_1_1013' title='bbox 948 5598 1287 5670; x_wconf 87' lang='lat' dir='ltr'><strong>divisionem</strong></span> <span class='ocrx_word' id='word_1_1014' title='bbox 1318 5599 1481 5653; x_wconf 88' lang='lat' dir='ltr'><strong>sortis</strong></span> <span class='ocrx_word' id='word_1_1015' title='bbox 1521 5598 1840 5670; x_wconf 81' lang='lat' dir='ltr'><strong>pulchram,</strong></span> <span class='ocrx_word' id='word_1_1016' title='bbox 1896 5599 2127 5670; x_wconf 82' lang='lat' dir='ltr'><strong>gloriam</strong></span> <span class='ocrx_word' id='word_1_1017' title='bbox 2179 5603 2519 5656; x_wconf 89' lang='lat' dir='ltr'><strong>exercituum</strong></span> <span class='ocrx_word' id='word_1_1018' title='bbox 2563 5598 2827 5670; x_wconf 79' lang='lat' dir='ltr'><strong>gentium.</strong></span> <span class='ocrx_word' id='word_1_1019' title='bbox 2880 5598 2964 5666; x_wconf 90' lang='lat'><strong>8.,</strong></span> <span class='ocrx_word' id='word_1_1020' title='bbox 3020 5598 3725 5670; x_wconf 29' lang='lat' dir='ltr'><strong>apprehensionem‘soriis</strong></span> 
     </span>
    </p>
   </div>
   <div class='ocr_carea' id='block_1_107' title="bbox 449 5663 3726 5744">
    <p class='ocr_par' dir='ltr' id='par_1_107' title="bbox 449 5663 3726 5744">
     <span class='ocr_line' id='line_1_112' title="bbox 449 5663 3726 5744; baseline -0.001 -23"><span class='ocrx_word' id='word_1_1021' title='bbox 449 5663 785 5744; x_wconf 80' lang='lat' dir='ltr'><strong>exercituum</strong></span> <span class='ocrx_word' id='word_1_1022' title='bbox 829 5663 1096 5744; x_wconf 80' lang='lat' dir='ltr'><strong>gentium.</strong></span> <span class='ocrx_word' id='word_1_1023' title='bbox 1134 5669 1214 5744; x_wconf 58' lang='grc' dir='ltr'><strong>(φ)</strong></span> <span class='ocrx_word' id='word_1_1024' title='bbox 1254 5669 1346 5744; x_wconf 59' lang='grc'><strong>4.,</strong></span> <span class='ocrx_word' id='word_1_1025' title='bbox 1405 5663 1568 5744; x_wconf 70' lang='lat' dir='ltr'><strong>super</strong></span> <span class='ocrx_word' id='word_1_1026' title='bbox 1619 5669 1859 5744; x_wconf 29' lang='lat' dir='ltr'><strong>plateisa</strong></span> <span class='ocrx_word' id='word_1_1027' title='bbox 1883 5663 1968 5735; x_wconf 87' lang='lat'><strong>8.,</strong></span> <span class='ocrx_word' id='word_1_1028' title='bbox 2011 5685 2175 5744; x_wconf 82' lang='lat' dir='ltr'><strong>super</strong></span> <span class='ocrx_word' id='word_1_1029' title='bbox 2215 5672 2394 5744; x_wconf 61' lang='lat' dir='ltr'><strong>glitis.</strong></span> <span class='ocrx_word' id='word_1_1030' title='bbox 2425 5671 2504 5744; x_wconf 69' lang='grc' dir='ltr'><strong>(ῃ)</strong></span> <span class='ocrx_word' id='word_1_1031' title='bbox 2544 5663 2636 5736; x_wconf 65' lang='grc' dir='ltr'><strong>Ᾰη</strong></span> <span class='ocrx_word' id='word_1_1032' title='bbox 2669 5670 2895 5734; x_wconf 89' lang='lat' dir='ltr'><strong>reversi,</strong></span> <span class='ocrx_word' id='word_1_1033' title='bbox 2950 5663 3009 5725; x_wconf 82' lang='lat' dir='ltr'><strong>se</strong></span> <span class='ocrx_word' id='word_1_1034' title='bbox 3033 5663 3362 5744; x_wconf 55' lang='lat' dir='ltr'><strong>avertentes.</strong></span> <span class='ocrx_word' id='word_1_1035' title='bbox 3401 5668 3474 5738; x_wconf 71' lang='grc' dir='ltr'><strong>(ι)</strong></span> <span class='ocrx_word' id='word_1_1036' title='bbox 3501 5665 3602 5730; x_wconf 84' lang='grc' dir='ltr'><strong>Α.,</strong></span> <span class='ocrx_word' id='word_1_1037' title='bbox 3640 5663 3726 5731; x_wconf 87' lang='lat'><strong>8.,</strong></span> 
     </span>
    </p>
   </div>
   <div class='ocr_carea' id='block_1_108' title="bbox 449 5737 3724 5862">
    <p class='ocr_par' dir='ltr' id='par_1_108' title="bbox 449 5737 3724 5862">
     <span class='ocr_line' id='line_1_113' title="bbox 449 5737 3724 5862; baseline 0.001 -72"><span class='ocrx_word' id='word_1_1038' title='bbox 449 5741 762 5862; x_wconf 56' lang='grc' dir='ltr'><strong>ῗγὶτεεξοηθε</strong></span> <span class='ocrx_word' id='word_1_1039' title='bbox 793 5737 1024 5796; x_wconf 75' lang='lat' dir='ltr'><strong>véstras.</strong></span> <span class='ocrx_word' id='word_1_1040' title='bbox 1047 5743 1126 5810; x_wconf 77' lang='lat' dir='ltr'><strong>(a)</strong></span> <span class='ocrx_word' id='word_1_1041' title='bbox 1147 5741 1238 5806; x_wconf 81' lang='lat' dir='ltr'><strong>A.,</strong></span> <span class='ocrx_word' id='word_1_1042' title='bbox 1261 5738 1347 5806; x_wconf 74' lang='lat'><strong>8.,</strong></span> <span class='ocrx_word' id='word_1_1043' title='bbox 1375 5737 1664 5793; x_wconf 83' lang='lat' dir='ltr'><strong>multitudo</strong></span> <span class='ocrx_word' id='word_1_1044' title='bbox 1695 5737 2190 5820; x_wconf 60' lang='lat' dir='ltr'><strong>montium.(b)&#39;.4.,</strong></span> <span class='ocrx_word' id='word_1_1045' title='bbox 2226 5741 2352 5810; x_wconf 84' lang='lat' dir='ltr'><strong>Tlt.,</strong></span> <span class='ocrx_word' id='word_1_1046' title='bbox 2375 5737 2566 5800; x_wconf 42' lang='lat' dir='ltr'><strong>ad&#39;ute</strong></span> <span class='ocrx_word' id='word_1_1047' title='bbox 2600 5755 2659 5799; x_wconf 81' lang='lat' dir='ltr'><strong>se</strong></span> <span class='ocrx_word' id='word_1_1048' title='bbox 2689 5750 2989 5797; x_wconf 85' lang='lat' dir='ltr'><strong>convertat.</strong></span> <span class='ocrx_word' id='word_1_1049' title='bbox 3023 5739 3095 5812; x_wconf 78' lang='grc' dir='ltr'><strong>(ε)</strong></span> <span class='ocrx_word' id='word_1_1050' title='bbox 3129 5739 3217 5810; x_wconf 84' lang='grc' dir='ltr'><strong>Α.,</strong></span> <span class='ocrx_word' id='word_1_1051' title='bbox 3237 5748 3294 5797; x_wconf 87' lang='lat' dir='ltr'><strong>et</strong></span> <span class='ocrx_word' id='word_1_1052' title='bbox 3321 5747 3433 5796; x_wconf 76' lang='lat' dir='ltr'><strong>non</strong></span> <span class='ocrx_word' id='word_1_1053' title='bbox 3458 5737 3724 5794; x_wconf 76' lang='lat' dir='ltr'><strong>Commo-</strong></span> 
     </span>
     <span class='ocr_line' id='line_1_114' title="bbox 474 5825 686 5862; baseline 0 0"><span class='ocrx_word' id='word_1_1054' title='bbox 474 5826 515 5862; x_wconf 63' lang='grc' dir='ltr'><strong>’Β</strong></span> <span class='ocrx_word' id='word_1_1055' title='bbox 553 5825 686 5862; x_wconf 67' lang='lat' dir='ltr'><strong>(.‘I&#39;IS.</strong></span> 
     </span>
    </p>
   </div>
   <div class='ocr_carea' id='block_1_109' title="bbox 474 5825 686 5864">
    <p class='ocr_par' dir='ltr' id='par_1_109' title="bbox 474 5825 686 5864">
     <span class='ocr_line' id='line_1_115' title="bbox 474 5825 686 5864; baseline 0.014 -3"><span class='ocrx_word' id='word_1_1056' title='bbox 474 5825 581 5864; x_wconf 63' lang='grc' dir='ltr'><strong>ιευυ</strong></span> <span class='ocrx_word' id='word_1_1057' title='bbox 588 5825 660 5864; x_wconf 76' lang='lat' dir='ltr'><strong>I&#39;IS</strong></span> <span class='ocrx_word' id='word_1_1058' title='bbox 667 5849 686 5864; x_wconf 76' lang='lat'><em>.</em></span> 
     </span>
    </p>
   </div>
  </div>
