3902 6516
429 397 563 452 25H

1622 399 1854 455 CODEX
1895 397 2578 455 SYBO-HEXAPLARIS.

3569 398 3694 458 231?.

427 516 688 573 tetricum
725 519 984 590 hospitati
1027 526 1190 574 sunt:
1224 519 1276 574 8.
1309 519 1436 590 equi
1473 529 1818 576 transeuntes
1852 537 2016 592 super
2045 528 2090 583 Λ
2122 535 2250 590 pore
2273 521 2334 590 (ἱ)
2371 518 2706 591 imple-tionis
2739 517 2991 588 pnecepti
3047 517 3241 574 messis
3269 534 3282 584 ;
3333 525 3390 573 et
3421 519 3695 576 custodivit

427 607 682 667 foemin‘as
705 615 772 681 )s(
811 613 970 669 tracti
1005 613 1028 681 ζ
1068 611 1197 669 facti
1232 621 1392 668 sunt:
1429 615 1812 685 unusquisque
1863 629 2025 684 super

426 718 651 758 uxorem
686 705 921 774 proximi
951 706 1039 762 sui
1065 705 1320 760 hinnivit.
1346 707 1398 760 9.
1432 705 1570 760 Num
1606 722 1770 776 super
1801 706 1886 760 his
1912 721 2020 760 non

386 795 684 872 'visitabo.
731 796 864 850 dicit
917 795 1220 852 Dominus?
1259 807 1352 852 aut
1396 799 1448 852 in
1484 808 1698 869 gentem
1724 799 1884 852 talem
1911 813 2021 852 non

426 885 720 939 ulciscetur
749 886 930 940 anima
956 886 1113 940 mea?
1138 886 1224 942 10.
1245 886 1538 943 Ascendite
1559 887 1628 958 (ε)
1655 902 1820 957 super
1842 897 2022 942 turres

422 975 564 1045 rjus,
593 984 648 1030 et
672 975 1014 1031 demolimiui
1044 994 1058 1032 :
1095 978 1634 1034 consummatimiem
1672 994 1802 1034 vero
1831 995 1900 1033 ne
1946 977 2022 1032 fa-

423 1068 619 1122 ciatis:
654 1068 718 1138 (r)
778 1068 1070 1139 relinquite
1123 1071 1498 1126 sustentacula
1558 1069 1698 1140 ejus,
1754 1070 1882 1139 qnia
1939 1070 2020 1139 (ιι)

422 1155 641 1211 Domini
665 1167 828 1224 sunt;
862 1157 948 1212 11.
981 1162 1242 1230 quoniam
1281 1160 1647 1229 praevaricans
1671 1160 2020 1229 praevaricata

421 1255 506 1302 est
533 1249 588 1302 in
621 1264 706 1303 me
739 1249 936 1305 domus
967 1252 1204 1316 lsraelis,
1237 1263 1291 1306 et
1330 1251 1530 1306 domus
1571 1235 1745 1313 Iuda),
1775 1253 1843 1318 Χ
1886 1251 2021 1306 dicit

422 1339 690 1396 Dominus
730 1341 779 1409 ζ.
822 1343 909 1396 12.
943 1342 1148 1397 Mentiti
1181 1352 1311 1397 sunt
1347 1345 1401 1397 in
1437 1342 1729 1396 Dominum
1767 1357 1830 1398 -ε-
1858 1359 2017 1398 suum

427 1433 476 1498 ζ,
503 1440 558 1486 et
582 1432 866 1486 dixerunt:
895 1433 973 1504 (ιε)
999 1433 1115 1486 Νοη
1150 1442 1278 1487 sunt
1302 1434 1440 1494 haec,
1471 1449 1580 1487 non
1606 1433 1826 1486 venient
1855 1449 2020 1503 super

421 1535 527 1576 nos
557 1524 721 1589 mala,
747 1534 799 1578 et
823 1525 1062 1595 gladium
1097 1534 1151 1580 et
1187 1525 1364 1580 famen
1404 1541 1514 1580 non
1543 1525 1893 1580 videbimus:
1927 1525 2014 1579 13.

421 1601 700 1680 propheta:
735 1614 909 1667 nostri
944 1624 1100 1668 crant
1131 1615 1185 1668 in
1238 1623 1486 1679 ventum,
1520 1624 1575 1670 et
1627 1615 1855 1670 verbum
1909 1613 2020 1669 Do-

421 1703 556 1756 mini
588 1720 697 1758 non
732 1714 849 1760 erat
879 1705 930 1758 in
966 1707 1076 1760 eis:
1111 1707 1194 1761 sic
1225 1707 1316 1761 fiet
1355 1707 1456 1762 eis.
1492 1705 1579 1761 14.
1609 1701 1862 1776 Propter
1917 1707 2022 1761 hoc

420 1795 539 1849 haec
569 1796 704 1851 dicit
747 1795 1009 1852 Dominus
1053 1801 1122 1866 )s(
1158 1797 1300 1855 Deus
1332 1800 1354 1867 ζ
1395 1799 1782 1868 omnipotens:
1820 1797 1929 1852 Pro
1955 1812 2021 1852 eo

2130 613 2313 668 nobis.
2355 613 2445 668 25.
2480 611 2801 681 lniquitates
2849 621 3041 665 vestra:
3071 609 3408 665 deflexerunt
3458 609 3602 678 haec;
3652 624 3698 668 et

2127 698 2349 775 peccata
2403 712 2584 759 vestra
2641 703 3040 757 transtulerunt
3102 701 3245 756 bona
3300 716 3330 754 a
3382 700 3562 754 vobis.
3612 701 3696 756 26.

2126 797 2267 865 Quia
2301 800 2538 852 inventae
2583 803 2712 852 sunt
2768 796 2822 848 iu
2871 794 3071 864 populo
3105 807 3229 846 meo
3264 792 3613 862 impietates:
3655 803 3702 847 et

2125 890 2352 960 laqueos
2382 892 2450 957 >ε<
2494 897 2552 943 ut
2595 897 2708 942 rete
2738 886 2985 940 venantis
3035 885 3186 939 visco
3219 892 3529 938 statuerunt
3578 885 3599 953 ζ
3643 886 3701 938 ad

2125 981 2590 1052 corrumpendum
2634 980 2804 1040 viros,
2856 985 2907 1031 et
2951 975 3362 1031 coucluserunt.
3398 975 3508 1028 27.
3535 973 3600 1029 Ut
3631 975 3701 1028 la-

2125 1090 2300 1144 queus
2328 1085 2541 1138 tensus,
2573 1072 2666 1143 qui
2699 1071 2891 1142 plenus
2928 1071 3134 1130 avium.
3180 1069 3254 1122 ita
3290 1069 3491 1122 domus
3526 1083 3702 1122 eorum

2125 1167 2298 1236 plenae
2327 1164 2399 1234 (Ir)
2433 1163 2564 1218 doli.
2600 1161 2830 1231 Propter
2858 1162 2962 1216 hoc
2989 1159 3168 1229 magni
3201 1168 3524 1219 evaserunt,
3556 1169 3607 1211 et
3636 1159 3705 1212 di.

2125 1269 2207 1312 tes
2265 1264 2598 1312 evaserunt:
2628 1253 2721 1309 28.
2755 1257 2822 1320 >ε<
2858 1251 3181 1322 impinguati
3236 1259 3385 1313 sunt,
3420 1250 3704 1306 insolentes

2125 1348 2253 1403 facti
2285 1350 2352 1415 ><
2382 1355 2529 1412 sunt,
2571 1357 2624 1401 et
2673 1345 3006 1416 transgressi
3039 1351 3169 1398 sunt
3203 1343 3267 1414 (Ι)
3301 1342 3471 1396 verba
3505 1356 3620 1394 mea
3654 1342 3702 1395 in

2127 1439 2330 1494 malum
2357 1439 2406 1507 ζ.
2432 1437 2702 1508 judicium
2728 1450 2836 1490 non
2867 1435 3211 1505 judicarunt,
3241 1430 3700 1502 uequejudicium

2125 1528 2316 1599 pupilli
2348 1537 2498 1582 recte
2538 1527 2950 1596 disposuerunt,
2987 1531 3042 1577 et
3089 1521 3358 1592 judicium
3412 1519 3516 1589 (ιη)
3545 1519 3704 1573 vidua:

2127 1635 2234 1675 non
2273 1617 2615 1687 iudicarunt.
2645 1615 2736 1670 29.
2773 1612 2913 1668 Num
2967 1628 3132 1683 super
3163 1612 3247 1666 his
3297 1625 3408 1664 non
3439 1607 3704 1663 visitabo?

2127 1709 2256 1765 dicit
2286 1709 2586 1762 Dominus:
2625 1715 2720 1760 aut
2750 1705 2802 1760 in
2835 1713 3048 1774 gentem
3083 1703 3243 1756 talem
3277 1716 3388 1755 non
3423 1698 3706 1754 ulcisoetur

2127 1803 2309 1857 anima
2339 1801 2501 1856 mea?
2526 1799 2615 1854 50.
2648 1800 2728 1868 (η)
2765 1797 2991 1867 Stupor,
3020 1805 3074 1850 et
3099 1794 3382 1850 horribilia
3419 1793 3566 1846 facta
3593 1800 3707 1846 sunt

417 1889 568 1954 quod
611 1889 776 1942 locuti
808 1890 941 1944 estis
975 1893 1200 1945 verbum
1231 1891 1354 1956 hoc,
1394 1906 1524 1946 ecce
1554 1907 1654 1962 ego
1699 1891 1820 1945 dedi
1856 1893 2020 1945 verba
2059 1905 2099 1960 Β
2127 1910 2292 1964 super
2316 1903 2479 1948 terra.
2519 1891 2608 1945 51.
2643 1889 2928 1960 Propheta:
2949 1887 3280 1957 prophetarit
3310 1885 3385 1955 (ο)
3411 1885 3619 1953 iniqua,
3657 1893 3706 1938 et

417 1993 540 2031 mea
575 1979 628 2032 in
657 1994 721 2034 os
750 1991 900 2033 tuum
934 1982 1134 2050 ignem,
1161 1991 1213 2036 et
1260 1981 1521 2051 populum
1577 1983 1724 2036 hunc
1766 1981 1934 2052 ligna,
1965 1990 2022 2035 et

416 2069 702 2124 devorabit
730 2086 846 2126 eos.
881 2072 970 2125 15.
1008 2072 1146 2128 Ecce
1179 2089 1282 2143 ego
1309 2073 1523 2127 adduco
1556 2089 1722 2142 super
1744 2087 1841 2128 vos
1885 2087 2020 2142 gen-

417 2169 526 2213 tem
563 2175 630 2215 ex
682 2162 1002 2233 longinquo,
1039 2165 1236 2218 domus
1281 2163 1518 2229 lsraelis,
1550 2163 1684 2218 dicit
1728 2162 2014 2225 Dominus,

418 2255 487 2321 )tif
517 2269 648 2324 gens
698 2253 792 2325 (υ)
831 2264 988 2311 vetus
1034 2265 1136 2323 est,
1189 2272 1344 2326 gens,
1381 2270 1506 2326 qua:
1536 2272 1566 2310 a
1603 2255 1804 2310 saeculo
1847 2265 1930 2310 est
1963 2255 2011 2324 ζ,

417 2361 571 2412 gens,
598 2346 670 2416 (ι)
705 2347 862 2413 cujus
894 2363 1002 2401 non
1029 2349 1220 2403 audies
1253 2348 1495 2418 linguam
1526 2347 1668 2417 ejus,
1695 2350 1762 2414 )s(
1791 2361 1890 2402 nec
1916 2361 2016 2399 au-

417 2436 556 2504 dies,
593 2453 717 2508 qua:
763 2439 1054 2509 loquatur:
1106 2441 1193 2495 16.
1237 2441 1490 2510 pharetra
1519 2440 1663 2509 ejus,
1719 2448 1778 2493 ut
1825 2439 2010 2510 sepul-

416 2546 572 2585 crum
609 2540 856 2602 apertum
897 2531 957 2598 ξε
1003 2548 1195 2588 omnes
1221 2531 1410 2597 fortes,
1444 2541 1498 2585 et
1545 2532 1836 2587 comedent
1863 2548 2011 2587 mes-

418 2637 533 2676 sem
566 2633 830 2690 vestram,
870 2623 958 2677 17.
997 2633 1051 2678 et
1076 2639 1246 2694 panes
1281 2633 1516 2688 vestros,
1553 2632 1606 2677 et
1631 2623 1917 2678 comedent
1953 2624 2012 2678 ti-

417 2713 523 2768 lios
551 2723 789 2779 vestros,
826 2723 880 2769 et
911 2714 1050 2770 filias
1077 2725 1305 2778 vestras,
1347 2723 1402 2768 et
1445 2715 1735 2768 comedent
1773 2714 1849 2782 ta)
1882 2709 2013 2767 ov'cs

414 2813 648 2870 vestras,
695 2817 749 2859 et
795 2805 962 2862 boves
989 2813 1221 2870 vestros,
1253 2814 1308 2860 et
1351 2805 1642 2861 comedent
1689 2805 1878 2858 vineas
1929 2821 2014 2859 ve-

417 2904 586 2958 stras.
619 2906 671 2951 et
700 2897 856 2952 liceta
909 2907 1115 2964 vestra,
1145 2910 1200 2953 et
1226 2897 1424 2952 oliveta
1479 2911 1540 2952 αε-
1595 2897 1820 2965 vestra:
1851 2896 1926 2967 (ὁ)
1957 2906 2012 2951 et

417 2989 755 3044 triturabunt
785 2990 953 3046 urbes
985 2991 1229 3045 munitas
1255 3000 1484 3054 vestras,
1516 3005 1683 3059 super
1706 2989 1908 3060 quibus
1939 2991 2008 3059 (ε)

414 3087 474 3135 tu
501 3081 730 3136 conﬁdis
764 3097 931 3151 super
959 3082 1062 3144 eis.
1096 3082 1150 3138 in
1182 3082 1384 3152 gladio.
1417 3083 1506 3138 18.
1553 3083 1618 3138 Et
1658 3083 1764 3138 erit
1815 3085 1866 3138 in
1893 3084 2011 3140 die-

415 3174 519 3227 bus
545 3173 672 3238 illis,
710 3173 844 3227 dicit
874 3173 1136 3229 Dominus
1168 3188 1231 3230 -ι-
1259 3173 1402 3230 Deus
1438 3183 1565 3230 tuus
1597 3175 1646 3243 ζ,
1673 3191 1781 3229 non
1810 3175 2006 3230 faciam

2125 1985 2437 2042 sacerdotes
2477 1984 2864 2054 applauserunt
2901 1979 3157 2034 manibus
3201 1979 3352 2032 suis:
3388 1983 3446 2029 et
3485 1977 3705 2044 populus

2121 2091 2276 2130 meus
2298 2076 2499 2129 amavit
2526 2077 2624 2129 sic.
2641 2073 2706 2126 Et
2723 2072 2853 2143 quid
2879 2069 3265 2128 facietisiuiis,
3287 2079 3410 2134 qua:
3437 2078 3564 2135 post
3583 2068 3706 2118 lucc?

2189 2167 2323 2237 Cap.
2357 2165 2446 2222 VI.
2479 2197 2550 2207 -
2578 2167 2629 2220 1.
2658 2161 3129 2225 Corroboramini,
3161 2159 3253 2214 lilii
3283 2158 3596 2225 Benjamiu.
3638 2164 3704 2225 (ρ)

2117 2257 2185 2311 de
2216 2258 2395 2312 medio
2425 2256 2726 2310 Jerusalem
2753 2273 2767 2308 :
2793 2262 2847 2307 et
2867 2254 2922 2307 in
2954 2251 3177 2306 Thecna
3210 2249 3522 2318 signiﬁcate
3549 2250 3665 2300 tuba

2118 2349 2192 2420 (q)
2215 2358 2269 2404 et
2311 2365 2473 2418 super
2505 2347 2862 2402 Bethcherem
2889 2343 3065 2398 tollite
3093 2341 3347 2411 signum:
3398 2338 3531 2407 quia
3580 2340 3705 2390 mala

2115 2447 2516 2509 prospexerunt
2563 2439 2630 2491 ab
2659 2437 2935 2505 aquilone,
2968 2443 3022 2489 et
3047 2432 3308 2488 contritio
3355 2446 3558 2499 magna
3607 2433 3704 2484 liv-t.

2114 2531 2169 2584 2.
2196 2535 2264 2600 χ(
2301 2533 2370 2598 (ri
2408 2528 2706 2582 Venustam
2732 2537 2786 2581 et
2810 2526 3098 2580 delicatam
3139 2525 3189 2593 ζ.
3221 2523 3287 2576 Et
3315 2520 3576 2576 transibit
3604 2524 3703 2575 cel-

2115 2621 2300 2677 situdo
2331 2634 2390 2675 σιν
2427 2630 2518 2673 tua
2554 2619 2600 2685 ζ,
2640 2617 2749 2672 ﬁlia
2783 2615 2991 2672 Sionis.
3017 2617 3070 2672 3.
3105 2615 3164 2670 ln
3200 2630 3320 2670 eam
3369 2614 3595 2668 venient
3629 2630 3706 2681 pa-

2115 2725 2294 2770 stores
2318 2713 2385 2782 (s)
2420 2722 2474 2765 et
2505 2727 2694 2782 greges
2719 2725 2951 2766 eorum:
3002 2719 3057 2764 et
3091 2709 3255 2779 tigeut
3284 2722 3454 2777 super
3487 2722 3607 2759 eam
3635 2716 3706 2759 ta-

2115 2805 2408 2861 bernacula
2437 2805 2488 2858 in
2509 2804 2781 2859 circuitu:
2809 2813 2862 2858 et
2881 2814 3103 2873 pascent
3144 2801 3536 2870 unusquisque
3555 2815 3704 2854 mauu

2115 2914 2235 2955 sua.
2285 2898 2340 2952 4.
2373 2896 2568 2952 Parate
2599 2912 2695 2951 vos
2737 2912 2904 2965 super
2946 2911 3066 2950 eam
3103 2894 3171 2949 ad
3201 2893 3442 2949 bellum:
3482 2895 3705 2961 surgite,

2111 2999 2166 3046 et
2195 2989 2554 3045 ascendamus
2595 3003 2760 3057 super
2783 3003 2903 3041 eam
2942 2987 3201 3041 meridie:
3243 3000 3325 3040 va:
3359 2985 3546 3049 nobis,
3586 2985 3705 3054 quia

2111 3081 2407 3137 declinavit
2440 3080 2557 3136 dies
2589 3119 2603 3144 ,
2637 3079 2766 3148 quia
2796 3077 3062 3134 deﬁciunt
3091 3077 3297 3132 umbra:
3332 3076 3399 3147 (ε)
3432 3091 3698 3145 vesperae.

2112 3175 2166 3230 5.
2213 3173 2453 3245 Surgite,
2483 3181 2538 3228 et
2586 3171 2951 3228 ascendamus
2989 3173 3042 3225 in
3076 3179 3256 3234 nocte,
3292 3181 3347 3226 et
3397 3185 3713 3240 corrumpa-

414 3279 516 3319 vos
545 3265 600 3319 iu
631 3268 1187 3320 consummationem.
1223 3266 1310 3320 19.
1353 3265 1416 3321 Et
1453 3268 1578 3328 erit,
1605 3268 1824 3335 quando
1855 3268 2008 3321 dixe-
2035 3276 2077 3330 (ς.
2114 3283 2238 3322 mus
2274 3268 2351 3336 (ιι)
2381 3265 2735 3320 fundamenta
2769 3265 2912 3334 ejus.
2944 3265 2997 3318 6.
3027 3263 3167 3330 Quia
3202 3265 3315 3318 base
3347 3263 3482 3318 dicit
3529 3262 3713 3315 Domi-

412 3355 556 3418 ritis,
593 3354 938 3424 QuaprOpter
968 3354 1095 3409 fecit
1132 3356 1292 3410 nobis
1336 3355 1600 3410 Dominus
1641 3355 1784 3411 Dens
1825 3365 2011 3410 noster

413 3445 530 3501 haec
566 3447 795 3500 omnia?
824 3459 876 3500 et
904 3449 1051 3501 dices
1085 3447 1197 3501 eis:
1254 3446 1334 3516 (ά)
1382 3446 1486 3501 Pro
1529 3464 1595 3501 eo
1625 3447 1770 3517 quod
1818 3447 2012 3501 dereli-

419 3537 619 3606 quistis
653 3551 758 3597 me,
798 3546 851 3590 et
876 3537 1122 3591 coluistis
1163 3536 1450 3592 servitium
1480 3538 1588 3592 diis
1621 3538 1692 3608 (ε)
1726 3539 1920 3594 alienis
1955 3541 2006 3594 in

412 3637 558 3681 terra
601 3619 816 3695 vestra;
873 3629 945 3682 ita
983 3629 1174 3683 colctis
1210 3630 1496 3683 servitium
1549 3630 1744 3684 alienis
1773 3631 1826 3684 iu
1866 3642 2008 3684 terra

414 3735 523 3772 non
559 3730 761 3773 vestra.
793 3720 884 3772 20.
921 3719 1256 3775 Anuuntiate
1287 3721 1402 3776 haec
1436 3722 1490 3775 in
1524 3720 1756 3776 Domum
1793 3721 2004 3788 Jacobi,

411 3819 464 3862 et
493 3809 751 3863 audiatur
778 3812 831 3863 in
866 3811 1031 3864 domu
1057 3809 1230 3875 Judae,
1266 3815 1333 3879 31(
1374 3811 1564 3867 dicens
1599 3815 1664 3882 ξε
1691 3813 1780 3867 2|.
1810 3815 2009 3868 Audite

413 3901 580 3969 igitur
616 3902 751 3965 haec,
783 3904 986 3972 pupule‘
1015 3903 1082 3973 (Ῑ)
1111 3903 1280 3968 fatue,
1323 3911 1378 3959 et
1418 3905 1538 3960 sine
1567 3906 1772 3961 corde:
1802 3910 1868 3975 )s(
1902 3908 2006 3978 ipsi

418 3995 437 4060 ζ
475 3996 569 4063 qui
592 3996 743 4049 oculi
781 3996 883 4058 cis,
914 4008 967 4050 et
996 4014 1102 4050 non
1140 3998 1344 4061 vident,
1383 4013 1544 4053 aures
1573 3999 1674 4066 eis,
1706 4009 1759 4054 et
1786 4017 1892 4054 non
1918 4018 2006 4054 au-

411 4089 586 4142 diunt.
618 4087 708 4141 22.
746 4090 824 4140 Au
861 4105 946 4143 me
967 4106 1072 4144 non
1106 4091 1389 4154 timebitis,
1414 4091 1552 4146 dicit
1574 4090 1880 4148 Dominus?
1909 4104 2007 4149 aut

411 4198 442 4234 a
477 4179 614 4235 facie
645 4196 761 4234 mea
798 4182 1171 4236 erubescetis?
1205 4183 1298 4251 qui
1329 4183 1514 4252 posuit
1552 4199 1775 4238 arenam
1809 4188 1998 4239 termi~

410 4289 541 4327 num
575 4274 733 4335 mari,
771 4273 846 4344 (g)
885 4285 1213 4342 praeceptum
1241 4284 1528 4340 aeternum,
1577 4285 1631 4330 et
1675 4293 1781 4330 non
1821 4289 2004 4332 trans-

411 4363 686 4434 gredietur
715 4363 882 4417 illud:
913 4372 968 4417 et
1002 4363 1308 4417 turbabitur
1340 4372 1395 4418 et
1429 4379 1534 4418 non
1563 4367 1796 4435 poterit:
1825 4378 1878 4421 ct
1902 4369 2001 4421 (la-

2117 3376 2219 3414 nus
2251 3360 2512 3412 virtutum
2539 3377 2553 3412 :
2586 3357 2790 3412 Caztlite
2818 3357 2962 3427 ligna
2998 3359 3142 3426 ejus,
3175 3356 3391 3410 effunde
3427 3370 3600 3424 super
3621 3351 3711 3409 Je-

2115 3451 2351 3504 rusalem
2379 3450 2457 3519 (τε)
2495 3450 2678 3504 robur.
2723 3452 2787 3515 Χ
2821 3447 2944 3503 llmc
2983 3447 3006 3515 ζ
3042 3448 3158 3517 ipsa
3186 3448 3381 3501 civitas
3423 3445 3666 3498 mendax
3695 3459 3709 3494 :

2113 3544 2189 3612 ly)
2221 3542 2402 3596 omnis
2449 3543 2524 3610 (π)
2551 3542 2838 3610 oppressio
2869 3540 2922 3593 iu
2953 3555 3034 3594 ea.
3087 3542 3138 3593 7.
3177 3538 3244 3593 Ut
3286 3538 3549 3610 frigidam
3587 3536 3716 3589 facit

2111 3634 2347 3687 cisterna
2405 3647 2606 3702 aquam
2641 3648 2821 3697 suam,
2851 3633 2921 3686 ita
2959 3631 3210 3701 frigidam
3250 3631 3380 3685 facit
3439 3629 3712 3684 malitiam

2111 3740 2288 3781 suam.
2369 3726 2622 3796 impietas
2659 3767 2675 3793 ,
2757 3733 2813 3780 et
2896 3724 3119 3778 miseria
3198 3722 3456 3776 audietur
3523 3722 3584 3774 in
3654 3735 3711 3773 ea

2109 3833 2274 3888 super
2340 3815 2533 3871 faciem
2599 3815 2674 3886 (a)
2733 3815 2853 3884 ejus
2928 3829 3164 3884 semper.
3231 3812 3432 3868 Dolore
3501 3821 3563 3866 et
3621 3810 3715 3864 lla-

2111 3910 2251 3982 gello
2273 3909 2326 3963 8.
2356 3907 2647 3975 erudieris,
2673 3905 3000 3996 Jerusalem,
3028 3922 3095 3960 ne
3126 3905 3344 3960 recedat
3375 3904 3574 3958 anima
3597 3917 3710 3956 mea

2111 4018 2140 4056 a
2178 4011 2248 4065 te,
2281 4016 2391 4055 non
2425 3999 2620 4055 faciam
2647 4012 2699 4054 te
2727 3995 2927 4054 terram
2951 4013 3056 4052 non
3089 3998 3356 4067 perviam,
3381 3995 3580 4065 qualis
3602 4009 3706 4048 nou

2111 4095 2463 4150 habitabitur.
2498 4093 2552 4148 9.
2584 4093 2722 4160 Quia
2754 4092 2868 4147 haec
2895 4091 3027 4145 dicit
3075 4089 3340 4145 Dominus
3401 4088 3709 4142 virtutum:

2110 4183 2422 4248 Racemate,
2461 4193 2758 4244 racemate.
2783 4191 2844 4236 ut
2865 4181 3102 4249 vineam,
3143 4179 3407 4249 reliquias
3442 4178 3707 4232 lsraelis:

2106 4279 2408 4331 convertite
2438 4293 2558 4342 vos,
2609 4287 2666 4331 ut
2698 4274 3067 4330 vindemiator
3093 4287 3259 4342 super
3288 4273 3489 4327 cistam
3530 4284 3702 4326 suam.

2107 4368 2196 4423 10.
2247 4368 2325 4424 Ad
2383 4384 2544 4438 quem
2603 4361 2821 4438 loquar,
2859 4375 2916 4421 et
2953 4365 3326 4428 contestabor,
3371 4371 3428 4416 et
3477 4360 3711 4418 audiet?

409 4455 544 4510 bunt
578 4471 774 4511 sonum
835 4455 1033 4510 ﬂuctus
1072 4453 1214 4522 ejus,
1259 4463 1315 4508 et
1363 4469 1472 4510 non
1530 4458 2002 4527 transgredieutur
2045 4510 2070 4518 ι
2103 4460 2243 4516 Ecce
2291 4461 2692 4515 incircumcisa:
2735 4474 2899 4513 aures
2947 4472 3162 4521 eorum,
3212 4467 3266 4510 et
3316 4469 3426 4510 non
3477 4462 3710 4523 possunt

409 4549 562 4604 illud.
599 4549 690 4603 25.
731 4549 942 4620 Populo
981 4559 1163 4602 autem
1212 4547 1340 4602 huic
1381 4545 1585 4602 factum
1631 4558 1716 4603 est
1749 4565 1846 4604 cor
1879 4566 2000 4619 per-

2103 4551 2314 4605 audirc.
2355 4550 2491 4604 Ecce
2519 4551 2746 4604 verbum
2800 4547 3014 4603 Domini
3047 4546 3250 4600 lactant
3285 4553 3373 4599 est
3397 4544 3483 4598 eis
3519 4545 3572 4598 in
3613 4557 3706 4610 op-

407 4643 628 4698 suaderi
658 4645 926 4710 nescium,
960 4643 1037 4713 (Ιι)
1069 4651 1122 4696 et
1165 4657 1273 4695 non
1309 4642 1601 4696 obediens:
1637 4642 1992 4706 deflexeruut,
2033 4621 2075 4676 ί)
2106 4644 2420 4714 probriuru:
2449 4643 2568 4698 Non
2600 4644 2784 4698 volent
2819 4642 3007 4696 audire
3037 4640 3191 4694 illud.
3225 4639 3316 4694 11.
3352 4639 3430 4710 (ὁ)
3460 4639 3533 4694 Et
3556 4637 3703 4694 furo-

405 4747 460 4790 et
489 4735 778 4803 abierunt;
807 4737 896 4792 21.
933 4751 1032 4791 nec
1055 4736 1310 4790 dixerunt
1338 4734 1391 4788 in
1421 4735 1586 4789 corde
1620 4753 1754 4791 suo:
1788 4735 1995 4790 Timea-

2104 4750 2219 4789 rem
2243 4751 2423 4790 meum
2452 4734 2692 4805 implevi,
2728 4734 2800 4804 (c)
2825 4743 2879 4788 et
2904 4731 3150 4797 cohibui,
3178 4741 3233 4785 et
3265 4732 3558 4787 consumsi
3589 4745 3704 4785 eos.

405 4841 534 4880 tuus
582 4843 726 4882 nunc
772 4827 1060 4882 Dominum
1117 4825 1288 4879 Deum
1346 4835 1616 4890 nostrum,
1659 4829 1751 4897 qui
1794 4828 1888 4882 dat
1926 4843 1991 4884 -t—-
2101 4825 2390 4883 Eﬂundam
2420 4843 2583 4898 super
2615 4842 2817 4898 pueros
2848 4841 2879 4880 a
2915 4823 3074 4889 foris,
3115 4834 3171 4880 et
3197 4839 3364 4893 super
3393 4838 3703 4893 congrega-

407 4919 568 4975 uobis
604 4919 887 4990 :pluviam
930 4919 1309 4990 tempestivam
1337 4927 1391 4972 et
1423 4921 1744 4987 serotinam,
1783 4922 1834 4975 iu
1863 4932 1992 4975 tem-
2101 4920 2304 4974 tionem
2337 4920 2414 5002 (_d)
2437 4920 2699 4990 juvenum
2727 4919 2926 4986 simul;
2956 4917 3084 4988 quia
3109 4917 3190 4971 vir
3225 4926 3278 4970 et
3303 4931 3445 4970 uxor
3483 4917 3706 4985 capien-

482 5128 550 5199 (ε)
603 5128 698 5199 Α.,
733 5141 1141 5199 ευρθτηιιιτοε.
1217 5129 1282 5199 (t)
1321 5126 1543 5199 Portate
1577 5135 1941 5199 commeatus.

2129 5130 2222 5191 A.,
2278 5145 2388 5184 non
2422 5127 2659 5194 Domini,
2727 5127 2806 5198 (ac)
2849 5128 2939 5191 A.,
2996 5142 3106 5182 non
3151 5127 3307 5199 ipse.
3365 5127 3458 5191 8.,
3509 5141 3699 5182 annon

408 5195 539 5267 ipse
583 5197 708 5251 est?
760 5195 836 5267 (ν)
889 5195 1286 5269 Α.,]οῂιιδῑέι.
1322 5197 1406 5263 8.,
1465 5197 1642 5269 fortis.
1692 5198 1768 5269 (a)
1813 5197 2012 5269 Relth

2127 5199 2443 5269 cujusnou
2504 5195 2828 5269 cognosces.
2870 5199 2960 5267 (a).
2997 5199 3118 5269 A.,_
3139 5195 3221 5261 8.,
3261 5213 3479 5268 gregem
3520 5207 3704 5252 tuum.

403 5265 461 5322 et
494 5270 658 5322 boves
683 5265 825 5338 tuos.
882 5269 958 5338 (ὁ)
993 5267 1058 5321 Ει
1087 5268 1333 5323 fmdabit.
1379 5269 1448 5338 (ο)
1488 5265 1614 5338 Vos.
1681 5265 1758 5337 (ὀ)
1787 5267 1882 5331 Α.,
1922 5265 2012 5321 Tir.

2125 5265 2602 5324 ueinadmodumf
2635 5270 2704 5338 (ε)
2728 5265 2936 5322 Falsis.
2969 5268 3035 5336 if)
3078 5265 3162 5332 8.,
3197 5265 3384 5333 stulte,
3416 5278 3471 5322 et
3502 5283 3704 5336 expers

410 5338 674 5409 montis.“
707 5337 780 5409 (g)
813 5337 908 5409 Α.,
940 5336 1230 5393 statutum.
1299 5336 1501 5409 (h)‘A.,
1559 5336 1644 5400 8.,
1671 5336 2012 5409 etgirritans.

2119 5341 2263 5408 )Α.,
2305 5338 2390 5403 8.,
2425 5336 2744 5408 septimanae
2798 5339 2987 5392 statuti
3032 5340 3251 5404 messis,
3309 5339 3405 5409 qui
3460 5338 3701 5392 custodit

406 5405 687 5480 nobis“)
711 5405 803 5480 Α.,
834 5407 1124 5480 illusiouis.
1152 5409 1235 5473 8.,
1261 5405 1605 5462 insidiarum.
1640 5407 1701 5478 (Ι)
1727 5405 2012 5463 Iudicium.

2119 5405 2153 5480 ὸ)
2183 5411 2272 5473 Α.,
2306 5412 2392 5474 8.,
2415 5405 2733 5480 pauperum.
2759 5410 2836 5477 (η)
2870 5411 2960 5480 A._.
2993 5409 3294 5477 corruptio.
3326 5408 3413 5472 8.,
3435 5409 3701 5480 commis-

407 5480 505 5533 tio.
540 5478 614 5550 (a)
649 5477 828 5550 Falsa.
857 5481 932 5548 (p)
955 5477 1024 5550 _lu
1074 5479 1273 5550 medio.
1307 5481 1382 5548 (q)
1417 5480 1507 5550 Α.,
1553 5489 1607 5532 et
1638 5477 2058 5550 Superidomum
2089 5477 2325 5550 Carmeli
2353 5477 2791 5550 elevatefacem.
2826 5479 2894 5548 (r)
2923 5477 3004 5544 8.,
3051 5488 3299 5533 venusta:
3345 5489 3403 5533 et
3445 5477 3700 5550 delicata!

408 5545 714 5620 assimilavi
751 5545 921 5620 tiliam
949 5547 1157 5602 Sionis.
1180 5549 1267 5620 (ε)
1301 5545 1394 5620 Α.,
1445 5547 1530 5612 8.,
1564 5558 1619 5602 ct
1652 5545 1866 5620 stabula
1910 5563 2012 5602 001⁵1

2119 5591 2121 5601 ι
2171 5551 2234 5620 (t)
2271 5548 2404 5604 Diei.
2439 5551 2519 5618 (ιι)
2550 5549 2643 5611 Α..
2674 5547 2755 5613 8.,
2791 5545 3010 5616 palatia.
3045 5550 3124 5617 (π)
3171 5551 3458 5618 Aggerem.
3497 5551 3578 5620 (gi
3615 5545 3696 5607 8.,

410 5619 552 5686 ipsa,
578 5635 702 5688 quae
735 5627 844 5674 tota
862 5619 1027 5689 plena
1055 5629 1136 5672 est
1163 5615 1434 5689 gin'uiedio
1457 5634 1580 5689 suo.
1614 5618 1690 5688 (ι)
1728 5615 1815 5680 8..
1851 5615 2236 5688 oppressiones
2271 5621 2324 5673 in
2361 5615 2539 5674 medio
2575 5621 2727 5689 ejus:
2762 5615 2820 5673 ut
2857 5630 3036 5689 servat
3067 5615 3489 5689 puteu‘s'aquam
3532 5617 3688 5689 frigi-

410 5689 536 5759 dam
571 5686 636 5759 in
669 5706 750 5754 se,
779 5691 850 5742 ita
874 5686 1124 5759 servavit
1155 5687 1350 5759 frigus,
1406 5686 1679 5742 malitiam»
1713 5689 1834 5758 ejus
1864 5686 2012 5742 audit

2119 5700 2208 5744 ιιιι.
2266 5692 2342 5758 (ιι)
2371 5699 2460 5756 Α.,
2494 5686 2693 5744 meam.
2749 5690 2823 5759 (ὑ)
2862 5693 2952 5754 Α.,
2981 5686 3103 5753 ΤΙιζ,
3142 5688 3347 5759 furoris
3379 5701 3558 5742 autem
3592 5686 3704 5737 De-

413 5758 569 5833 mini.
606 5757 690 5824 8.,
725 5771 779 5814 et
808 5759 976 5833 exira
1005 5758 1216 5833 Dom_iui
1237 5757 1456 5826 repleta
1490 5767 1594 5833 est,
1615 5757 1884 5833 laboravit
1920 5759 2170 5814 tolerare.
2199 5757 2392 5830 (a)/1.,
2425 5761 2684 5833 fatigatus
2723 5757 2844 5816 sum
2876 5762 3130 5817 tolerare.
3162 5758 3249 5824 8.,
3285 5757 3540 5830 fatigatus
3567 5771 3695 5812 sum

415 5829 658 5886 tolerans
687 5843 807 5901 ego.
867 5829 944 5901 (ά)
981 5829 1071 5896 Α.,
1113 5828 1234 5896 Tli.,
1268 5828 1748 5886 conconlantium.
