1951 3237
121 171 193 200 2513

760 177 921 207 tenemur:
942 169 1057 208 CAPUT
1082 181 1134 210 vn.

1689 186 1761 216 2318

122 235 176 265 tur,
192 233 286 260 senior
298 241 360 260 cum
370 235 450 268 pleno
461 234 583 263 dierum:
603 236 644 263 12.
655 242 681 265 el
692 244 858 273 evertentur,
871 242 922 273 et):

984 249 1126 278 argentum
1143 244 1282 272 conﬂatis:
1297 246 1408 273 malitia:
1423 254 1520 274 eorum
1541 253 1595 273 non
1610 246 1649 281 (α)
1673 247 1764 281 lique-

122 278 267 312 capicntur
282 279 292 313 ξ
306 279 405 306 domus
421 287 516 307 eorum
529 281 563 316 (e)
578 281 610 308 ad
625 282 765 319 alios.agri
778 290 805 312 et
819 292 919 313 uxores

122 330 217 350 corum
235 325 353 358 pariter;
367 325 430 359 quia
444 326 589 354 extendam
605 336 716 356 manum
734 337 822 357 meam
839 339 920 366 super

120 376 170 395 eos
185 369 232 403 qui
249 369 373 397 habitant
391 371 417 397 in
440 376 512 399 terra
526 372 587 406 hac,
609 374 676 401 dicit
691 374 856 404 Dominum:
875 378 918 405 15.

121 414 254 448 quoniam
268 423 283 442 a
298 424 384 450 parvo
400 425 495 444 eorum
513 426 600 454 usque
619 421 652 447 ad
665 429 793 456 magnum
810 423 842 457 (ι’)
858 430 920 450 om-

123 468 173 486 nes
188 461 369 495 expleverunt
384 463 495 498 iniqua:
518 472 533 490 a
551 466 681 500 propheta
695 468 818 495 mendaci
834 477 921 504 usque

122 505 157 531 ml
173 506 343 534 sacerdotem
362 507 399 543 (g)
420 517 517 538 omnes
542 511 666 539 fecerunt
695 514 848 542 mendacia.
876 516 919 542 14.

123 549 159 576 Et
180 557 315 579 curarunt
335 552 495 582 fractionem
516 557 550 590 Ἃ(
571 556 632 584 filia:
651 559 662 592 ζ
682 559 774 594 populi
799 560 863 592 mei,
882 560 919 596 (Ιι)

125 601 379 631 contemnentes,et
391 599 522 632 dicentes.
538 602 603 634 Pax,
620 611 670 637 pax
683 611 689 629 :
703 609 729 631 et
742 604 786 631 ubi
797 611 839 632 est
852 606 922 640 pax?

124 641 169 668 15.
188 641 376 677 Erubuerunt,
398 646 462 679 quia
478 646 638 675 defecerunt
654 650 687 683 >θς<
704 651 827 678 fecerunt
848 652 871 686 τε
895 655 923 679 et

123 694 179 713 non
197 692 278 714 erant
292 688 364 716 sicut
379 691 585 725 erubescentes,
603 694 783 728 erubuerunt,
807 700 833 723 et
853 703 922 723 con-

123 732 285 760 temtionem
300 742 376 761 suam
393 744 447 763 non
464 743 664 772 cognoverunt.
683 739 797 774 Propter
813 740 864 768 hoc
877 748 924 769 ca-

123 777 191 805 dent
206 778 234 805 in
251 779 330 807 ruina
352 789 412 814 sua,
440 788 467 809 et
487 783 513 810 in
534 788 656 819 tempore
680 785 844 813 visitationis
865 794 923 814 suae

122 824 328 858 exinanientur,
346 827 412 855 dicit
433 828 576 858 Dominus.
590 831 633 858 16.
657 831 719 859 llaec
743 833 808 860 dicit
831 832 921 860 Domi-

122 878 206 898 mus:
227 871 303 899 State
321 881 404 908 super
420 874 483 907 viis,
501 880 528 903 et
542 876 641 909 videte,
660 882 688 905 et
708 878 872 914 interrogate
888 879 922 906 de

122 917 232 944 semitis
249 918 359 945 aaternis
374 919 482 947 Domini
501 928 527 949 -t-
548 927 575 949 et
603 923 693 950 videte
717 925 740 959 ε,
766 924 854 959 qualis
879 929 920 952 est

125 963 170 990 via
181 971 244 998 quae
267 965 350 998 bona,
369 970 396 993 et
413 967 551 996 ambulate
572 969 600 996 in
619 977 669 1003 ea;
687 975 714 998 et
730 970 874 998 invenietis
889 971 920 1006 (i)

122 1010 270 1044 puritatem
288 1012 431 1040 animabus
449 1006 556 1043 vestris.
583 1015 616 1043 Et
631 1016 774 1044 dixerunt:
796 1016 856 1044 Non
873 1017 922 1044 ibi-

122 1063 195 1083 mus.
212 1056 256 1084 17.
273 1056 411 1085 Constitui
429 1067 514 1094 super
531 1068 581 1089 vos
607 1063 813 1097 speculatores:
830 1064 921 1091 audite

121 1109 219 1129 vocem
235 1102 272 1137 (Ic)
292 1103 374 1131 tubae.
393 1104 424 1131 Et
440 1106 585 1134 dixerunt:
609 1107 668 1135 Non
695 1110 849 1137 audiemus.
876 1110 920 1138 18.

122 1147 238 1182 Propter
251 1149 303 1176 hoc
318 1150 464 1178 audierunt
478 1157 584 1186 gentes,
601 1153 632 1189 (ι)
645 1161 672 1182 et
686 1155 730 1189 qui
740 1160 856 1190 pascunt
867 1164 923 1191 gro-

121 1202 170 1229 ges
188 1195 216 1220 in
228 1195 279 1222 eis.
298 1195 342 1223 19.
365 1197 448 1229 Audi,
466 1204 555 1226 terra:
573 1199 643 1227 Ecce
658 1208 708 1235 ego
727 1202 833 1229 adduco
852 1203 921 1230 mala

121 1248 206 1275 super
219 1242 351 1276 populum
362 1243 444 1276 hunc,
461 1244 579 1272 fructum
595 1246 642 1281 (m)
652 1248 804 1275 aversionis
815 1256 920 1282 eorum,

122 1287 191 1320 quia
219 1287 247 1314 in
266 1296 421 1316 sermonem
438 1298 530 1318 meum
548 1300 603 1319 non
620 1294 807 1325 attenderunt.
830 1299 855 1322 et
885 1295 923 1322 lc-

122 1340 184 1366 gem
202 1341 291 1360 meam
310 1336 479 1369 repulerunt.
500 1337 545 1364 20.
563 1337 665 1372 Cui-5K
677 1341 728 1367 hoc
745 1341 755 1373 ζ
775 1340 841 1367 mihi
859 1340 923 1367 thus

121 1387 155 1407 ex
174 1380 246 1408 Saba
261 1381 375 1414 aii'ertis,
392 1388 418 1410 et
431 1383 470 1419 (ιι)
485 1384 662 1412 cinanomum
681 1394 713 1413 ex
729 1390 803 1414 terra
819 1387 924 1422 longin-

122 1426 196 1461 qua?
212 1426 377 1459 Holocausta
399 1433 491 1456 vestra
507 1437 562 1457 non
582 1435 646 1458 sunt
662 1437 783 1466 accepta,
798 1436 825 1459 et
836 1431 923 1459 sacri-

122 1472 186 1500 ﬁcia
201 1478 290 1501 vestra
305 1475 337 1509 Γ)
356 1483 409 1502 non
426 1476 595 1510 voluptatem
612 1478 762 1505 attulerunt
777 1479 855 1506 mihi.
875 1479 920 1507 21.

122 1517 240 1554 Propter
255 1519 307 1548 hoc
320 1521 378 1548 haec
393 1521 459 1549 dicit
477 1522 623 1551 Dominus:
642 1523 712 1551 Ecce
726 1531 777 1559 ego
791 1525 827 1552 do
839 1533 923 1561 super

123 1565 257 1599 populum
276 1566 350 1594 hunc
371 1567 408 1602 (ο)
426 1568 631 1596 inﬁrmitatem:
657 1574 684 1597 et
709 1570 922 1599 inﬁrmabuntur
938 1583 960 1613 ρ
975 1576 1003 1602 in
1022 1576 1104 1601 ilmno
1124 1576 1156 1608 };<
1172 1573 1182 1592 3
1209 1566 1249 1608 hi:

124 1610 152 1636 in
177 1618 209 1638 ea
235 1616 336 1645 patres,
363 1618 389 1640 et
411 1614 458 1641 lilii
479 1615 578 1642 simul:
601 1615 709 1643 vicinus
729 1621 755 1644 et
778 1618 922 1652 proximus

122 1657 185 1692 eius
199 1659 338 1692 peribunt.
358 1660 403 1688 22.
422 1660 486 1688 Hazc
500 1661 567 1689 dicit
586 1661 719 1690 Dominus
732 1672 738 1689 :
751 1662 821 1691 Ecce
835 1671 922 1699 popu-

123 1704 169 1731 lus
189 1705 263 1732 venit
278 1707 313 1732 ab
327 1707 472 1741 aquilone:
495 1711 523 1735 et
540 1715 606 1743 gens
624 1716 721 1744 magna
739 1710 773 1744 Χ
795 1713 822 1736 et
844 1717 923 1745 reges

125 1750 205 1777 multi
224 1751 234 1785 ζ
252 1752 445 1780 excitabuntur
460 1754 494 1781 ab
511 1749 685 1782 extremitate
700 1759 779 1782 terrae
794 1765 799 1782 :
816 1755 862 1782 25.
879 1763 923 1783 ar-

126 1804 201 1828 cum,
219 1802 246 1824 et
259 1798 297 1833 (ρ)
314 1798 419 1825 hastam
434 1800 577 1827 tenebunt.
596 1801 644 1835 (ιι).
658 1800 749 1828 Durus
760 1805 812 1831 est.
827 1806 853 1829 et
870 1810 923 1828 non

124 1843 321 1871 miserebitur:
348 1853 399 1872 vox
427 1846 497 1881 ejus,
512 1851 541 1873 ut
565 1855 642 1874 mare
665 1847 818 1875 ﬂuctuaris:
844 1856 925 1882 super

124 1891 205 1924 cquis
220 1895 247 1917 et
259 1891 386 1918 curribus
399 1899 427 1918 se
440 1892 566 1925 instruet,
581 1897 608 1919 ut
625 1892 658 1927 (r)
678 1893 758 1927 ignis,
774 1893 807 1920 ad
824 1892 924 1920 bellum

124 1937 261 1964 adversus
275 1942 310 1969 te,
330 1938 384 1965 illia
401 1937 503 1966 Sionis.
518 1939 563 1965 24.
581 1939 746 1966 Audiviinus
763 1940 863 1966 famam
878 1947 925 1967 eo—

124 1989 201 2014 rum,
213 1982 354 2010 dissolutze
370 1989 434 2011 sunt
444 1992 543 2012 manus
558 1989 670 2017 nostras;
685 1984 794 2011 aliliclio
806 1992 925 2019 occupa-

125 2027 164 2054 vit
177 2035 238 2060 nos,
256 2029 364 2056 dolores
380 2030 458 2064 quasi
478 2031 666 2065 parturientis.
684 2030 729 2058 25.
746 2030 784 2057 Ne
799 2031 925 2066 egredia-

126 2073 197 2100 mini
212 2074 238 2100 in
251 2082 358 2109 agrum,
374 2080 401 2102 et
413 2075 440 2102 in
453 2076 504 2104 viis
517 2084 551 2104 ne
562 2077 726 2110 ambuletis;
740 2077 804 2111 quia
818 2078 926 2112 gladius

126 2119 304 2147 inimicorum
320 2121 459 2149 habitatin
475 2122 602 2150 circuitu.
614 2123 660 2150 26.
676 2122 744 2150 Filia
756 2124 846 2158 populi
862 2124 926 2157 mei,

125 2165 241 2201 accingc
260 2171 286 2193 te
299 2167 399 2201 cilicio,
418 2172 445 2195 et
456 2168 546 2195 voluta
562 2173 587 2196 te
601 2169 627 2195 in
642 2169 748 2196 cinere:
769 2170 871 2197 luctum
891 2170 926 2205 (δ)

126 2213 222 2240 dilecti
250 2212 292 2241 iac
316 2213 375 2246 tibi,
399 2214 538 2248 planctum
558 2215 776 2249 gemebundum:
799 2216 863 2250 quia
884 2224 927 2243 re-

126 2265 210 2295 pente
231 2260 321 2288 veniet
338 2261 369 2296 (t)
387 2261 497 2288 miseria
522 2269 606 2296 super
623 2269 681 2289 vos.
698 2261 743 2288 27.
764 2261 926 2295 Explorato-
940 2254 965 2285 υ

127 2314 187 2335 rem
210 2307 272 2334 dedi
292 2311 317 2335 te
331 2307 357 2334 in
374 2308 481 2342 populis
495 2307 534 2343 (ιι)
550 2308 664 2335 inclusis
689 2316 696 2334 :
712 2311 740 2334 et
760 2315 922 2342 cognosces,

127 2360 191 2380 cum
213 2353 372 2387 probaveris
389 2354 460 2380 viam
477 2361 593 2381 eorum:
619 2353 665 2380 28.
693 2361 789 2380 omnes
810 2353 849 2388 (τε)
872 2360 928 2380 non

127 2399 300 2432 obcdientes.
323 2400 495 2427 ambulantes
520 2407 656 2435 perverse.
682 2399 743 2431 Ais,
765 2403 792 2426 et
811 2399 927 2431 ferrum,

128 2454 227 2473 omnes
241 2447 278 2481 (ν)
292 2446 414 2480 corrupti
430 2451 504 2474 sunt.
520 2446 565 2473 29.
582 2446 684 2474 Deiecit
705 2445 779 2473 follis
795 2446 830 2473 ab
847 2445 925 2481 igne:

128 2493 231 2521 deiecit
256 2493 409 2527 plumbum.
435 2493 462 2519 in
480 2501 580 2520 vanum
602 2492 638 2527 (ι)
660 2492 761 2520 conilat
783 2496 927 2528 argentum

971 290 1143 324 factaesunt,
1158 291 1202 318 50.
1223 291 1370 327 Argentum
1394 293 1569 328 reprobatum
1583 298 1677 320 vocate
1697 300 1760 325 eos;

971 337 1036 371 quia
1053 337 1211 371 reprobavit
1227 344 1273 364 eos
1292 336 1434 366 Dominus.

1007 381 1083 409 CAP.
1098 381 1237 410 Vll.—1.
1257 383 1290 416 Ἃ(
1308 382 1438 415 Verbum,
1453 384 1525 419 quod
1543 383 1647 411 factum
1665 388 1708 411 est
1729 383 1763 411 ad

971 425 1115 454 Jeremiam
1134 434 1149 454 a
1170 426 1298 459 Domino,
1316 427 1423 456 dicente
1440 440 1445 457 :
1463 429 1491 456 (Ξ.
1508 428 1556 456 Sta
1572 429 1599 456 in
1618 434 1695 464 porta
1712 430 1763 456 do-

972 480 1034 500 mus
1054 472 1175 505 Domini,
1188 478 1215 500 et
1228 474 1287 509 leg’e
1305 473 1342 501 ibi
1357 475 1541 507 verbumhoc,
1557 481 1584 502 et
1597 475 1671 503 dices
1686 485 1692 503 :
1708 476 1764 502 Au-

973 519 1028 547 dite
1044 519 1157 546 verbum
1183 518 1304 552 Domini.
1333 521 1423 548 omnis
1451 520 1555 554 Iudaea,
1581 522 1765 556 ingredientes

972 573 1020 601 per
1033 571 1126 600 portas
1141 565 1201 596 has,
1220 565 1253 593 ad
1280 566 1450 594 adorandum
1471 567 1615 594 Dominum
1634 567 1645 601 ζ
1662 575 1692 595 -ε-
1709 568 1765 594 Au-

972 612 1028 639 dite
1043 611 1154 638 verbum
1174 611 1290 644 Domim,
1306 612 1396 639 omnis
1411 612 1505 640 Iudaea
1519 613 1541 647 ζ.
1567 614 1593 640 5.
1614 614 1675 641 llaec
1698 614 1764 641 dicit

973 656 1107 684 Dominus
1124 657 1254 684 virtutum
1274 657 1345 685 Deus
1360 658 1468 686 lsraelis
1483 668 1490 686 :
1506 658 1618 694 Dirigite
1640 660 1699 687 vias
1715 668 1755 686 vc.

974 707 1055 734 stras,
1070 707 1097 729 et
1105 703 1194 730 studia
1208 708 1296 731 vestra
1309 713 1315 731 :
1329 704 1366 739 (b)
1380 709 1405 732 et
1422 705 1545 732 habitare
1559 705 1657 732 iaciam
1673 714 1721 732 vos
1735 707 1762 732 in

974 749 1034 776 loco
1048 749 1110 777 hoc.
1131 749 1159 776 4.
1178 749 1216 777 Ne
1232 750 1377 778 coniidatis
1394 752 1472 780 vobis
1485 760 1567 787 super
1581 752 1672 780 verbis
1688 761 1765 779 inen-

974 794 1102 826 dacibus;
1130 801 1161 821 οε-
1184 795 1247 829 quia
1271 796 1384 822 omnino
1408 803 1461 823 non
1485 797 1636 831 proderunt
1664 797 1765 830 vobis:

974 848 1036 868 cum
1050 841 1141 868 dicitis
1158 840 1322 876 :Templum
1349 841 1469 875 Domini,
1490 843 1621 877 templum
1647 843 1766 872 Domini.

976 887 1106 921 templum
1131 887 1238 914 Domini
1259 892 1310 914 est.
1334 887 1360 914 5.
1385 887 1520 921 Quoniam
1535 882 1608 922 (ε)ὲί
1624 887 1768 922 dirigendo

973 934 1127 962 direxeritis
1144 934 1202 960 vias
1217 938 1333 964 vestras,
1348 938 1375 960 et
1392 933 1482 961 studia
1497 938 1597 966 vestra,
1621 934 1655 967 3K
1677 937 1704 959 et
1717 933 1739 960 si
1754 933 1766 966 ζ

973 980 1099 1007 faciendo
1123 979 1244 1006 feceritis
1267 979 1402 1014 judicium
1426 979 1496 1006 inter
1520 978 1620 1009 virum,
1646 982 1673 1004 et
1697 979 1768 1004 inter

972 1028 1129 1061 proximum
1154 1026 1225 1060 ejus,
1249 1025 1276 1052 6.
1297 1029 1324 1052 et
1342 1026 1527 1060 peregrinum,
1544 1029 1568 1051 et
1583 1024 1727 1059 pupillum,
1741 1027 1768 1050 et

973 1073 1082 1099 viduam
1102 1079 1158 1098 non
1174 1071 1213 1107 (τι)
1238 1071 1266 1098 in
1294 1071 1454 1098 scrritutem
1476 1069 1645 1104 redegeritis,
1662 1073 1689 1096 et
1709 1076 1772 1099 san-

973 1117 1082 1153 guinem
1096 1117 1271 1144 innocentem
1291 1124 1343 1143 non
1361 1115 1513 1143 eﬁuderitis
1535 1117 1562 1143 in
1585 1116 1646 1143 loco
1661 1116 1724 1146 hoc,
1742 1119 1769 1142 et

974 1165 1035 1196 post
1045 1160 1233 1189 deoslalienos
1253 1169 1308 1188 non
1323 1160 1529 1188 ambulaveritis
1553 1161 1580 1187 in
1603 1160 1705 1187 malum
1720 1167 1770 1186 vo-

973 1208 1026 1240 bis;
1044 1207 1070 1234 7.
1085 1207 1168 1234 etiam
1181 1206 1306 1234 habitare
1322 1206 1420 1233 faciam
1433 1213 1482 1233 vos
1496 1206 1525 1232 in
1539 1206 1599 1233 loco
1615 1205 1650 1240 (ε)
1666 1210 1767 1237 vestro,

974 1255 1000 1281 in
1017 1259 1101 1287 terra,
1119 1260 1201 1288 quam
1223 1253 1284 1280 dedi
1304 1252 1428 1287 patribus
1449 1251 1547 1279 vestris
1569 1258 1585 1278 a
1612 1251 1723 1283 sreculo.
1742 1255 1770 1278 et

972 1307 1061 1334 usque
1077 1299 1103 1325 in
1129 1298 1271 1326 saeculum.
1296 1297 1323 1324 8.
1340 1297 1373 1332 (1)
1395 1297 1423 1324 Si
1448 1302 1539 1324 autem
1564 1304 1612 1324 vos
1632 1296 1770 1324 conﬁditis

973 1345 1051 1371 vobis
1067 1352 1150 1379 super
1166 1343 1256 1371 verbis
1273 1343 1463 1373 mendacibus,
1477 1342 1549 1369 unde
1569 1349 1624 1369 non
1642 1342 1770 1377 proﬁcie-

974 1391 1019 1422 tis,
1033 1390 1060 1417 9.
1078 1390 1115 1425 (g)
1128 1394 1154 1417 et
1170 1387 1310 1422 l‘nrl'imini,
1326 1395 1354 1417 et
1370 1389 1507 1420 occiditis,
1527 1393 1552 1416 et
1579 1389 1768 1421 mmchamini,

973 1442 999 1465 et
1013 1437 1114 1471 juratis
1132 1437 1159 1463 in
1175 1428 1288 1466 iroisto,
1305 1439 1332 1462 et
1350 1434 1508 1462 adolevistis
1532 1434 1616 1468 Baali,
1631 1439 1658 1461 et
1672 1435 1769 1461 auibu-

974 1484 1052 1511 lastis
1067 1481 1204 1520 posl/dgt‘be
1219 1482 1328 1515 llienos,
1341 1488 1411 1517 quos
1424 1480 1480 1509 nbn
1492 1481 1619 1512 novistis.
1632 1480 1677 1508 10.
1695 1488 1726 1508 -ι-
1741 1486 1770 1508 ιιι

974 1530 1046 1557 male
1067 1518 1172 1557 sit‘i’li’li
1182 1527 1241 1560 (Ιυί,
1262 1533 1288 1555 et
1305 1527 1431 1558 venistis.
1446 1532 1473 1554 et
1486 1527 1601 1555 stetistis
1616 1534 1709 1555 coram
1726 1535 1771 1554 me

1241 1575 1263 1608 ζ.
1280 1574 1325 1601 ubi
1341 1574 1496 1601 invocatum
1509 1577 1551 1600 est
1563 1579 1662 1599 nomen
1678 1578 1770 1599 meum

975 1631 1057 1658 super
1071 1631 1113 1652 ea.
1131 1619 1283 1649 etdeghis:
1297 1621 1334 1656 (Ii)
1348 1620 1523 1648 Recessimus
1540 1619 1574 1646 ab
1589 1619 1694 1653 agendo
1710 1626 1769 1646 om-

975 1677 1023 1696 nes
1039 1662 1260 1695 aboriiinatib’nes
1279 1667 1339 1694 has.
1366 1667 1410 1693 11.
1434 1665 1506 1693 Num
1530 1665 1662 1700 spelunca
1684 1665 1771 1692 latro-
1787 1662 1795 1666 “

976 1721 1039 1741 num
1054 1715 1087 1747 ἢ(
1106 1713 1156 1740 fuit
1173 1713 1183 1747 ζ
1214 1715 1313 1740 domus
1334 1720 1405 1744 mea,
1419 1712 1465 1739 ubi
1487 1712 1643 1748 invocatum
1659 1715 1702 1739 est
1723 1719 1772 1737 no-

976 1765 1037 1784 men
1055 1765 1146 1784 mcum
1161 1764 1244 1792 super
1258 1764 1289 1784 ea
1308 1764 1337 1784 -ε-
1358 1757 1395 1783 ibi
1413 1756 1424 1790 ζ
1448 1764 1542 1784 coram
1566 1756 1665 1785 vobis?
1678 1756 1773 1792 Elego

976 1812 1039 1830 ecce
1055 1804 1121 1835 vidi,
1140 1804 1206 1831 dicit
1227 1803 1370 1832 Dominus.
1398 1803 1440 1830 12.
1468 1803 1497 1837 (i)
1519 1802 1655 1835 Quoniam
1684 1803 1773 1830 ivistis

976 1849 1002 1874 in
1020 1849 1108 1875 locum
1128 1856 1230 1879 meum,
1247 1849 1293 1883 qui
1311 1849 1337 1875 in
1361 1848 1430 1881 Silo,
1454 1849 1498 1875 ubi
1520 1848 1651 1875 collocavi
1672 1855 1771 1874 nomen

976 1903 1066 1921 meum
1086 1895 1122 1921 ibi
1142 1894 1178 1930 (k)
1194 1902 1226 1921 ex
1244 1895 1359 1929 antiquo
1376 1904 1382 1922 :
1404 1898 1431 1921 et
1448 1894 1546 1924 videte,
1569 1901 1630 1928 qua:
1645 1892 1696 1920 feci
1716 1892 1740 1920 ei
1757 1900 1772 1919 a

977 1940 1046 1967 l'acie
1062 1941 1170 1967 malitia:
1191 1941 1283 1976 populi
1302 1941 1353 1967 mei
1371 1940 1523 1967 lsrael.-15.
1539 1939 1573 1965 Et
1590 1947 1662 1966 nunc
1676 1947 1726 1974 pro
1738 1947 1772 1966 eo

976 1987 1048 2020 quod
1067 1986 1171 2013 fecistis
1186 1986 1278 2013 omnia
1295 1994 1378 2020 opera
1397 1986 1464 2018 lucc,
1480 1987 1514 2019 >κ
1537 1985 1605 2013 dicit
1626 1984 1771 2016 Dominus,

977 2038 1003 2060 et
1025 2033 1133 2060 locutus
1159 2040 1221 2059 sum
1244 2032 1277 2058 ad
1303 2040 1370 2064 vos,
1393 2033 1563 2065 praeveniens
1589 2035 1617 2057 et
1635 2031 1729 2057 dicens
1746 2031 1771 2066 ζ,

977 2083 1005 2105 et
1021 2085 1074 2104 non
1093 2077 1210 2104 audistis
1229 2084 1282 2108 me,
1299 2081 1326 2103 et
1345 2077 1439 2103 vocavi
1456 2084 1515 2108 vos,
1538 2080 1565 2102 et
1587 2083 1641 2102 non
1660 2082 1773 2109 respon-

978 2124 1058 2150 distis
1077 2133 1083 2150 :
1108 2123 1152 2149 14.
1168 2123 1249 2149 etiam
1264 2122 1363 2149 faciam
1379 2123 1473 2150 domui
1496 2123 1571 2154 huic,
1591 2122 1636 2150 ubi
1661 2122 1773 2149 invoca-

978 2176 1035 2198 tum
1053 2173 1095 2197 est
1108 2176 1206 2197 nomen
1221 2176 1312 2195 meum
1327 2176 1410 2203 super
1422 2176 1464 2200 ea,
1477 2176 1559 2203 super
1573 2176 1627 2203 qua
1642 2175 1691 2196 vos
1707 2175 1773 2195 con-

980 2217 1062 2245 liditis
1078 2223 1161 2251 super
1177 2223 1221 2248 ea;
1234 2219 1261 2242 et
1271 2215 1341 2247 loco,
1355 2222 1436 2250 quem
1447 2215 1507 2242 dedi
1517 2214 1773 2250 vobis,etpatribus

979 2262 1088 2293 vestris,
1114 2266 1143 2288 ut
1164 2261 1215 2288 feci
1238 2260 1310 2288 Silo:
1327 2260 1372 2288 15.
1395 2264 1422 2288 et
1439 2260 1581 2295 projiciam
1598 2268 1647 2288 vos
1667 2268 1682 2287 a
1703 2259 1774 2288 facie

979 2316 1051 2340 mea,
1082 2312 1111 2334 ut
1145 2306 1247 2341 projeci
1279 2305 1379 2334 fratres
1413 2310 1540 2338 vestros.
1568 2313 1651 2333 omne
1679 2313 1773 2334 semen

979 2353 1115 2388 Ephrzem.
1131 2352 1175 2379 16.
1193 2352 1226 2379 Et
1240 2356 1269 2379 tu
1288 2360 1321 2379 ne
1335 2359 1398 2379 ores
1412 2360 1461 2386 pro
1475 2352 1576 2386 populo
1596 2352 1657 2382 hoc,
1672 2351 1704 2386 (ι)
1727 2358 1775 2378 ne—

978 2407 1032 2434 que
1051 2399 1198 2434 supplices,
1214 2403 1244 2425 ut
1262 2398 1296 2425 sit
1312 2398 1501 2426 misericordia
1518 2398 1559 2425 eis
1577 2407 1583 2424 :
1607 2402 1634 2424 et
1649 2405 1682 2424 ne
1698 2404 1773 2429 ores,

980 2445 1028 2481 (m)
1046 2452 1134 2479 neque
1149 2444 1353 2479 appropinques
1369 2444 1434 2471 mihi
1448 2450 1480 2471 -ε-
1494 2451 1543 2478 pro
1555 2443 1595 2471 eis
1606 2443 1630 2478 1;
1643 2444 1708 2478 quia
1720 2451 1773 2470 non

978 2491 1122 2519 exaudiam
1139 2491 1173 2525 Χ
1194 2494 1220 2517 te
1235 2491 1245 2524 ζ
1258 2509 1265 2516 .
1282 2489 1326 2517 17,
1343 2489 1397 2516 Aut
1420 2497 1513 2518 nonne
1537 2489 1623 2522 vides,
1640 2489 1704 2524 quid
1722 2488 1774 2523 ipsi

165 2555 201 2588 (e)
219 2554 264 2583 A..
280 2552 394 2589 alienos.
409 2551 442 2587 (Ῑ)
458 2551 503 2582 Α.,
515 2551 682 2589 quicumque
692 2548 937 2589 ipse_defraudans.
965 2548 1002 2589 (g)
1025 2547 1066 2589 8.,
1085 2548 1254 2589 quicumque
1267 2547 1371 2575 faciens
1390 2547 1559 2589 illusionem.
1574 2547 1612 2583 (Ιι)
1691 2555 1774 2589 super

127 2582 327 2617 contemtione.
344 2586 386 2617 S..
400 2582 462 2625 cum
479 2582 604 2625 mollitie.
619 2582 651 2625 ςὶ)
666 2582 855 2625 sanctitatem.
871 2582 1148 2625 Aur-espirationelm.
1161 2583 1196 2625 (Ir)
1213 2582 1256 2615 S.,
1273 2590 1370 2625 cornu.
1387 2583 1417 2618 (ι)
1432 2583 1518 2625 A.,let
1527 2582 1774 2625 cpgngsciteitesti—

128 2624 268 2655 monium,
280 2623 353 2658 quod
364 2626 405 2650 est
420 2621 447 2649 in
462 2621 513 2649 eis.
526 2619 604 2652 S.,et
618 2617 772 2647 innotescat
786 2621 965 2654 congregatio
974 2617 1007 2646 in
1022 2619 1072 2646 eis.
1106 2620 1154 2653 (m)
1172 2619 1218 2650 Α..
1234 2618 1441 2653 cogitationum.
1481 2618 1519 2654 (η)
1537 2617 1582 2651 Αἱ,
1592 2617 1634 2649 3.,
1651 2617 1773 2644 calamus

129 2678 234 2705 bonus.

286 2676 319 2717 (‘)
346 2676 449 2717 Te'iitus
475 2672 955 2717 §yr.habet,”et‘iacriﬁciq‘eorum

130 2706 358 2748 typographiciis.
376 2706 676 2748 Text.__Gi-aec.,luugbv-
698 2706 801 2748 D_nA_cu.
827 2708 875 2748 _(o)
892 2708 940 2739 Α.,

959 2693 966 2706 ,
982 2668 1112 2736 Enlnﬁ'n.
1132 2670 1209 2699 Haud
1231 2671 1313 2698 dubie
1331 2671 1424 2705 lapsus
1441 2676 1484 2699 est
1506 2671 1546 2698 rel
1563 2670 1710 2706 graphicus
1729 2670 1774 2696 vel

963 2716 980 2736 ο
1001 2707 1136 2735 endtcula.
1177 2707 1213 2736 in)
1231 2708 1274 2736 Α..
1294 2706 1335 2736 8..
1355 2708 1491 2736 clvueum.
1530 2706 1567 2736 (τι)
1581 2706 1627 2736 Α.,
1645 2704 1771 2731 acerbus.

963 2716 980 2736 ο

1001 2707 1136 2743 'endicula.
1177 2707 1213 2741 (ρ)
1231 2708 1274 2737 Α..
1294 2706 1335 2738 S..
1355 2704 1491 2743 clypeum.
1530 2704 1627 2743 (ιιγᾼη
1645 2704 1771 2743 acerbus.

131 2739 231 2783 65110..
249 2739 291 2778 ξς..
305 2747 355 2774 vir.
394 2746 428 2779 (ε)
441 2745 543 2783 _Sicut._
574 2739 663 2777 (031.,
679 2742 724 2783 qui
739 2739 922 2783 ιεεξρρηριἐιιι

976 2750 1034 2772 vos.
1075 2739 1390 2783 (ιι),τ1.,.ὸὺνέιιειυιη-ίιῖ
1400 2739 1481 2783 bello.
1503 2779 1508 2783 ‘
1522 2739 1560 2783 (ξ)
1577 2741 1623 2771 Α.,
1636 2739 1773 2783 principes

131 2780 306 2812 recedentes.
322 2786 418 2809 euntes
436 2780 634 2808 fraudulenter.

686 2777 725 2812 (ει)
743 2776 858 2813 Reliqui,
877 2776 1060 2813 corruptores.

133 2819 173 2853 (ὁ)
194 2820 242 2850 Α.,
261 2821 288 2843 et
307 2817 514 2853 habitabocum
533 2814 624 2853 vobis.
662 2811 696 2846 (ε)
708 2811 754 2845 Α.,
767 2813 790 2840 si
806 2811 875 2853 bene
890 2811 1017 2853 iaciendo
1032 2814 1100 2839 bene
1115 2813 1244 2853 feceritis.

1116 2778 1152 2811 (ι)
1169 2778 1213 2809 Α.,
1232 2777 1274 2808 8..
1290 2778 1432 2804 conllator.

1284 2813 1322 2847 (ιι)
1341 2814 1385 2845 Αι.
1409 2819 1461 2845 ουρ

1472 2777 1509 2811 (a)
1528 2775 1569 2811 8.,
1592 2779 1771 2811 exaruerunt.

1465 2808 1611 2838 rsteritis.
1651 2810 1686 2842 (el
1704 2808 1771 2836 Hoc.

134 2844 171 2890 in’

977 2857 1005 2895 γλ
1020 2852 1046 2895 e‘t
1063 2849 1181 2895 ocrisor,
1199 2853 1226 2874 ct
1243 2844 1771 2895 adtilte_ri.‘zﬂ(lt);‘:1‘.hErul'ibei'at‘i‘fgi-

132 2879 209 2921 iii'us.
234 2879 281 2922 '(i)
298 2888 342 2918 A.,
356 2886 420 2921 quia
438 2879 484 2913 ite.
502 2885 543 2921 8.,
558 2886 603 2913 ite.
640 2880 678 2917 (k';
695 2881 736 2914 S.,
751 2882 777 2910 in
792 2879 922 2919 principio

976 2884 1006 2919 (Ι)
1023 2884 1066 2917 Α.,
1082 2889 1107 2912 et
1126 2893 1158 2911 nc
1172 2891 1297 2913 asruuias
1312 2891 1360 2918 pro
1373 2879 1623 2917 eisprccationcin.
1662 2881 1710 2915 (ru)
1729 2879 1773 2914 5.,

135 2930 162 2952 Cl
178 2931 213 2952 ne
238 2927 295 2951 SlES
312 2929 405 2950 coram
421 2928 474 2950 me.
