3902 6468
402 324 547 381 2315

1592 328 1822 386 CODEX
1866 330 2545 389 SYRO-HEXAPLARIS.

3549 341 3691 397 2316

408 442 619 497 faciunt
665 442 719 499 in
765 445 995 499 urbibus
1044 441 1199 499 Juda:
1225 482 1240 508 ,
1286 452 1340 499 et
1389 444 1441 500 in
1492 445 1597 503 viis
1648 445 1995 504 Jerusalem?
2021 453 2069 512 Α
2098 447 2220 504 Filii
2250 447 2413 516 Num,
2441 450 2537 519 sed
2567 449 2663 507 sed
2696 448 2768 521 (θ).
2798 450 2958 507 vallis
2983 451 3066 523 (a)
3111 452 3470 510 occisorum:
3512 466 3566 510 et
3606 472 3693 515 ιθ·

410 535 498 589 18.
548 534 674 590 Filii
720 550 911 592 eorum
953 536 1219 607 colligunt
1261 536 1431 607 ligna,
1481 546 1537 593 et
1580 546 1764 609 patres
1801 554 1993 595 eorum

410 626 754 681 succendunt
781 629 850 696 χ
884 627 1061 699 ignem
1086 628 1135 695 1,
1163 636 1218 684 et
1248 629 1503 685 mulieres
1531 644 1725 687 eorum
1757 632 1834 701 (η)
1865 633 1997 688 sub-

377 788 383 801 ‘
409 718 567 791 igunt
599 736 837 775 massam
859 765 872 787 ,
904 722 971 775 ad
1010 720 1319 777 faciendum
1364 724 1645 794 placentas
1676 726 1752 795 (ο)
1788 725 1998 783 militia:

377 842 381 851 ι
409 812 535 867 caeli
571 831 585 866 :
618 822 671 867 et
712 813 951 869 libaruut
982 814 1241 870 libamina
1268 816 1375 872 diis
1412 816 1631 882 alienis,
1662 826 1719 872 ut
1751 818 1819 873 ad
1856 819 1995 875 iram

412 912 711 974 provocent
741 922 847 961 me.
882 907 967 962 l9.
1004 905 1145 961 Num
1178 923 1265 963 me
1288 908 1387 977 ipsi
1412 908 1483 965 ad
1512 910 1647 963 iram
1670 918 1995 980 provocant.

411 996 544 1052 dicit
579 996 881 1054 Dominus?
937 1014 1117 1055 nonne
1161 1001 1510 1070 semetipsos,
1563 1010 1625 1055 ut
1669 1002 2001 1059 erubescant

413 1090 584 1146 facies
613 1093 840 1147 eorum?
868 1092 957 1147 20.
996 1091 1227 1163 Propter
1261 1094 1363 1149 hoc
1401 1095 1516 1150 haec
1545 1093 1679 1149 dicit
1706 1097 1774 1164 >κ
1810 1095 1998 1151 Domi-

413 1196 517 1237 nus
546 1182 567 1250 1
598 1200 611 1239 :
651 1180 792 1239 Ecce
822 1183 898 1237 ira
927 1193 981 1241 et
1014 1184 1168 1241 furor
1198 1201 1355 1241 meus
1388 1186 1463 1256 (ρ)
1508 1184 1807 1241 eﬂunditur
1835 1200 2001 1256 super

414 1272 598 1330 locum
628 1276 796 1342 hunc,
823 1287 877 1332 et
908 1294 1071 1348 super
1100 1278 1372 1341 homines,
1410 1287 1465 1332 et
1514 1292 1679 1347 super
1725 1277 1997 1347 iumenta.

414 1374 470 1420 et
497 1382 661 1437 super
690 1384 853 1424 omne
880 1371 1088 1441 lignum
1119 1370 1257 1439 agri,
1288 1378 1342 1424 et
1368 1386 1533 1439 super
1553 1384 1746 1425 omnes
1778 1371 1851 1441 (q)
1874 1384 2001 1439 pro-

414 1469 610 1515 ventus
644 1470 841 1517 terrae:
878 1473 931 1518 et
973 1462 1316 1531 incendetur,
1353 1472 1409 1517 et
1450 1478 1560 1518 non
1596 1464 1997 1532 exstinguetur.

414 1548 507 1603 2|.
544 1547 668 1605 llaec
689 1551 823 1605 dicit
855 1550 1121 1608 Dominus
1150 1557 1218 1621 χ(
1245 1554 1510 1608 virtutum
1546 1551 1692 1609 Deus
1726 1552 1998 1621 lsraelis1:

420 1639 745 1697 llolocausta
772 1653 954 1699 vestra
979 1653 1307 1717 congregato
1332 1662 1457 1701 cum
1479 1646 1766 1702 sacriﬁciis
1782 1645 2000 1711 vestris,

414 1743 471 1787 et
507 1734 777 1790 comedite
807 1750 1029 1791 carnem
1062 1754 1077 1791 :
1122 1737 1211 1799 22.
1265 1736 1397 1807 quia
1449 1750 1561 1791 non
1621 1736 1839 1792 locutus
1877 1752 1999 1791 sum

416 1826 483 1879 ad
513 1835 699 1895 patres
739 1837 973 1893 vestros,
1024 1845 1206 1900 neque
1250 1831 1481 1900 praecepi
1526 1830 1609 1885 eis
1653 1829 1708 1884 in
1742 1829 1848 1894 die,
1896 1843 2006 1899 quo
2036 1808 2081 1867 Β

414 1922 577 1976 eduxi
608 1938 705 1978 eos
734 1938 799 1979 ex
845 1932 990 1980 terra
1027 1924 1268 1997 Egypli,
1297 1925 1367 1981 de
1391 1927 1460 1993 Χ
1491 1924 1657 1981 verbo
1688 1923 1705 1993 ζ
1739 1923 2004 1980 holocau-

416 2022 651 2081 storum,
684 2026 739 2071 et
766 2016 1025 2072 sacrificii
1056 2035 1069 2069 :
1102 2016 1192 2072 23.
1232 2018 1327 2073 sed
1363 2017 1409 2072 si
1445 2016 1673 2071 verbum
1723 2015 1827 2071 hoc
1860 2030 2003 2086 prae-

416 2106 534 2176 cepi
560 2110 660 2170 eis,
688 2107 918 2164 dicens:
946 2108 1147 2164 Audite
1182 2124 1368 2165 vocem
1404 2124 1605 2172 meam,
1638 2118 1694 2164 et
1725 2123 1821 2163 cro
1850 2108 2006 2167 vobis

416 2197 475 2252 in
512 2197 706 2262 Deum.
741 2208 795 2254 et
825 2214 925 2255 vos
968 2200 1125 2256 eritis
1167 2201 1302 2255 mihi
1346 2202 1400 2256 in
1440 2201 1702 2272 populum
1744 2219 1760 2255 :
1801 2209 1855 2256 et
1887 2216 2007 2256 am-

415 2292 603 2348 bulate
624 2294 677 2347 in
704 2293 961 2349 omnibus
990 2294 1097 2350 viis
1127 2295 1286 2359 meis,
1324 2295 1381 2349 in
1417 2295 1486 2351 iis
1522 2311 1663 2365 quas
1692 2310 2006 2366 praecepero

415 2384 678 2452 vobis,ut
706 2385 843 2440 bene
878 2386 950 2441 sit
984 2387 1163 2442 vobis.
1207 2387 1296 2442 24.
1336 2386 1402 2442 Et
1436 2403 1545 2443 non
1577 2388 1908 2443 audiverunt
1935 2389 2005 2455 Ἀ(

416 2491 505 2531 me
534 2477 581 2545 1,
614 2492 791 2548 neque
818 2476 889 2549 (r)
917 2479 1151 2534 attendit
1182 2479 1331 2535 auris
1364 2494 1588 2545 eorum;
1628 2481 1723 2535 sed
1753 2480 2005 2535 ambula—

416 2576 548 2622 runt
565 2570 619 2622 in
650 2568 1076 2640 c0gitationibus
1112 2571 1296 2626 cordis
1333 2571 1422 2626 sui
1454 2572 1607 2636 mali,
1631 2581 1686 2626 et
1713 2570 1843 2627 facti
1876 2581 2008 2627 sunt

416 2668 745 2728 retrorsum,
778 2671 833 2717 et
864 2677 973 2717 non
1010 2660 1138 2719 facti
1164 2674 1293 2719 sunt
1318 2672 1662 2737 antrorsum,
1695 2664 1788 2721 25.
1821 2680 1887 2718 ex
1917 2664 2008 2719 die

418 2764 531 2821 quo
568 2752 774 2821 egressi
806 2761 935 2809 sunt
966 2764 1151 2824 patres
1179 2770 1370 2811 eorum
1400 2770 1468 2811 ex
1501 2764 1647 2826 terra
1682 2754 1926 2827 Egypti,
1952 2763 2009 2811 et

420 2858 597 2913 usque
641 2845 697 2899 in
750 2846 894 2900 diem
945 2846 1115 2902 hunc.
1149 2845 1219 2901 Et
1270 2847 1397 2902 misi
1435 2838 1639 2939 uisos
1669 2862 1861 2901 omnes
1891 2861 2009 2902 ser-

420 2949 519 2990 vos
552 2950 702 2991 meos
730 2937 1043 3008 prophetas,
1056 2938 1157 2997 ,die
1188 2938 1257 3009 (ι)
1282 2947 1335 2993 et
1358 2937 1641 3028 man‘suet
1671 2938 1815 3003 misi,
1837 2937 1927 2992 26.
1951 2946 2007 2992 et

420 3041 532 3082 non
608 3028 939 3084 audiverunt
984 3046 1092 3098 me,
1138 3040 1194 3086 et
1249 3048 1357 3085 nun
1426 3041 1481 3088 at
1510 3012 1779 3122 “Herum
1844 3046 2008 3086 aures

420 3136 632 3177 eorum:
657 3130 711 3177 et
735 3121 1069 3178 indurarunt
1100 3124 1161 3195 (ι)
1193 3125 1461 3180 cervicem
1478 3107 1587 3218 ιἠξ

421 3219 607 3280 patres
639 3212 980 3309 eorum.u27.
1029 3212 1097 3269 Et
1142 3215 1299 3270 dices
1346 3215 1431 3309 eis
1476 3212 1790 3309 {amonem
1838 3214 2008 3281 hunc,

425 3305 492 3370 λδ(
533 3310 587 3357 et
620 3318 732 3359 non
763 3305 988 3360 audient
1034 3314 1109 3370 te,
1158 3315 1217 3361 et
1272 3308 1497 3363 vocabis
1518 3305 1649 3374 eos,
1678 3317 1733 3362 et
1771 3323 1882 3362 non
1923 3322 2012 3363 re-

424 3394 774 3462 spondebunt
800 3397 924 3461 tibi,
948 3396 1039 3452 28.
1066 3408 1121 3453 et
1150 3398 1301 3453 dices
1329 3401 1411 3455 eis
1446 3400 1467 3467 1
1498 3418 1511 3454 :
1543 3398 1669 3455 Haec
1700 3415 1858 3469 gens,
1889 3415 2013 3470 quae

427 3500 534 3539 non
565 3486 775 3542 audivit
803 3503 992 3544 vocem
1019 3488 1231 3544 Domini
1270 3489 1362 3544 Dei
1395 3505 1611 3558 eorum,
1645 3508 1825 3562 neque
1855 3508 2009 3547 rece-

425 3578 506 3647 pit
530 3578 876 3649 disciplinam
906 3601 920 3636 :
952 3582 1148 3637 defecit
1176 3582 1329 3647 fides,
1355 3585 1423 3653 χ
1447 3594 1503 3639 et
1531 3586 1743 3640 sublata
1768 3596 1854 3641 est
1886 3587 1906 3654 1
1942 3603 2006 3642 ex

426 3686 521 3725 ore
549 3686 768 3729 eorum.
798 3672 889 3729 29.
926 3674 1004 3744 (υ)
1046 3674 1233 3730 Toude
1278 3687 1447 3747 caput
1487 3686 1663 3745 tuum,
1696 3688 1751 3734 et
1784 3680 2009 3749 projice,

424 3771 481 3815 et
517 3777 673 3818 sume
700 3779 865 3833 super
892 3764 1034 3820 labia
1067 3776 1158 3820 tua
1189 3767 1654 3835 lamentationem;
1678 3769 1805 3838 quia
1830 3785 2015 3841 repro-

425 3854 578 3909 bavit
629 3855 913 3921 Dominus,
966 3867 1020 3912 et
1069 3859 1268 3928 repulit
1309 3862 1715 3931 generationem
1757 3861 1858 3933 (as),
1890 3880 2015 3934 qua:

426 3947 559 4003 facit
583 3948 698 4004 haec
719 3967 731 4003 :
759 3948 847 4005 50.
870 3953 999 4020 quia
1018 3951 1367 4008 feceruntﬁlii
1382 3953 1696 4025 Judaaquod
1717 3956 1920 4011 malum
1936 3956 2012 4027 (ῃ)

429 4047 619 4089 coram
653 4050 763 4103 me,
796 4038 930 4093 dicit
964 4039 1251 4107 Dominus,
1287 4044 1694 4099 constituerunt
1721 4045 2013 4101 abomina-

427 4125 607 4183 tiones
652 4143 783 4187 suas
825 4128 882 4185 in
936 4131 1120 4198 domo,
1167 4149 1275 4203 qua
1317 4134 1631 4190 invocatum
1682 4144 1769 4192 est
1813 4152 2013 4194 nomen

427 4237 611 4276 meum
649 4238 816 4294 super
835 4240 921 4291 ea,
958 4236 1018 4281 ut
1049 4229 1356 4297 polluerent
1378 4245 1500 4285 eam
1528 4249 1542 4285 :
1571 4233 1660 4287 31.
1691 4240 1746 4287 et
1770 4234 2013 4290 aedifica-

427 4320 558 4369 runt
573 4313 649 4383 (ι)
671 4328 824 4370 aram
846 4315 1204 4388 Thaphetliis,
1226 4336 1347 4388 qua:
1362 4330 1447 4377 est
1469 4322 1522 4376 in
1546 4323 1686 4378 valle
1703 4322 1827 4379 Filii
1845 4323 2011 4392 Num,

428 4402 494 4458 ad
525 4406 966 4463 combureudum
999 4408 1143 4466 ﬁlios
1164 4425 1323 4475 suos,
1355 4420 1411 4466 et
1442 4412 1581 4468 tilias
1616 4428 1751 4470 suas
1775 4414 1829 4469 in
1854 4413 2007 4486 igne:

2099 539 2301 610 pelient
2330 526 2385 595 in
2408 539 2720 611 Tbaphetb,
2745 556 2812 597 eo
2845 541 2997 612 quod
3030 559 3144 599 non
3169 543 3242 599 sit
3278 544 3480 601 locus:
3517 548 3605 602 33.
3640 560 3695 605 et

2097 640 2262 687 erunt
2284 633 2487 688 mortui
2517 634 2705 704 populi
2732 633 2899 703 hujus
2932 635 3092 691 cibus
3120 636 3443 693 volucribus
3466 640 3611 704 cceli,
3642 650 3697 695 et

2098 723 2290 781 bestiis
2313 734 2515 783 terrae:
2553 735 2610 783 et
2636 742 2749 782 non
2783 727 2907 793 erit,
2958 727 3055 797 qui
3098 728 3316 783 obviam
3359 738 3469 784 eat.
3506 731 3594 785 31.
3635 731 3699 787 Et

2098 829 2321 871 cessare
2358 816 2556 873 faciam
2584 834 2651 873 ex
2677 818 2914 875 urbibus
2936 818 3114 887 Judaz,
3138 830 3196 875 et
3218 837 3284 876 ex
3311 822 3512 893 plateis
3540 823 3698 881 Jeru-

2100 904 2273 963 salem
2308 906 2384 978 (b)
2421 922 2612 963 vocem
2639 908 2965 973 laetantium,
2995 918 3053 965 et
3084 925 3274 966 vocem
3317 912 3697 981 gaudentium,

2102 1012 2292 1053 vocem
2319 999 2530 1070 sponsi,
2557 1010 2612 1057 et
2635 1016 2822 1058 vocem
2846 1016 3095 1073 sponsae;
3114 1004 3242 1073 quia
3261 1002 3314 1058 in
3336 1005 3701 1061 vastationem

2100 1092 2207 1147 erit
2244 1100 2412 1147 terra.
2922 1098 2923 1103 ‘

2174 1182 2327 1237 CAP.
2358 1182 2493 1238 Vlll.
2517 1214 2585 1227 —-
2608 1185 2659 1239 1.
2702 1182 2762 1239 ιη
2796 1194 3045 1255 tempore
3085 1186 3203 1253 illo,
3235 1187 3372 1243 dicit
3405 1187 3700 1255 Dominus,

2102 1277 2329 1335 effer-ent
2350 1295 2477 1336 ossa
2511 1294 2702 1352 regum
2730 1278 2904 1344 Judae,
2944 1288 3002 1336 et
3041 1294 3169 1338 ossa
3215 1283 3532 1354 principum
3559 1285 3701 1353 ejus,

2102 1377 2159 1424 et
2196 1384 2327 1425 ossa
2357 1371 2707 1427 sacerdotum
2741 1382 2797 1426 et
2837 1384 2965 1426 ossa
3008 1371 3430 1442 prophetarum,
3480 1382 3538 1427 et
3576 1388 3701 1430 ossa

2103 1476 2295 1518 eorum
2320 1463 2415 1533 qui
2454 1462 2706 1520 habitant
2735 1463 2791 1517 in
2820 1462 3156 1532 Jerusalem,
3195 1479 3263 1521 ex
3302 1466 3582 1536 sepulcris
3612 1482 3699 1523 eo’

2102 1570 2249 1618 rum,
2276 1557 2333 1609 2.
2358 1565 2414 1611 et
2438 1555 2756 1625 expandent
2777 1570 2842 1610 ea
2880 1555 2952 1626 (c)
2981 1556 3049 1610 ad
3084 1556 3278 1623 solem,
3311 1570 3379 1611 σε-
3412 1566 3470 1612 et
3510 1558 3581 1611 ad
3622 1558 3704 1613 lu-

2078 1654 2331 1715 ,uam,et
2354 1646 2420 1701 ad
2451 1661 2645 1717 omnes
2675 1647 2863 1705 stellas
2890 1648 2938 1716 1,
2978 1657 3033 1701 et
3077 1649 3144 1702 ad
3193 1662 3415 1703 omnem
3448 1649 3704 1704 militiam

2104 1737 2253 1804 cmli,
2275 1753 2399 1808 quae
2425 1745 2705 1805 amarunt,
2740 1746 2796 1794 et
2833 1739 3038 1808 quibus
3077 1739 3367 1795 coluerunt
3387 1741 3701 1806 servitium,

2109 1838 2165 1883 et
2192 1843 2335 1899 quos
2359 1828 2714 1884 ambularunt
2746 1840 2871 1901 post
2908 1844 3030 1895 eos,
3063 1841 3119 1885 et
3146 1831 3356 1900 quibus
3390 1832 3475 1901 (ά)
3518 1832 3705 1887 adhae-

2108 1931 2320 1985 serunt,
2343 1929 2399 1976 et
2425 1936 2548 1991 quae
2576 1922 2944 1977 adoraverunt
2972 1937 3059 1978 ea.
3094 1921 3165 1992 (ε)
3190 1920 3314 1978 Non
3351 1923 3705 1994 plangentur,

2108 2026 2289 2082 neque
2313 2014 2669 2082 sepelientur:
2698 2014 2767 2084 (f)
2808 2016 2863 2070 in
2895 2015 3198 2072 ludibrium
3225 2032 3395 2088 super
3427 2015 3575 2073 facie
3603 2028 3708 2073 ter-

2106 2118 2185 2158 ra:
2214 2114 2397 2159 erunt.
2431 2105 2484 2159 5.
2518 2104 2657 2173 Quia
2686 2106 2761 2177 (9)
2805 2107 3090 2177 elegerunt
3131 2117 3390 2174 mortem,
3426 2125 3599 2179 quam
3630 2109 3711 2163 vi-

2112 2204 2240 2250 tam.
2279 2196 2344 2251 Et
2393 2200 2652 2255 omnibus
2706 2199 2973 2264 residuis,
3019 2202 3114 2271 qui
3167 2202 3340 2257 relicti
3394 2201 3605 2259 fuerint
3645 2218 3707 2256 es

2109 2290 2461 2357 generatione
2507 2293 2577 2360 31(
2613 2292 2758 2347 mala
2799 2292 2824 2360 1
2859 2293 2971 2357 illa,
3028 2294 3106 2364 (Il)
3145 2294 3199 2349 in
3258 2296 3409 2348 omni
3468 2295 3613 2359 loco,
3645 2297 3709 2362 χ

2108 2378 2202 2444 iis,
2246 2380 2340 2449 qui
2393 2382 2570 2436 relicti
2620 2382 2827 2437 fuerint
2872 2383 2921 2450 1,
2962 2383 3023 2454 (ἢ
3050 2399 3405 2455 quocumque
3448 2386 3715 2454 expulero

2110 2486 2206 2525 eos
2231 2473 2382 2538 illuc,
2413 2476 2480 2540 >εί
2508 2474 2641 2529 dicit
2671 2473 2942 2530 Dominus
2981 2476 3251 2530 virtutum
3284 2476 3332 2545 1.
3371 2478 3430 2531 4.
3462 2475 3534 2530 Ει
3562 2476 3715 2531 dices

2110 2565 2177 2630 >ερ<
2204 2562 2273 2617 ad
2297 2578 2392 2618 eos
2417 2566 2465 2633 1,
2486 2565 2632 2634 quod
2660 2565 2776 2620 haec
2806 2566 2939 2621 dicit
2972 2565 3244 2623 Dominus
3269 2586 3282 2622 :
3308 2567 3453 2622 Num
3480 2569 3579 2638 qui
3619 2585 3715 2622 ca-

2111 2654 2212 2717 dit,
2258 2670 2366 2709 non
2416 2657 2679 2723 resurgit?
2707 2656 2762 2709 5.
2806 2666 2903 2711 aut
2933 2658 3027 2726 qui
3057 2658 3306 2723 dicessit,
3343 2673 3457 2714 non
3498 2675 3561 2715 se
3583 2675 3715 2714 cou-

2112 2755 2283 2801 vertet
2319 2747 2341 2799 ?
2381 2746 2563 2813 Quare
2618 2764 2847 2805 aversus
2902 2762 2987 2806 est
3060 2752 3291 2821 populus
3356 2752 3469 2817 hic,
3529 2754 3597 2818 Χ
3664 2762 3717 2806 et

2110 2836 2416 2894 Jerusalem
2453 2840 2474 2907 1
2520 2842 2807 2897 aversione
2848 2842 2921 2913 (lt)
2960 2843 3293 2914 importuna,
3334 2852 3391 2898 et
3422 2844 3554 2899 victi
3590 2841 3716 2897 fue-

2112 2940 2243 2985 runt
2271 2932 2325 2985 in
2356 2932 2588 2987 arbitrio
2615 2948 2741 2998 suo,
2785 2944 2841 2990 et
2889 2952 2999 2991 non
3045 2937 3342 2992 voluerunt
3380 2952 3444 2993 se
3481 2951 3717 2993 conver-

2114 3031 2228 3078 tere
2249 3022 2272 3077 ?
2297 3022 2351 3078 6.
2379 3024 2442 3096 (ι)
2472 3025 2752 3082 Attendite
2787 3044 2955 3095 nunc,
2980 3037 3035 3083 et
3056 3031 3262 3084 audite.
3294 3027 3493 3083 Nonne
3521 3028 3606 3083 sic
3641 3027 3721 3080 lo-

1593 3141 1654 3178 .m
1694 3124 1815 3194 plus
1842 3139 2007 3194 quam
2038 3155 2080 3214 ο
2113 3125 2383 3187 quuntur,
2422 3134 2532 3174 non
2576 3129 2661 3176 est
2703 3120 2892 3185 bomo,
2941 3121 3038 3191 qui
3092 3122 3472 3191 paenitentiam
3510 3129 3641 3190 agat
3688 3134 3720 3173 a

2124 3210 2331 3264 malitia
2357 3226 2481 3276 sua,
2510 3211 2701 3268 dicens
2738 3231 2751 3267 :
2794 3211 2937 3279 Quid
2980 3212 3123 3269 feci?
3150 3214 3401 3270 Cessavit
3421 3226 3661 3268 currens
3688 3226 3722 3264 a

2119 3313 2285 3354 cursu
2326 3316 2448 3367 suo,
2485 3301 2628 3356 sicut
2676 3317 2853 3372 equus
2893 3303 2991 3374 (nt)
3038 3303 3255 3360 irruens
3287 3307 3376 3374 (")
3405 3304 3464 3358 in
3497 3303 3723 3357 hinnitu

2122 3409 2249 3448 suo.
2285 3393 2335 3449 7.
2372 3393 2439 3449 Et
2468 3396 2546 3464 (ιι)
2575 3396 2728 3451 asida
2757 3397 2812 3451 in
2842 3401 2986 3454 cmlo
3006 3399 3269 3470 cognovit
3292 3407 3510 3468 tempus
3529 3412 3726 3459 suum.

2124 3494 2323 3551 turtur,
2360 3487 2434 3555 (ο)
2465 3497 2520 3542 et
2555 3488 2810 3549 hirundo.
2851 3504 2906 3545 -ἰ-
2964 3491 3193 3546 avicula:
3234 3490 3351 3561 agri
3381 3489 3407 3557 1
3442 3488 3730 3545 custodie-

2120 3586 2252 3631 runt
2285 3580 2353 3645 Χ
2383 3580 2681 3649 tempora1
2747 3568 3096 3650 ingressuum
3153 3596 3423 3638 suorum:
3479 3580 3732 3651 populus

2124 3680 2304 3725 autem
2320 3685 2476 3726 meus
2498 3687 2608 3728 non
2630 3676 3217 3745 cognoveruntjuilicia
3236 3675 3476 3731 Domini.
3495 3675 3551 3729 8.
3567 3674 3727 3741 Quo-

2124 3764 2288 3819 modo
2315 3764 2496 3821 dicitis
2534 3781 2549 3819 :
2593 3765 2751 3832 Quod
2792 3767 3070 3837 sapientes
3122 3784 3317 3825 sumus
3366 3784 3495 3836 nos,
3546 3778 3607 3823 et
3642 3768 3729 3822 lex

2123 3854 2340 3909 Domini
2367 3866 2451 3912 est
2481 3858 2815 3915 nobiscum?
2847 3863 2914 3927 λ(
2942 3859 3171 3931 Propter
3204 3861 3310 3917 hoc
3345 3860 3369 3928 1
3418 3860 3475 3916 in
3517 3876 3726 3914 vanum

2122 3945 2304 4004 factus
2329 3958 2414 4003 est
2445 3950 2693 4007 calamus
2724 3954 2960 4009 mendax
2998 3942 3220 4010 scribis.
3272 3954 3327 4009 9.
3362 3952 3729 4008 Erubuerunt

2125 4040 2423 4111 sapientes,
2450 4053 2791 4111 expaverunt
2812 4085 2828 4110 ,
2854 4056 2911 4100 et
2949 4048 3092 4117 capti
3122 4058 3289 4111 sunt;
3328 4045 3459 4116 quia
3491 4046 3726 4099 verbum

2124 4129 2343 4185 Domini
2372 4134 2756 4202 reprobarunt.
2807 4137 2887 4206 (ρ)
2916 4136 3197 4207 Sapientia
3241 4138 3317 4207 (q)
3368 4151 3498 4207 quae
3543 4146 3635 4192 est
3672 4138 3722 4190 in

2122 4223 2248 4279 eis?
2278 4223 2364 4279 10.
2414 4223 2645 4295 Propter
2685 4226 2792 4282 boc
2841 4227 2985 4283 dabo
3027 4242 3227 4285 uxores
3253 4243 3450 4283 eorum
3482 4227 3635 4295 aliis,
3674 4240 3723 4280 et

2124 4333 2287 4389 agros
2311 4332 2504 4374 eorum
2535 4320 2885 4377 heredibus:
2920 4323 2988 4387 )t(
3018 4322 3146 4391 quia
3176 4336 3207 4375 a
3249 4335 3422 4390 parvo
3447 4335 3646 4376 eorum
3673 4332 3723 4373 et

2124 4425 2303 4480 usque
2332 4411 2399 4465 ad
2429 4426 2689 4479 magnum
2721 4427 2914 4467 eorum
2935 4412 3275 4486 quicumque
3300 4411 3483 4466 illudit
3506 4409 3719 4470 fraude,

427 4494 572 4563 quod
604 4510 712 4552 non
742 4498 975 4569 pracepi
996 4499 1094 4565 eis,
1118 4515 1297 4570 neque
1324 4502 1558 4573 cogitavi
1586 4504 1643 4558 iu
1676 4506 1846 4561 cordo
1871 4521 2015 4562 meo.
2051 4515 2097 4571 n
2124 4522 2155 4561 a
2188 4507 2451 4577 propheta
2495 4522 2671 4579 usque
2722 4508 2791 4563 ad
2836 4508 3177 4564 sacerdotem
3222 4508 3567 4578 quicumque
3595 4505 3720 4560 facit

428 4588 519 4642 32.
549 4586 779 4660 Propter
810 4593 914 4649 hoc
942 4608 1071 4648 ecce
1104 4594 1230 4651 dies
1270 4595 1519 4663 veniunt,
1553 4596 1687 4652 dicit
1725 4596 2012 4662 Dominus;

428 4691 620 4739 etnon
664 4685 847 4742 dicent
879 4685 1137 4757 amplius,
1176 4688 1285 4743 Ara
1342 4685 1703 4758 Tbapbethis,
1751 4700 1808 4746 et
1858 4692 2015 4746 vallis

2124 4599 2442 4669 iniquitates
2472 4619 2485 4654 :
2522 4601 2607 4655 11.
2638 4609 2693 4656 et
2718 4611 2987 4657 curarunt
3015 4600 3349 4657 fractionem
3376 4599 3505 4655 illim
3534 4599 3716 4670 populi

2124 4693 2229 4748 mei
2277 4708 2441 4763 super
2473 4693 2851 4764 ignominiam,
2882 4694 3149 4761 dicentes,
3185 4693 3323 4759 Pax,
3348 4709 3477 4765 pax,
3509 4703 3568 4748 et
3610 4708 3715 4749 non

2820 4799 2851 4815 Ι

501 4975 579 5045 (κ)
627 4974 1010 5057 8.,‘d_epsun_t.
1086 4980 1167 5057 (ο)
1204 4979 1456 5052 Reliqui,
1485 4980 1873 5057 κείρω.οωί.
1916 4982 2114 5048 Aliter,
2147 4984 2369 5057 reginae.
2450 4985 2529 5056 (p)
2568 4988 2660 5048 Α.,
2696 4986 2780 5057 8.,
2818 4985 3166 5043 redundabit.
3252 4987 3327 5057 (q)
3354 4989 3448 5054 Α.,
3478 4986 3567 5052 8.,
3606 4989 3716 5043 fru-

429 5056 599 5120 ctum.
672 5047 743 5115 (τ)
769 5046 995 5120 Reliqui,
1042 5046 1398 5109 inclinarunt.

431 5116 554 5181 plus
580 5132 744 5186 quam
776 5116 959 5186 patres
982 5116 1203 5177 eorum.

428 5187 814 5243 rectitudinem
873 5187 1337 5247 lamentationem.

434 5254 518 5328 8.,
550 5259 769 5313 excelsa
805 5257 1125 5328 Thapbetis.

433 5326 638 5399 Dinon.
715 5328 794 5399 (a)
826 5326 1032 5393 A.,‘S.,
1068 5326 1432 5389 mactationis.

430 5397 512 5468 (ά)
558 5397 649 5457 Δ..
691 5397 814 5468 quae
863 5402 1260 5470 quaesiverunt.

431 5483 583 5554 more
604 5470 749 5554 plus,
771 5486 939 5554 quam
966 5473 1098 5527 vita.

429 5538 493 5607 (ι)
532 5538 746 5609 Α.,ί8.,
785 5538 1016 5599 intuitus
1056 5538 1281 5609 sumfet
1328 5538 1535 5599 audivi.

431 5609 590 5684 dicis;
625 5608 888 5684 Νοτιεῖς.

1364 5404 1559 5476 (e)_A.,
1604 5422 1710 5459 nun
1741 5404 2083 5476 colligentur.

1207 5473 1283 5543 (Ir)
1309 5472 1401 5538 Α.,
1431 5472 1517 5539 8.,
1546 5475 1600 5529 in
1630 5472 1893 5531 omnibus
1926 5478 2080 5532 locis.

1475 5050 1661 5129 (s)'A.,
1691 5050 1775 5119 8.,
1811 5068 1937 5108 cum
1973 5070 2005 5124 p

2117 5050 2247 5112 θηῙὸ
2278 5066 2333 5111 ct
2356 5050 2534 5129 Initio.
2611 5056 2675 5129 (ι)
2711 5050 2797 5121 8.,
2824 5058 3070 5129 cervices
3100 5050 3443 5121 suasf'male'
3464 5050 3718 5113 fecerunt

1282 5122 1361 5195 (u)
1527 5121 1693 5199 tonde
1732 5138 1945 5179 comam
1966 5121 2243 5199 ;sanct‘am
2309 5121 2775 5199 nazireatus'r'tui,
2827 5138 2882 5199 et
2925 5128 3198 5199 disperge,
3242 5138 3297 5182 et
3337 5144 3498 5183 sume
3551 5146 3715 5199 super

1416 5195 1494 5270 (φ)
1530 5194 1753 5270 {tuine
1786 5210 1917 5250 sum.
1957 5194 2005 5250 8.

2117 5195 2163 5270 ui
2197 5196 2369 5251 iratus
2401 5206 2503 5270 est.
2582 5198 2660 5269 (y)
2699 5200 2789 5263 Α.,
2830 5198 2916 5270 8.,
2949 5194 3227 5270 iii-oculis
3260 5199 3422 5253 meis.
3505 5200 3578 5270 (ε)
3620 5194 3709 5263 21..

1205 5264 1282 5335 (·)ί
1304 5262 1379 5318 lta
1413 5262 1497 5320 bis
1532 5263 1593 5335 in
1636 5264 1860 5335 Syriaco
1890 5273 2062 5321 textu.
2099 5266 2276 5334 Quam
2315 5262 2655 5323 iterationem
2686 5284 2793 5323 non
2832 5269 3035 5323 habent
3069 5267 3231 5323 Hebr.
3280 5278 3335 5321 et
3368 5286 3476 5323 ιιι
3513 5262 3707 5324 nostri.

1513 5334 1588 5403 (bl
1621 5334 1712 5401 A.,
1744 5350 1934 5390 vocem
1972 5340 2181 5406 gaudii,
2212 5348 2265 5391 et
2296 5352 2484 5393 vocem
2525 5340 2846 5393 lmtantium.

2925 5340 2995 5409 (ο)
3034 5339 3126 5404 Α..
3161 5340 3216 5393 in
3245 5338 3365 5394 sole
3388 5350 3443 5394 et
3475 5340 3531 5395 in
3558 5341 3701 5395 luna.

2191 5408 2524 5480 (f)1A.,_S.,
2570 5411 2622 5462 in
2664 5410 2880 5480 limum.
2938 5408 2941 5409 ⁷
2990 5410 3069 5479 (g)
3113 5413 3202 5480 Α..
3237 5409 3366 5470 ΤΙι..
3393 5420 3450 5464 et
3476 5411 3712 5480 eligetur

2160 5478 2223 5548 (i)
2260 5478 2354 5540 A.,
2391 5478 2473 5547 8.,
2512 5494 2621 5543 quo
2654 5479 2885 5550 dispersi
2919 5478 3055 5534 eos.
3112 5479 3184 5550 (k)
3216 5480 3309 5544 A.,
3345 5480 3435 5544 8.,
3468 5478 3708 5550 litigosa.

1612 5546 1709 5621 (nt)
1754 5547 1845 5612 Α.,
1870 5546 2077 5621 effusus
2104 5546 2409 5621 in‘bellurn.
2466 5550 2572 5621 r(")
2607 5556 2763 5621 mam
2796 5549 3083 5621 legendum
3112 5546 3265 5620 puto,
3302 5566 3402 5621 pro
3429 5546 3581 5615 ιωνῇ
3612 5566 3709 5607 co-

667 5613 1448 5703 [ςςρείοκ,ςημέοεηεξοοειεερ
1485 5613 1861 5703 summa.
1908 5616 1984 5703 (ο)
2137 5622 2307 5703 tem.
2330 5613 2593 5703 [γοτςίιιὴι
2619 5613 2769 5703 «ψίξέ
2797 5613 2996 5703 eam
3023 5620 3077 5674 in
3108 5613 3320 5703 indice;
3343 5613 3705 5703 τωρωι-πρυ

430 5690 513 5749 est
557 5678 867 5749 Syriacum]
898 5678 991 5739 sed
1027 5678 1277 5740 Graecum
1328 5678 1529 5749 τέτὲιξ,
1560 5678 1768 5741 cicada.
1820 5678 1926 5741 Pro
1966 5678 2115 5742 sese;

2164 5687 2554 5763 quod'Latine
2605 5687 2775 5745 edidit
2804 5687 3069 5762 Norberg,
3098 5687 3467 5763 reposuimits,
3523 5694 3696 5748 (sttit.

432 5748 669 5827 Dinon]
695 5763 749 5808 et
778 5754 1035 5814 hirundo.
1117 5754 1194 5826 (p)
1236 5756 1327 5823 A.,
1366 5752 1448 5823 S.,
1481 5748 1747 5826 sapientia
1780 5756 1940 5829 cujus
1972 5758 2075 5815 eis.
2156 5748 2230 5832 (ᾇ)
2260 5759 2529 5833 Amplius.
