3902 6508
499 379 640 439 2319

1676 387 1907 443 CODEX
1952 387 2609 446 SYROéllEXAPLARlS

3628 387 3754 445 2320

499 492 664 566 'stras,
702 501 944 571 ingressa
994 511 1078 558 est
1120 501 1196 572 (g)
1242 494 1294 556 in
1341 508 1554 556 terram
1588 513 1823 558 vestram
1866 503 1932 558 ad
1967 518 2089 574 per-
2119 510 2164 564 Α
2194 501 2262 555 tis
2298 519 2312 556 :
2359 501 2475 567 dii,
2510 500 2604 570 qui
2639 499 2840 555 coelum
2871 509 2924 554 et
2957 509 3157 556 terram
3203 517 3315 556 non
3346 500 3617 563 fecerunt,
3653 516 3786 569 per--

502 593 738 647 dendum
783 593 1041 662 parvulos
1075 609 1105 647 a
1142 593 1300 656 foris,
1331 599 1386 647 et
1427 591 1658 664 juvenes
1695 594 1763 648 de
1792 593 1986 664 plateis
2020 595 2090 664 χ

502 693 695 737 morte.
729 682 820 736 22.
853 681 980 737 Haec
1008 681 1143 738 dicit
1171 683 1436 738 Dominus
1465 681 1488 750 1
1520 698 1533 735 :
1562 683 1638 752 (Ir)
1666 681 1730 736 Et
1756 691 1917 738 erunt
1944 697 2090 736 mor—

500 774 580 827 tui
603 774 888 852 hominum
911 775 1206 830 ludibrium
1225 790 1388 845 super
1405 774 1543 830 facie
1559 775 1734 845 campi
1759 789 1819 830 -ι-
1838 784 2089 830 terrave-

500 877 626 920 strae
653 866 700 933 1,
728 876 780 922 et
811 877 870 922 ιιι
898 867 1103 923 foenum
1133 882 1256 938 post
1283 883 1605 928 messorem,
1635 876 1687 922 et
1712 883 1816 921 non
1845 867 1966 930 erit,
1993 867 2086 937 qui

499 969 817 1030 congregat.
852 961 944 1014 25.
991 959 1114 1015 Haec
1149 959 1280 1014 dicit
1307 957 1577 1012 Dominus
1617 976 1632 1011 :
1673 955 1792 1012 Non
1823 957 2088 1028 glorietur

500 1051 719 1118 sapiens
754 1048 807 1104 in
841 1051 1109 1120 sapientia
1142 1067 1264 1116 sua,
1297 1059 1351 1105 et
1386 1065 1495 1104 non
1537 1049 1800 1120 glorietur
1841 1047 2002 1103 fortis
2031 1048 2084 1103 in

501 1142 822 1198 fortitudine
868 1159 988 1209 sua,
1024 1153 1078 1198 et
1125 1158 1233 1198 non
1287 1140 1551 1211 glorietur
1597 1139 1751 1194 dives
1791 1139 1844 1194 in
1881 1138 2086 1194 divitiis

503 1235 622 1289 suis
654 1253 666 1288 :
697 1235 788 1289 21.
828 1235 919 1288 sed
949 1235 1002 1288 in
1034 1234 1138 1288 hoc
1165 1232 1427 1303 glorietur
1451 1230 1546 1300 qui
1572 1230 1856 1302 gloriatur,
1885 1227 2087 1283 intelli-

497 1341 644 1394 gere,
676 1338 726 1379 et
757 1341 920 1379 nosse
943 1340 1046 1388 me,
1088 1323 1231 1392 quod
1262 1337 1363 1393 ego
1389 1337 1514 1377 sum
1556 1321 1822 1375 Dominus
1841 1319 1932 1389 qui
1956 1317 2087 1374 facit

496 1401 955 1482 misericordiam,
973 1425 1028 1470 et
1052 1415 1342 1484 judicium,
1362 1423 1415 1470 et
1434 1413 1702 1484 justitiam
1723 1428 1888 1482 super
1917 1421 2082 1478 terra;

495 1511 623 1580 quia
642 1509 695 1562 in
715 1508 799 1563 his
817 1511 1068 1562 voluntas
1088 1505 1370 1570 mea,dicit
1388 1505 1669 1560 Dominus.
1693 1505 1784 1558 25.
1807 1503 1944 1560 Ecce
1967 1505 2085 1560 dies

494 1601 744 1663 veniunt,
774 1600 905 1654 dicit
940 1597 1226 1661 Dominus,
1259 1606 1314 1652 et
1351 1598 1587 1653 visitabo
1617 1597 1675 1666 (ἱ)
1702 1612 1865 1665 super
1893 1611 2083 1652 omnes

496 1691 852 1747 circumcisos
895 1691 1179 1761 praeputiis
1213 1690 1330 1746 suis
1363 1708 1378 1744 :
1421 1689 1510 1743 26.
1562 1705 1728 1760 super
1761 1688 2079 1760 Egyptum,

420 1771 427 1778 ’
494 1793 548 1836 et
575 1799 741 1852 super
771 1781 1036 1848 Iudaeam,
1065 1793 1118 1838 et
1144 1798 1307 1852 super
1335 1782 1647 1847 ldumream,
1674 1792 1728 1837 et
1755 1797 1919 1851 super
1939 1781 2081 1838 filios

2191 603 2318 648 eant
2349 609 2416 649 ex
2450 603 2614 657 terra,
2653 600 2708 648 et
2737 607 2804 648 ex
2841 593 2945 648 sub
2993 593 3134 648 caelo
3179 597 3304 648 hoc.
3363 593 3454 646 12.
3499 590 3764 656 Dominus,

2191 686 2283 755 qui
2320 684 2447 740 fecit
2475 693 2676 739 terram
2704 684 2758 738 in
2795 685 2994 739 robore
3022 699 3145 749 suo,
3173 685 3267 754 qui
3299 687 3379 754 (ει)
3413 692 3626 738 rectum
3654 682 3767 737 fecit

2189 777 2374 832 orbem
2410 777 2466 830 in
2502 775 2768 846 sapientia
2808 791 2906 831 sua
2933 773 3036 840 ,‘et
3077 777 3129 829 in
3181 777 3369 831 subtili
3426 775 3765 844 intelligentia

2190 884 2288 925 sua
2341 868 2587 924 extendit
2625 868 2852 931 cmlum,
2916 868 2998 922 l5.
3041 871 3108 935 Χ
3141 877 3197 922 et
3240 868 3333 946 qui
3373 867 3451 938 (ι)
3499 867 3553 920 in
3596 881 3765 921 vocem

2189 960 2285 1014 dat
2315 960 2339 1029 1
2371 961 2778 1015 multitudinem
2810 975 2966 1029 aqua:
2994 960 3050 1014 in
3079 960 3224 1014 caelo
3263 977 3276 1014 :
3311 967 3368 1013 et
3393 959 3586 1012 eduxit
3615 959 3768 1014 nubes

2189 1053 2258 1106 ab
2287 1061 2531 1107 extremo
2577 1061 2736 1107 terra:
2783 1069 2798 1106 :
2844 1051 3058 1121 fulgura
3103 1051 3300 1120 pluvia:
3332 1049 3489 1115 fecit,
3519 1058 3575 1104 et
3599 1052 3770 1105 eduxit

2189 1150 2385 1197 ventos
2413 1156 2480 1196 ex
2507 1142 2780 1197 thesauris
2811 1142 2950 1197 suis.
2982 1142 3070 1197 M.
3100 1139 3365 1196 lnsanivit
3402 1141 3590 1195 omnis
3618 1141 3771 1194 homo

2189 1247 2217 1287 a
2259 1234 2486 1288 scientia
2522 1248 2537 1287 :
2585 1233 2808 1288 erubuit
2853 1233 3035 1287 omnis
3081 1232 3329 1287 conflans
3374 1248 3578 1287 aurum
3623 1248 3773 1301 super

2188 1323 2532 1394 sculptilibus
2561 1339 2776 1389 eorum,
2804 1323 2935 1392 quia
2981 1321 3121 1377 falsa
3149 1322 3462 1377 conflarunt
3510 1340 3525 1377 :
3569 1338 3677 1377 nou
3703 1331 3782 1377 est-

2189 1415 2412 1482 spiritus
2445 1415 2499 1469 in
2528 1414 2630 1470 eis.
2665 1415 2752 1469 15.
2793 1412 2945 1469 Vana
2976 1421 3109 1468 sunt
3137 1429 3324 1483 opera,
3362 1415 3445 1484 (a)
3482 1414 3650 1468 infixa
3683 1414 3767 1468 :in

2185 1518 2430 1576 tempore
2468 1507 2801 1562 visitationis
2837 1521 2951 1561 sua:
2983 1507 3258 1576 peribunt.
3299 1507 3390 1561 16.
3432 1505 3558 1561 Non
3589 1516 3670 1561 est
3696 1508 3769 1560 in-

2186 1612 2298 1658 star
2325 1603 2486 1672 hujus
2521 1618 2647 1671 pars
2678 1600 2907 1667 Jacobo,
2956 1602 3217 1671 quoniam
3246 1603 3342 1669 qui
3376 1600 3642 1656 formavit
3669 1616 3769 1655 ont-

2187 1693 2298 1758 nia,
2332 1693 2448 1762 ipse
2479 1695 2547 1762 >κ
2573 1700 2657 1747 est
2687 1693 2762 1762 (ὸ)
2788 1699 2844 1746 et
2882 1690 3048 1746 Israel
3091 1691 3114 1758 1
3148 1690 3220 1760 (c)
3255 1691 3410 1760 virga
3449 1689 3767 1744 hereditatis

2187 1785 2347 1853 ejus:
2381 1782 2647 1838 Dominus
2670 1784 2935 1838 virtutum
2969 1797 3167 1837 nomen
3201 1783 3279 1852 (ά)
3303 1782 3375 1836 ei.
3409 1781 3503 1837 17.
3540 1781 3612 1852 (e)
3639 1782 3764 1836 Con-

494 1875 754 1938 Anuuou,
791 1888 854 1929 -ε-
895 1883 949 1928 et
989 1890 1152 1944 super
1201 1874 1345 1929 filios
1375 1875 1398 1944 1
1449 1872 1636 1939 Moab,
1669 1881 1724 1927 et
1761 1888 1924 1944 super
1958 1888 2081 1928 om-
2115 1852 2155 1906 Β
2188 1852 2430 1946 gregavit
2459 1893 2489 1930 a
2521 1875 2656 1930 foris
2696 1875 3060 1930 substantiam
3097 1884 3269 1933 tuam.
3311 1874 3382 1944 (Γ)
3412 1888 3539 1944 qua:
3573 1874 3768 1927 habitat

495 1982 618 2019 nem
659 1968 966 2022 tendentem
1005 1983 1128 2038 quae
1154 1982 1319 2037 super
1353 1967 1550 2022 faciem
1588 1983 1769 2031 suam,
1803 1967 1896 2036 qui
1929 1967 2085 2021 habi-

495 2063 611 2108 tant
636 2055 690 2108 in
709 2055 924 2110 deserto
942 2072 957 2117 ;
975 2058 1104 2126 quia
1120 2071 1311 2112 omnes
1327 2066 1512 2126 gentes
1535 2057 1606 2126 (k)
1619 2071 1726 2111 non
1747 2057 2084 2114 circumcisae

497 2157 560 2198 -Ξ-
594 2159 759 2199 carne
793 2145 856 2212 1,
921 2155 974 2200 et
1008 2146 1189 2200 omnis
1226 2145 1422 2202 domus
1456 2145 1674 2202 lsraelis
1725 2147 1787 2218 (ι)
1826 2162 1935 2202 non
1972 2147 2082 2203 cir-

496 2235 729 2290 cumcisi
768 2236 932 2292 corde
963 2251 1088 2291 suo.

563 2326 696 2396 Cap.
737 2325 1165 2383 X.—-—l.Audite
1190 2328 1593 2399 verbum,quod
1617 2329 1834 2383 locutus
1866 2337 1950 2384 est
1975 2328 2081 2382 Do-

492 2420 674 2473 minus
710 2433 872 2487 super
901 2433 1022 2481 vos,
1049 2418 1246 2473 domus
1277 2417 1517 2474 Israelis.
1551 2419 1608 2473 2.
1650 2418 1775 2474 [lzec
1809 2420 1934 2474 dicit
1972 2419 2077 2473 Do-

491 2510 675 2564 minus
708 2510 730 2577 1
760 2527 772 2562 :
801 2507 964 2564 Juxta
993 2509 1114 2564 vias
1137 2510 1378 2578 gentium
1409 2525 1478 2565 ne
1509 2510 1757 2574 discatis,
1778 2520 1831 2565 et
1852 2527 1880 2564 a
1908 2511 2080 2580 signis

492 2601 615 2655 cmli
647 2616 713 2654 ne
754 2601 1013 2655 metuatis
1047 2601 1142 2668 (ιη)
1180 2601 1202 2668 1
1238 2601 1366 2671 quia
1401 2609 1653 2656 metuunt
1687 2603 1753 2656 ab
1792 2602 1874 2657 eis
1913 2602 2079 2661 facies

491 2709 681 2748 eorum
722 2697 744 2765 1
790 2695 842 2749 5.
881 2695 1010 2766 quia
1058 2695 1296 2765 legitima
1330 2694 1570 2764 gentium
1617 2711 1754 2748 vana
1804 2705 1954 2749 sunt.
1988 2695 2078 2749 Li-

491 2801 681 2856 gnntn,
719 2786 864 2856 quod
903 2802 970 2840 ex
1018 2786 1154 2840 silva
1188 2801 1389 2840 caesum
1417 2827 1430 2851 ,
1457 2799 1619 2855 ‘opus
1650 2788 1718 2855 Χ
1749 2801 2009 2840 manuum
2051 2787 2072 2855 1

491 2879 631 2931 fabri
662 2878 875 2949 lignarii
897 2919 912 2944 ,
944 2889 998 2932 et
1027 2876 1285 2946 conflatio
1308 2920 1322 2943 ,
1354 2877 1408 2934 4.
1443 2886 1689 2950 argento,
1725 2888 1778 2933 et
1820 2893 1956 2934 auro
1984 2880 2079 2935 de-

490 2980 672 3026 corata
718 2979 846 3026 sunt
889 2989 901 3025 :
959 2970 1176 3026 laminis
1214 2969 1407 3026 ferreis
1450 2979 1504 3026 et
1544 2971 1754 3025 malleis
1787 2971 2078 3026 firmarunt

489 3078 575 3124 ea,
607 3072 659 3118 et
685 3079 791 3117 non
812 3063 1205 3118 movebuntur:
1240 3063 1294 3118 9.
1322 3066 1397 3131 (η)
1421 3073 1700 3134 argentum
1731 3063 1803 3135 (ο)
1837 3071 2073 3119 tractum

2187 1967 2241 2019 iu
2277 1967 2488 2021 electis.
2531 1965 2619 2020 18.
2662 1965 2802 2032 Quia
2833 1967 2948 2020 haec
2978 1967 3111 2021 dicit
3145 1965 3416 2021 Dominus
3449 1984 3465 2020 :
3508 1963 3648 2019 Ecce
3678 1981 3766 2035 ego

2187 2057 2260 2126 {9)
2303 2055 2583 2126 projiciam
2617 2072 2710 2111 eos
2743 2057 2837 2126 qui
2873 2057 3124 2111 habitant
3164 2057 3218 2111 in
3268 2067 3412 2112 terra
3459 2057 3569 2112 hac
3601 2058 3653 2111 iu
3697 2058 3766 2111 af-

2183 2148 2444 2213 flictione,
2479 2156 2533 2202 et
2562 2147 2794 2217 afﬂigam
2843 2163 2959 2212 eos,
3003 2156 3063 2202 ut
3095 2149 3171 2218 (It)
3209 2149 3550 2202 inveniatur.
3585 2147 3669 2201 19.
3711 2151 3763 2221 (ἰ)

2184 2239 2276 2293 Va:
2324 2255 2488 2310 super
2540 2240 2808 2294 fraetioue
2848 2249 2936 2292 tua
2977 2255 2990 2292 :
3032 2239 3222 2293 dolore
3265 2239 3461 2292 aﬂecta
3507 2248 3596 2294 cst
3628 2239 3763 2309 plaga

2184 2341 2294 2384 tua.
2332 2330 2506 2384 Etiam
2533 2346 2635 2400 ego
2660 2329 2796 2393 dixi,
2831 2327 2969 2382 Vere
3003 2330 3106 2383 hoc
3141 2329 3341 2382 vulnus
3375 2344 3590 2392 meum,
3622 2329 3692 2397 (Ις)
3719 2338 3765 2384 et

2181 2421 2541 2491 apprehendit
2571 2437 2678 2475 me.
2707 2419 2796 2474 20.
2837 2420 3273 2474 Tabernaculum
3306 2435 3492 2474 meum
3522 2419 3586 2488 (Ι)
3616 2421 3765 2475 mise-

2181 2528 2303 2565 rum
2341 2510 2546 2566 factum
2589 2521 2694 2575 est,
2741 2526 2803 2566 -ε-
2838 2511 3000 2581 periit
3036 2511 3058 2579 1
3089 2553 3105 2577 ,
3141 2521 3197 2566 et
3229 2513 3414 2565 omnia
3447 2513 3621 2565 aulaea
3657 2528 3765 2567 mea

2179 2598 2411 2653 discissa
2443 2608 2592 2652 sunt.
2623 2599 2744 2653 Filii
2772 2600 2902 2666 mei,
2927 2609 2982 2654 et
3001 2614 3132 2654 oves
3160 2615 3294 2655 meae
3320 2615 3432 2656 non
3463 2611 3597 2656 sunt
3630 2620 3643 2654 :
3678 2604 3764 2673 (ιιι)

2180 2707 2289 2744 non
2321 2701 2405 2746 est
2449 2691 2601 2747 locus
2631 2693 2869 2761 amplius
2901 2693 3240 2748 tabernaculi
3293 2694 3400 2749 mei
3428 2735 3444 2760 ,
3478 2694 3637 2749 locus
3678 2712 3765 2749 au-

2181 2783 2401 2837 laeoruni
2429 2799 2696 2852 meorum.
2728 2785 2818 2839 2i.
2851 2783 2990 2851 Quia
3024 2785 3384 2855 desipuerunt
3417 2797 3688 2856 pastores,
3718 2798 3765 2841 et

2179 2871 2470 2927 Dominum
2500 2890 2608 2927 non
2645 2874 3034 2939 quaesiverunt.
3073 2874 3303 2943 Propter
3329 2875 3435 2931 hoc
3470 2893 3582 2931 non
3619 2878 3768 2930 intel-

2180 2964 2311 3018 lexit
2357 2979 2520 3019 omne
2563 2980 2826 3034 pascuum
2872 2983 2886 3019 :
2929 2975 2986 3021 et
3028 2966 3270 3035 dispersi
3311 2975 3464 3023 sunt.
3507 2968 3601 3022 22.
3657 2967 3767 3023 Vox

2177 3057 2421 3111 rumoris
2447 3071 2578 3112 ecce
2621 3058 2789 3124 venit,
2824 3067 2881 3113 et
2930 3059 3233 3115 commotio
3278 3075 3474 3130 magna
3511 3076 3580 3115 ex
3631 3069 3767 3114 terra

490 3161 640 3219 sunt,
666 3167 774 3206 non
815 3152 972 3206 ibunt
1008 3168 1020 3180 ·
1063 3166 1128 3208 σε-
1163 3163 1446 3222 argentum
1477 3153 1786 3224 disruptum
1816 3170 1881 3208 ex
1905 3152 2076 3208 Tharr
2103 3182 2145 3239 ϐ
2180 3150 2475 3219 aquilonis,
2517 3149 2584 3203 ad
2617 3150 2926 3220 ponendum
2965 3152 3131 3206 urbes
3153 3149 3309 3206 Iudae
3335 3152 3389 3206 in
3418 3152 3675 3217 exitium,
3704 3167 3766 3208 -ι-

489 3243 566 3298 sis
600 3258 611 3288 =
654 3243 834 3297 veniet
866 3259 1059 3297 aurum
1096 3244 1172 3314 (ρ)
1207 3243 1433 3313 Μονιιτη
1467 3254 1564 3299 :et
1588 3261 1786 3301 manus
1827 3246 2075 3301 conflan-

491 3334 626 3387 tium
661 3349 896 3387 aurum:
931 3349 1097 3402 opera
1154 3334 1424 3389 artificum
1489 3337 1674 3390 omnia
1715 3354 1727 3390 ;
1780 3338 2078 3408 hyacintho

487 3434 541 3478 et
572 3439 809 3493 purpura
843 3425 1069 3478 induent
1098 3441 1160 3478 ea
1205 3425 1227 3493 1
1270 3440 1284 3476 :
1317 3427 1369 3480 5.
1398 3428 1663 3495 portando
1691 3429 2073 3496 portabuntur,

488 3516 616 3585 quia
648 3531 752 3569 non
790 3515 1062 3570 incedent.
1099 3515 1176 3571 Ne
1222 3517 1461 3572 timeatis
1501 3533 1587 3582 ea,
1621 3520 1748 3588 quia
1778 3535 1885 3574 non
1915 3522 2078 3576 male-

487 3608 708 3671 facicut,
743 3617 797 3663 et
838 3609 1040 3663 bonum
1078 3624 1187 3662 non
1225 3619 1372 3664 sunt.
1415 3609 1467 3664 6.
1521 3615 1586 3680 χ
1627 3609 1781 3666 Unde
1825 3612 1898 3682 (q)
1933 3615 2076 3668 sicut

487 3709 566 3764 tu,
600 3699 848 3766 Domine,
883 3717 1115 3769 magnus
1140 3717 1199 3757 es
1226 3711 1303 3766 tu,
1329 3712 1383 3756 et
1407 3718 1662 3772 magnum
1689 3718 1886 3758 nomen
1921 3714 2072 3760 tuum

486 3789 541 3843 in
575 3791 834 3859 potentia.
871 3790 922 3844 7.
956 3790 1092 3858 Quis
1135 3807 1247 3847 non
1288 3792 1500 3847 timebit
1531 3803 1582 3847 te
1606 3834 1621 3859 ,
1673 3808 1768 3848 rex
1807 3795 2072 3864 gentium,

486 3882 613 3949 quia
649 3879 742 3934 tibi
780 3889 861 3934 est
888 3880 958 3951 (r)
989 3882 1323 3936 conveniens
1355 3883 1610 3949 adorare;
1646 3885 1774 3953 quia
1805 3885 1859 3939 in
1894 3888 2075 3946 omni-

486 3970 586 4047 bus
621 3971 956 4040 sapientibus
981 3973 1248 4042 gentium,
1291 3973 1360 4042 (ε)
1393 3982 1447 4028 et
1474 3975 1529 4027 in
1564 3975 1824 4031 omnibus
1853 3977 2073 4049 regibus

483 4075 674 4115 eorum
704 4061 850 4115 unde
875 4061 1018 4116 sicut
1039 4071 1118 4125 tu,
1151 4059 1500 4117 Domineis.
1531 4063 1594 4133 (ι)
1625 4072 1680 4119 et
1708 4064 1761 4118 in
1795 4081 1904 4120 uno
1929 4075 2069 4122 tem-

484 4168 615 4222 pore
665 4153 1041 4216 incendentur,
1083 4163 1138 4207 et
1185 4153 1630 4220 inlirmabuntur,
1676 4157 1754 4228 (α)
1784 4173 1878 4212 cor
1908 4173 2073 4213 vano-

485 4261 602 4299 rum
634 4245 840 4316 lignum
870 4253 954 4300 est
999 4265 1012 4299 :
1044 4245 1097 4300 9.
1138 4254 1423 4314 argentum
1452 4249 1801 4317 productum,
1831 4251 1978 4320 quod
2003 4267 2066 4307 ex

483 4337 709 4394 'l‘harsis
739 4340 910 4401 venit,
942 4348 995 4394 et
1021 4354 1217 4393 aurum
1254 4338 1331 4410 (at)
1359 4354 1426 4394 ex
1459 4338 1666 4409 Uphaz.
1710 4357 1874 4410 opera
1907 4341 2068 4410 fabri,

480 4439 531 4484 et
568 4444 829 4483 manuum
875 4428 1164 4484 conflantis
1211 4443 1429 4493 aurum,
1476 4429 1808 4500 hyacinthus
1847 4440 1904 4486 et
1939 4447 2071 4501 pur-

2179 3250 2234 3296 et
2267 3241 2287 3309 1
2327 3242 2380 3294 in
2410 3241 2589 3296 cubile
2627 3241 2702 3312 (u)
2734 3243 3338 3298 struthiocamelorum.
3366 3243 3461 3300 25.
3492 3243 3644 3309 Scio,
3674 3243 3772 3297 Do-

2181 3332 2346 3393 mine,
2387 3331 2532 3400 quod
2574 3346 2680 3385 non
2720 3332 2958 3386 hominis
3005 3335 3093 3387 via
3145 3335 3285 3403 eius,
3339 3337 3414 3405 (ο)
3466 3350 3649 3405 neque
3692 3335 3773 3389 vir

2179 3411 2280 3475 ibit
2311 3421 2408 3492 (ρ),
2439 3433 2492 3476 et
2514 3423 2710 3493 diriget
2737 3425 2805 3490 >ε<
2841 3423 2948 3478 iter
2978 3441 3142 3479 suum
3177 3425 3198 3493 1
3236 3463 3253 3479 .
3279 3425 3372 3482 24.
3403 3426 3628 3496 Castiga
3651 3443 3772 3489 nos,

2177 3510 2429 3573 Domine,
2467 3521 2842 3567 verumtamen
2885 3514 2939 3566 in
2976 3513 3212 3584 judicio,
3253 3525 3309 3570 et
3343 3532 3452 3569 non
3476 3517 3546 3569 in
3589 3517 3776 3570 [ιιι-οη)

2179 3611 2306 3669 tuo;
2338 3605 2466 3673 quia
2502 3619 2611 3658 non
2646 3619 2850 3674 paucos
2892 3604 3061 3662 facies
3109 3622 3210 3662 nos
3246 3625 3261 3661 :
3298 3607 3392 3662 25.
3436 3608 3659 3662 effunde
3691 3608 3775 3660 fu-

2175 3708 2356 3747 rorem
2404 3703 2557 3748 tuum
2601 3712 2768 3765 super
2807 3707 2996 3768 gentes
3037 3698 3200 3764 illas,
3244 3713 3369 3762 qua
3414 3715 3524 3754 non
3571 3716 3776 3768 cogno-

2177 3793 2338 3839 scunt
2361 3796 2430 3850 te,
2460 3795 2514 3841 et
2546 3802 2711 3857 super
2733 3791 2808 3859 (q)
2833 3789 3213 3859 generationes
3245 3789 3388 3853 illas,
3416 3805 3541 3859 qua:
3573 3806 3773 3844 "Omen

2179 3886 2331 3931 tuum
2373 3889 2481 3932 n0n
2516 3880 2886 3946 invocarunt;
2925 3882 3056 3950 quia
3096 3883 3456 3936 comederunt
3494 3882 3689 3947 Jacoh,
3723 3892 3772 3936 et

2175 3983 2397 4038 pessum
2429 3971 2697 4026 dederunt
2723 3988 2870 4039 eum,
2898 3975 2968 4042 ὴ(
2995 3982 3050 4028 et
3089 3984 3524 4029 consumseruut
3554 3991 3678 4028 eum
3725 3977 3767 4041 ξ,

2174 4069 2229 4124 et
2252 4061 2322 4131 (r)
2348 4076 2548 4130 pascua
2578 4078 2771 4118 eorum
2813 4076 3120 4120 vastarunt.

2245 4151 2377 4222 Cap.
2415 4151 2637 4209 XL—l.
2678 4153 2940 4220 Verbum,
2977 4157 3124 4226 quod
3157 4156 3365 4212 factum
3398 4167 3486 4212 est
3525 4160 3591 4212 ad
3623 4157 3768 4213 Iere-

2174 4244 2340 4300 miam
2371 4260 2402 4300 a
2432 4244 2690 4310 Domino,
2719 4246 2906 4304 dicens
2950 4267 2963 4303 :
3006 4248 3061 4302 2.
3099 4249 3299 4302 Audite
3335 4250 3506 4303 verba
3551 4249 3767 4303 foederis

2172 4334 2341 4403 hujus
2377 4353 2390 4390 :
2437 4347 2492 4392 et
2533 4338 2778 4409 loqueris
2819 4342 2886 4393 ad
2929 4340 3076 4396 viros
3117 4340 3292 4405 Judae,
3339 4350 3397 4394 et
3430 4343 3499 4396 ad
3544 4358 3638 4397 eos
3675 4344 3764 4410 qui

2173 4427 2425 4483 habitant
2453 4430 2508 4483 in
2538 4429 2867 4496 Jerusalem,
2902 4432 2954 4485 5.
2989 4440 3042 4484 et
3071 4431 3223 4487 dices
3249 4431 3316 4485 ad
3346 4448 3445 4487 eos
3491 4451 3506 4486 :
3536 4432 3660 4488 Haec
3682 4434 3764 4485 di-

482 4536 616 4590 pura
651 4523 1035 4577 vestimentum
1062 4536 1275 4586 eorum,
1301 4535 1439 4590 opus
1463 4522 1795 4591 sapientium
1825 4523 2012 4578 omnia
2049 4539 2064 4578 :
2100 4515 2144 4570 D
2171 4519 2248 4574 cit
2279 4518 2550 4577 Dominus
2582 4522 2728 4578 Deus
2763 4523 2983 4578 Israelis
3034 4537 3050 4576 :
3087 4522 3414 4579 Maledictus
3451 4523 3637 4587 homo,
3674 4526 3764 4594 qui

481 4613 570 4669 10.
608 4611 876 4669 Dominus
909 4620 1092 4667 autem
1135 4611 1277 4667 Deus
1323 4628 1487 4668 verus
1525 4622 1630 4679 est,
1664 4613 1810 4672 Deus
1853 4615 2064 4683 vivens,

479 4715 532 4759 et
561 4719 655 4759 rex
684 4716 920 4760 aeternus
949 4721 961 4756 :
998 4719 1028 4757 a
1063 4703 1248 4759 furore
1271 4703 1391 4773 ejus
1421 4706 1794 4761 contremiscit
1823 4717 1988 4772 terra,
2012 4718 2068 4763 et

480 4810 590 4850 non
627 4795 976 4851 sustinebunt
1019 4802 1209 4864 gentes
1244 4795 1380 4849 iram
1425 4795 1546 4864 ejus
1585 4793 1633 4863 1.
1672 4795 1760 4850 11.
1802 4796 1903 4852 Sic
1925 4797 2068 4853 dice-

548 4957 622 5028 (g)
659 4958 748 5021 A.,
783 4955 840 5009 in
879 4955 1326 5028 palatiavestra.
1391 4954 1466 5026 (Ιι)
1520 4955 1754 5027 Reliqui,
1790 4967 1845 5012 et
1876 4959 2090 5014 cadent.

475 5026 761 5100 sigillatim
801 5042 846 5123 ε..
876 5026 1499 5123 pati-ualitugquilsun‘t
1532 5028 1584 5080 in
1615 5029 1935 5123 praaputio.0
1979 5029 2050 5101 (k)

2183 5026 2252 5123 ἰἑε

475 5097 841 5166 eipaveseent
863 5107 1052 5166 gentes
1082 5097 1151 5151 ab
1179 5097 1281 5150 eis.
1348 5097 1426 5168 (η)
1453 5097 1636 5179 A.,'ut
1663 5099 1864 5184 palma.
1895 5097 1995 5166 S.,'
2021 5097 2325 5171 rupes'(').'
2378 5103 2422 5185 (ε

475 5178 719 5242 extracta
747 5175 897 5228 sunt,
920 5175 984 5242 et
1011 5178 1120 5220 n0n
1154 5167 1469 5242 loquentur.
1495 5166 1640 5242 _1h.,
1679 5173 1844 5223 inbxa
1873 5179 2021 5224 sunt.
2101 5173 2177 5242 (p)
2209 5171 2422 5241 Ophirt.

1373 5237 1435 5317 (r)
1471 5237 1562 5323 ᾼ..
1603 5248 1656 5291 et
1680 5254 1796 5323 Iuno
1823 5249 2082 5323 tempore.
2109 5237 3308 5323 fienttsine‘int'elligeutia,‘et‘sineingenio.
3341 5237 3423 5323 ξ..
3457 5247 3624 5323 simul
3659 5261 3765 5323 au-

1676 5311 1894 5385 (ιη-ΔΑ..
1929 5313 2189 5367 eruditio.
2231 5384 2234 5385 ν
2268 5313 2346 5384 (.r)
2380 5312 2458 5368 Ex
2491 5311 2682 5385 Uphir.
2762 5314 2838 5385 (y)
2876 5314 2967 5385 Α..
2997 5313 3302 5385 stabiliens.
3335 5313 3421 5378 S.,
3451 5318 3544 5385 qui
3573 5319 3768 5368 contir-

476 5240 545 5310 (ε)
582 5240 649 5294 Et
694 5238 761 5310 in
783 5237 1039 5310 omnibus
1066 5237 1267 5310 regnis.

474 5306 582 5366 tem
615 5309 767 5364 stulti
803 5306 1212 5378 videbuntur’et
1243 5306 1597 5378 desipientes.

473 5390 606 5437 mat.
663 5380 760 5451 μ)
794 5378 885 5451 4.,
921 5376 979 5451 in
1013 5391 1201 5451 vocem
1225 5376 1387 5451 dedit
1402 5378 1483 5433 eis
1515 5376 1920 5451 multitudinem
1965 5398 2141 5451 aquae.

471 5453 638 5524 virga
660 5445 998 5524 haereditatis
1035 5445 1195 5524 ejus:
1240 5446 1513 5524 Dominus
1541 5450 1899 5524 exercituum.
1932 5445 2335 5524 ΣΚΗΠΤΡΟΝ.
2410 5445 2493 5524 ((1)
2533 5455 2694 5510 Deus.

1921 5522 1995 5592 (g)
2027 5522 2330 5595 A.,rfunda
2372 5522 2676 5595 projiciam.

474 5594 538 5663 (Ι)
567 5593 656 5654 A.,
676 5590 958 5663 direptum
989 5598 1092 5652 εει,
1119 5597 1173 5641 et
1195 5602 1392 5663 omnes
1423 5590 1609 5656 paxilli
1643 5589 1878 5663 dispersi
1911 5589 2060 5658 sunt,
2097 5594 2194 5648 ﬁlii
2224 5596 2328 5648 mei
2363 5589 2636 5663 exierunt,
2661 5604 2716 5650 et
2747 5589 2855 5647 non
2881 5589 3029 5648 sunt.

473 5516 596 5590 quae
627 5520 838 5575 habitat
878 5520 932 5573 in
976 5516 1337 5572 munimento.
1381 5517 1466 5582 S.,
1500 5519 1554 5572 in
1595 5521 1814 5588 oppido.

470 5657 975 5741 extendit-amplius
1002 5657 1305 5741 tentorium
1339 5674 1549 5738 incum,
1585 5668 1640 5712 et
1667 5657 1829 5731 erigit
1869 5657 2055 5741 aulaea
2081 5679 2223 5741 mea.

2132 5071 2171 5098 .,
2195 5035 2550 5102 praeputiataa.

2173 4625 2286 4666 non
2321 4611 2508 4668 audiet
2548 4614 2710 4668 verba
2751 4612 2977 4669 foederis
3007 4614 3195 4685 hujus,
3237 4615 3292 4669 4.
3335 4615 3496 4682 Quod
3537 4617 3761 4688 praecepi

2172 4706 2423 4775 patribus
2459 4707 2656 4762 vestris
2689 4707 2745 4762 iu
2784 4708 2894 4775 die,
2923 4723 3036 4778 quo
3065 4707 3230 4763 eduxi
3261 4722 3359 4764 eos
3391 4725 3458 4764 ex
3491 4720 3638 4765 terra
3667 4709 3764 4764 £-

2173 4800 2344 4880 gypti,
2377 4816 2443 4855 ex
2474 4799 2696 4857 fornace
2744 4800 2873 4856 ferri
2909 4842 2924 4868 ,
2991 4801 3209 4858 dicente
3251 4819 3338 4859 me
3373 4821 3386 4858 :
3421 4804 3626 4859 Audite
3667 4820 3763 4859 vo-

2173 4961 2235 5032 (ἱ)
2264 4960 2346 5024 8.,
2379 4977 2543 5044 super
2573 4978 2765 5044 omnes
2790 4979 2888 5034 per
2921 4977 3149 5044 manum
3185 4978 3284 5044 per
3325 4980 3553 5044 manum
3607 4966 3667 5044 (ᾗ.
3695 4982 3759 5044 _e.

2630 5034 2692 5105 (ι)
2725 5032 2818 5104 Af,
2842 5032 3152 5103 praeputiati
3187 5032 3243 5087 in
3262 5037 3467 5106 corde.
3549 5032 3643 5106 (tu)
3671 5038 3763 5101 Α..

2378 5103 2454 5185 (ο)
2605 5103 2832 5185 extensa
2865 5111 3019 5185 sunt,
3043 5112 3232 5185 etnon
3260 5104 3581 5185 loquentur.
3606 5103 3690 5168 S.,
3714 5116 3767 5159 et

2500 5175 2573 5245 (q)
2606 5173 2696 5242 Α..
2730 5174 2823 5246 qui
2855 5173 3240 5246 simiilis‘tibia
3291 5173 3379 5246 (r7);
3403 5175 3498 5236 Α..
3540 5176 3763 5230 decens.

2899 5383 2974 5455 (lt)
3011 5381 3309 5455 Hatreditas
3343 5381 3488 5455 ejus.
3569 5387 3637 5455 (c)
3672 5387 3765 5451 A.,

2823 5455 2870 5522 ε)
2912 5453 3134 5525 A.,_b_‘.,
3167 5453 3459 5525 congrega.
3565 5453 3632 5525 (ο
3669 5457 3764 5517 Α..

2779 5521 2857 5594 (It)
2887 5524 2980 5590 Λ.,
3018 5521 3139 5588 ΤΙι..
3193 5533 3247 5578 et
3277 5521 3764 5594 pcrferam"eam.

2325 5598 2328 5646 l
2363 5594 2636 5663 exierunt,
2661 5604 2718 5675 et
2747 5610 2855 5647 non
2881 5605 3029 5648 sunt.
3114 5594 3209 5663 (νη)
3245 5598 3310 5648 Α.
3344 5634 3359 5656 ,
3389 5611 3500 5649 non
3526 5606 3627 5656 est,
3666 5612 3763 5718 (ἓιι

2325 5665 2400 5734 (n)
2432 5666 2520 5726 Α..
2555 5663 2637 5730 8.,
2675 5679 2943 5720 sirenum.
2984 5664 3106 5731 Th.,
3139 5667 3465 5720 draconum.
3560 5669 3631 5734 (ο)
3724 5706 3760 5731 .,

2220 5384 2296 5453 (a)
2329 5387 2419 5446 A.,
2457 5384 2820 5440 derisionum.

470 5747 648 5800 neque
688 5731 789 5785 viri
831 5727 1134 5794 ambulare,
1165 5737 1220 5783 et
1249 5727 1447 5800 dirigat
1475 5745 1697 5799 gressus
1740 5727 1890 5786 s'uos.
1970 5733 2043 5802 (p)
2080 5732 2265 5790 Recte.
2333 5727 2417 5808 ’(ή)
2453 5727 2718 5806 Regnum.
2791 5733 2858 5805 (r)
2893 5735 2983 5799 Α.,
3014 5727 3182 5792 decus
3207 5735 3326 5806 ejus
3357 5727 3758 5807 depravarunt.

542 5823 606 5894 (‘)
639 5820 780 5897 [Huc
807 5821 1066 5879 translata
1097 5830 1224 5880 sunt
1255 5821 1361 5879 ista
1395 5837 1423 5877 a
1457 5836 1614 5878 versu
1647 5823 1678 5877 9
1713 5840 1827 5895 seq.
1868 5824 2100 5900 Duce]
