3902 6482
137 370 285 427 2511

1418 378 1742 438 ΙΕΒΕΜῙΕ
1781 378 2013 440 CAPUT
2054 380 2169 440 Sil.

134 505 259 546 cem
290 505 496 557 meam,
528 500 583 547 et
616 492 776 547 facite
806 491 1102 548 secundum
1133 494 1339 561 omnia,
1368 512 1490 567 qme
1520 513 1725 568 prazce-
1752 504 1795 562 Α
1825 513 1923 570 per
1957 507 2009 556 te
2057 499 2218 565 mala,
2250 513 2352 571 pro
2380 501 2586 558 malitia
2621 503 2819 561 domus
2859 502 3094 573 lsraclis,
3128 506 3413 563 eLdomus

137 598 270 656 pero
297 584 479 647 vobis,
519 592 574 639 et
594 584 771 659 eritis
802 584 937 638 mihi
976 584 1031 638 in
1075 585 1357 655 populum,
1404 595 1459 642 et
1493 603 1594 659 ego
1631 604 1726 645 ero

136 676 296 731 vobis
329 677 386 730 in
413 658 639 731 Deum':
671 675 727 730 ὅ.
758 685 818 730 ιιι
848 685 1086 730 statuam
1112 676 1483 747 juramcntum
1516 658 1724 747 meum,

132 767 283 835 quod
311 765 494 836 juravi
526 764 775 834 patribus
803 768 1024 830 vestris,
1054 767 1121 821 ad
1145 768 1387 823 dandum
1413 769 1495 825 eis
1524 780 1726 826 terram

132 865 453 913 manantem
485 855 627 909 lacte
650 862 708 909 et
737 855 914 921 melle,
942 856 1085 911 sicut
1113 856 1234 911 dies
1260 857 1371 911 hic.
1403 855 1472 911 Et
1499 873 1727 928 respon-

131 947 213 1010 di,
255 956 312 1001 et
337 944 452 1000 dixi
494 960 510 996 :
552 944 621 1015 (ε)
663 942 809 1009 Fiat,
836 943 1174 1026 Dominezﬁ.
1196 945 1266 1000 Et
1293 945 1435 1001 dixit
1462 946 1727 1004 Dominus

131 1039 202 1093 ad
244 1053 333 1092 me
375 1055 391 1091 :
420 1037 656 1107 (dicae
688 1040 755 1105 χ(
780 1037 968 1090 omnia
998 1035 1024 1103 1
1060 1035 1227 1090 verba
1260 1036 1379 1091 haec
1415 1037 1470 1091 in
1498 1037 1728 1094 urbibus

132 1128 312 1195 lude,
341 1138 398 1184 et
425 1130 506 1199 (ιι)
532 1128 669 1183 foris
697 1128 1025 1192 Jerusalem,
1057 1127 1249 1185 dicens
1282 1149 1297 1184 :
1332 1129 1536 1187 Audite
1558 1132 1731 1187 verba”

137 1220 217 1291 (π)
252 1220 481 1274 hederis
508 1220 695 1288 hujus,
738 1222 806 1288 Χ
834 1227 890 1273 et
939 1218 1103 1274 facite
1126 1235 1191 1275 ea
1226 1222 1273 1290 1.
1313 1221 1368 1274 7.
1417 1220 1559 1288 Quia
1590 1236 1733 1279 con;

133 1311 396 1365 testando
437 1310 505 1380 )t(
549 1320 893 1366 contestatus
939 1325 1063 1366 sum
1112 1310 1367 1379 patribus
1418 1312 1618 1369 vestris
1669 1314 1726 1368 in

134 1404 243 1469 die,
291 1419 403 1475 quo
451 1403 614 1458 eduxi
648 1418 742 1458 eos
778 1418 842 1457 ex
893 1413 1035 1457 terra
1084 1401 1325 1474 Egypti,
1365 1412 1422 1460 et
1452 1419 1633 1474 usque
1658 1405 1728 1462 ad

135 1497 282 1552 diem
324 1496 495 1559 hunc,
537 1486 883 1566 praveniens’»
907 1504 964 1550 et
1005 1504 1342 1562 contestans,
1385 1504 1443 1551 et
1488 1496 1725 1554 dicens:
1762 1554 1775 1569 ι

133 1589 334 1644 Audite
363 1573 555 1644 vocem
590 1603 797 1644 meam.
828 1588 881 1642 8.
930 1587 997 1643 Et
1032 1604 1142 1645 non
1174 1589 1522 1654 audiverunt,
1559 1588 1637 1661 (υ)
1674 1599 1731 1647 et

135 1679 479 1735 deﬂexerunt
520 1693 711 1733 aurem
747 1693 927 1746 suam,
957 1685 1012 1734 et
1040 1677 1298 1734 abierunt
1324 1678 1410 1733 vir
1440 1678 1515 1750 (ι)
1553 1680 1607 1734 in
1641 1694 1730 1734 re-l

135 1771 404 1830 ctitudine
425 1771 612 1827 cordis
644 1770 731 1826 sui
757 1770 885 1825 mali
918 1784 936 1824 :
967 1779 1025 1827 ct
1054 1770 1254 1827 adduxi
1286 1786 1454 1841 super
1483 1784 1581 1827 eos
1605 1785 1730 1827 om-

1827 589 2001 655 Judae,
2039 591 2137 662 (at)
2168 593 2297 663 quia
2330 591 2578 649 fecerunt
2608 595 2685 649 illi
2714 595 2818 652 sibi
2850 597 2916 652 ad
2946 596 3273 652 irritandam
3301 612 3409 663 me,

1829 680 2109 737 adoientes
2159 681 2330 737 Baali.
2374 683 2462 738 18.
2499 683 2745 750 Domine,
2781 697 2971 744 notum
3020 688 3108 745 fac
3163 689 3319 755 mihi,
3358 698 3413 744 et

1830 773 2021 829 sciam.
2052 772 2207 829 Tunc
2237 774 2342 827 vidi
2376 756 2555 830 studia
2599 792 2811 833 eorum.
2860 780 2947 835 19.
2998 779 3112 851 Ego
3141 782 3298 850 quasi
3330 780 3413 853 (η)

1828 877 2004 935 agnus
2044 865 2325 926 innocens,
2362 866 2562 921 ductus
2602 868 2669 921 ad
2717 869 3130 938 immolandum,
3168 887 3278 927 non
3318 886 3414 927 co-

1829 955 2160 1024 gnoscebam
2196 971 2208 1008 :
2242 956 2309 1023 >κ
2339 958 2464 1026 quia
2497 958 2520 1027 1
2554 974 2719 1029 super
2750 976 2835 1015 me
2869 962 3177 1033 cogitarunt
3205 965 3413 1034 cogita-

1829 1044 2059 1107 tionem,
2094 1045 2340 1101 dicentes
2370 1062 2389 1100 :
2436 1045 2658 1114 Venite,
2695 1058 2749 1103 ct
2779 1049 2851 1120 (ο)
2887 1052 3166 1108 mittamus
3190 1054 3412 1125 "lignum

1828 1134 1885 1189 in
1912 1148 2109 1204 panem
2131 1134 2274 1204 ejus,
2300 1143 2356 1190 et
2376 1138 2671 1206 perdamus
2695 1154 2821 1194 eum
2841 1155 2905 1195 ex
2925 1149 3067 1196 terra
3088 1144 3410 1208 viventium,

1828 1234 1901 1281 et»
1931 1241 2127 1282 nomen
2160 1228 2281 1297 ejus
2311 1242 2418 1283 non
2453 1231 2847 1286 memorabitur
2885 1234 3271 1311 ampiius.‘20.
3316 1237 3416 1291 Do—

1833 1316 1979 1372 mine
2010 1316 2295 1381 virtutum,
2324 1317 2583 1388 judicans
2607 1319 2771 1389 iusta,
2806 1322 2881 1392 (p)
2909 1324 3148 1393 probans
3177 1340 3336 1381 renes
3359 1335 3416 1381 et

1829 1410 2034 1475 corda;
2051 1411 2264 1466 videam
2290 1410 2558 1466 ultionem
2587 1427 2711 1481 quae
2735 1428 2766 1468 a
2806 1425 2861 1470 te
2889 1419 2943 1470 in
2973 1416 3075 1482 eis,
3111 1419 3238 1488 quia
3267 1420 3334 1474 ad
3364 1428 3418 1474 te

1829 1502 2064 1556 revelavi
2098 1500 2173 1573 (ᾳ)
2212 1502 2308 1574 jus
2337 1516 2543 1557 meum.
2586 1502 2677 1557 21.
2723 1501 2951 1575 Propter
2990 1506 3096 1564 hoc
3143 1510 3258 1565 haec
3287 1509 3419 1566 dicit

1830 1590 2099 1649 Dominus
2145 1606 2312 1663 super
2355 1596 2506 1650 viros
2532 1596 2833 1661 Anatboth,
2881 1597 2977 1667 qui
3011 1609 3264 1669 quaerunt
3294 1602 3418 1661 ani-

1831 1694 1979 1735 mam
2006 1693 2155 1736 tuam
2175 1720 2192 1746 ,
2235 1683 2479 1739 dicentes
2511 1699 2525 1736 :
2572 1683 2691 1739 Non
2731 1687 3082 1756 prophetabis
3116 1704 3282 1759 super
3315 1705 3421 1745 no-

1831 1772 1978 1826 mine
2002 1771 2244 1833 Domini.
2276 1766 2333 1828 et
2373 1774 2422 1829 si
2449 1789 2582 1830 vero
2622 1791 2755 1841 non,
2789 1776 3041 1832 m'orieris
3079 1777 3134 1831 in
3166 1779 3418 1835 manibus

137 1879 234 1919 nes
269 1877 560 1919 sermones
594 1861 821 1919 hederis
850 1863 1045 1934 huius,
1069 1863 1219 1934 quod
1260 1863 1520 1934 pmcepi,
1564 1872 1621 1918 ut
1645 1861 1731 1917 ται
1759 1850 1804 1906 Β
1834 1862 2057 1918 nostris.
2093 1862 2183 1917 22.
2219 1868 2286 1932 ὶεί
2327 1863 2556 1935 Propter
2598 1866 2702 1921 hoc
2754 1869 2776 1936 1
2825 1869 2942 1924 haec
2995 1883 3057 1925 οι-
3123 1869 3269 1925 dicit
3312 1870 3420 1926 Do-

135 1964 346 2020 cerent,
393 1965 584 2011 etnon
615 1954 867 2013 fecerunt
896 1955 947 2023 1.
977 1956 1031 2010 9.
1069 1955 1136 2010 Et
1175 1955 1314 2012 dixit
1355 1953 1619 2011 Dominus
1660 1954 1733 2010 ad

137 2060 225 2102 me
254 2064 271 2101 :
309 2044 537 2101 Inventa
575 2053 663 2101 est
686 2046 766 2114 (a)
810 2045 1092 2115 coliigatio
1129 2045 1185 2099 in
1212 2045 1351 2098 viris
1378 2042 1555 2111 Judae,
1588 2053 1644 2099 et
1674 2044 1731 2099 in

137 2137 205 2195 iis
233 2139 331 2209 qui
361 2138 615 2193 habitant
636 2139 691 2193 in
720 2136 1021 2194 Jerusalem
1052 2155 1066 2192 :
1121 2138 1206 2194 10.
1244 2136 1450 2192 reversi
1484 2146 1615 2192 sunt
1635 2151 1735 2192 sua

138 2249 235 2304 per
276 2233 604 2304 iniquitates
643 2241 862 2303 patrum
908 2245 1135 2285 suorum
1172 2229 1441 2299 priorum,
1481 2230 1573 2300 qui
1624 2245 1734 2284 non

137 2324 435 2379 voluerunt
463 2324 657 2379 audire
683 2324 847 2378 verba
882 2337 1002 2378 mea
1035 2338 1050 2374 :
1075 2333 1129 2378 et
1152 2338 1279 2379 ecce
1306 2323 1407 2393 ipsi
1432 2323 1507 2394 (b)
1529 2323 1736 2379 abeunt

135 2425 263 2485 post
308 2416 446 2472 deos
479 2416 709 2481 alienos,
758 2415 827 2470 ad
876 2414 1166 2470 colendum
1215 2416 1500 2469 servitium
1530 2415 1631 2471 eis.
1666 2416 1735 2470 Et

140 2509 357 2563 irritum
407 2506 659 2563 fecerunt
699 2506 898 2562 domus
946 2504 1185 2570 lsraelis,
1234 2515 1290 2561 et
1334 2507 1533 2562 domus
1574 2506 1732 2562 ludas

141 2598 320 2654 imdus
360 2612 571 2666 meum,
604 2597 675 2666 (ο)
719 2597 867 2667 quod
900 2598 1160 2653 constitui
1200 2599 1267 2652 ad
1298 2609 1480 2669 patres
1513 2614 1729 2655 eorum.

140 2690 225 2745 11.
266 2688 503 2759 Propter
539 2688 647 2745 hoc
674 2688 792 2744 hac
819 2689 952 2745 dicit
983 2688 1252 2746 Dominus
1284 2707 1297 2743 :
1336 2689 1476 2747 Ecce
1502 2706 1605 2761 ego
1643 2691 1731 2746 in-

140 2782 280 2837 duco
312 2796 484 2851 super
507 2794 605 2836 eos
637 2780 801 2846 mala,
833 2797 897 2835 ex
924 2782 1128 2852 quibus
1157 2797 1264 2836 non
1296 2790 1554 2852 poterunt
1574 2783 1734 2839 exire

137 2890 203 2929 ex
228 2875 314 2929 eis
342 2889 358 2925 :
394 2874 474 2944 (ά)
521 2881 577 2927 et
607 2872 924 2927 clamabunt
967 2872 1038 2927 ad
1068 2888 1173 2937 me,
1209 2883 1261 2928 et
1295 2889 1402 2928 non
1434 2874 1731 2929 exaudiam

136 2981 254 3032 eos,
289 2965 380 3020 12.
414 2976 470 3019 et
498 2966 657 3020 ibunt
690 2965 855 3019 urbes
883 2964 1057 3029 indie,
1088 2972 1144 3020 et
1172 2965 1208 3019 ii
1236 2966 1332 3035 qui
1383 2966 1632 3021 habitant
1676 2966 1734 3020 in

146 3056 480 3119 Jerusalem,
515 3068 569 3114 et
603 3058 923 3112 clamabunt
951 3056 1015 3111 ad
1056 3058 1210 3121 deos,
1247 3058 1450 3127 quibus
1474 3058 1576 3128 ipsi
1602 3057 1738 3113 ado-

137 3154 250 3206 lent
280 3150 387 3215 eis,
439 3152 506 3218 Χ
553 3160 608 3206 et
655 3149 918 3205 salvando
963 3150 985 3219 1
1039 3164 1145 3203 non
1189 3150 1481 3204 salvabunt
1527 3164 1625 3205 eos
1674 3150 1729 3203 in

133 3252 385 3313 tempore
413 3243 679 3298 malorum
705 3256 917 3298 eorum.
952 3241 1041 3296 15.
1082 3240 1222 3308 Quia
1248 3241 1406 3311 juxta
1434 3256 1728 3297 numerum

138 3334 360 3390 urbium
389 3342 608 3390 tuarum
636 3346 791 3391 erant
825 3336 902 3390 dii
936 3336 1039 3402 tui,
1064 3335 1229 3399 .luda,
1263 3347 1317 3389 ct
1342 3335 1500 3405 juxta
1534 3348 1731 3389 nume-

140 3443 259 3483 mm
292 3426 363 3499 (ε)
407 3427 654 3482 exitnum
681 3425 986 3482 Jerusalem
1027 3427 1293 3498 posuistis
1321 3425 1389 3497 (Γ)
1416 3425 1632 3482 excelsa
1662 3426 1731 3493 Χ

141 3518 332 3588 pudori
367 3518 561 3572 altaria
602 3519 624 3588 1
659 3518 725 3572 ad
758 3518 1086 3574 adolendum
1123 3518 1296 3573 Baali‘.
1332 3517 1419 3572 14.
1470 3516 1536 3572 Et
1576 3525 1631 3571 tu
1662 3529 1733 3571 ne

141 3624 266 3666 ores
296 3625 398 3680 pro
424 3611 627 3680 popqu
660 3609 783 3674 hoc,
815 3625 990 3679 neque
1016 3611 1091 3681 (θ)
1130 3610 1408 3679 supplices
1433 3623 1535 3679 pro
1563 3608 1644 3663 eis
1675 3607 1732 3661 in

138 3704 402 3774 petitione
434 3715 489 3756 et
522 3703 797 3766 oratione,
841 3702 973 3772 quia
1013 3717 1122 3756 non
1165 3701 1452 3756 exaudiam
1496 3698 1554 3753 in
1594 3706 1734 3770 tem-

137 3807 294 3863 pore,
327 3807 441 3862 quo
468 3791 728 3847 invocant
757 3806 865 3854 me,
892 3792 949 3845 in
974 3803 1217 3860 tempore
1246 3787 1571 3842 humilitatis
1593 3801 1729 3841 suae.

139 3886 228 3941 15.
270 3884 356 3955 (Ιι)
389 3882 571 3949 Quare
611 3883 806 3940 dilecta
848 3883 903 3937 in
932 3882 1096 3938 domo
1128 3896 1248 3935 mea
1291 3879 1420 3934 fecit
1448 3877 1735 3933 abomina-

140 3976 398 4032 tionem?
426 3974 568 4030 Num
596 3984 720 4033 vota
751 3984 805 4030 et
830 3982 1173 4030 carosancta
1205 3971 1452 4028 auferent
1486 3985 1517 4023 a
1547 3979 1598 4024 te
1621 3983 1735 4023 ma-

144 4073 296 4127 litias
327 4080 476 4136 tuas,
505 4078 598 4124 aut
646 4083 744 4140 per
782 4068 896 4123 haec
945 4067 1209 4137 σεσυςίυεῖ
1241 4064 1322 4118 16.
1352 4063 1538 4119 (licam
1569 4063 1737 4117 deco-

149 4179 296 4226 ram,
325 4163 467 4217 bene
497 4162 812 4217 umbrosam
844 4169 1067 4228 aspectu
1103 4160 1318 4213 vocavit
1346 4156 1609 4211 Dominus
1636 4169 1737 4210 no-

146 4268 279 4309 men
335 4262 514 4317 tuum,
566 4252 629 4323 (i)
663 4252 717 4306 in
752 4266 945 4306 vocem
1006 4247 1401 4319 amputationis
1453 4246 1624 4316 ejus:
1663 4243 1736 4315 (k)

140 4359 343 4416 magna
370 4344 591 4399 aliiictio
619 4358 781 4413 super
805 4351 855 4397 te
885 4360 898 4396 :
929 4341 991 4413 (ι)
1021 4341 1210 4396 laedam
1234 4354 1418 4395 ramos
1446 4339 1568 4409 ejus
1595 4354 1610 4392 :
1647 4337 1736 4395 17.

141 4449 200 4493 et
234 4436 503 4493 Dominus
527 4445 742 4507 potens,
773 4435 868 4507 qui
893 4433 1157 4505 plantavit
1186 4442 1259 4501 te,
1290 4432 1507 4489 locutus
1529 4440 1618 4486 est
1646 4444 1742 4487 διιε-

1835 1952 2021 2009 minus
2046 1954 2119 2024 (r)
2141 1954 2405 2011 virtutum
2429 1957 2451 2025 1
2483 1971 2503 2009 :
2530 1956 2669 2012 Ecce
2696 1974 2796 2028 ego
2824 1960 3057 2016 visitabo
3082 1976 3250 2030 super
3270 1977 3366 2017 eos
3396 1979 3412 2015 :

1832 2042 2064 2112 juvenes
2100 2060 2290 2101 eorum
2328 2050 2630 2103 morientur
2658 2050 2712 2103 in
2744 2051 2944 2120 gladio,
2975 2038 3031 2107 et
3058 2052 3152 2107 lilii
3198 2069 3414 2119 eorum,

1835 2144 1891 2191 et
1917 2137 2043 2190 ﬁlia:
2072 2151 2262 2191 eorum
2307 2150 2702 2195 consumentur
2733 2142 2788 2195 in
2817 2140 2961 2198 fame
3005 2161 3019 2198 :
3065 2144 3156 2198 23.
3188 2152 3245 2199 et
3283 2147 3421 2201 resi-

1836 2226 2006 2282 duum
2040 2241 2147 2281 non
2186 2229 2292 2283 erit
2330 2245 2559 2297 eorum;
2604 2233 2731 2301 quia
2762 2233 3029 2288 adducam
3070 2236 3211 2290 mala
3255 2250 3423 2306 super

1836 2333 1935 2377 eos
1978 2319 2073 2388 qui
2115 2319 2363 2374 habitant
2403 2320 2457 2376 in
2497 2323 2776 2378 Anatltotli
2819 2324 3060 2381 inanno
3088 2327 3418 2384 visitationis

1835 2420 2051 2465 eorum.
3400 2464 3407 2477 ,

1848 2526 1853 2531 -
1905 2502 2038 2572 Cap.
2066 2500 2181 2556 XII.
2213 2528 2255 2542 -
2279 2502 2331 2557 1.
2367 2503 2437 2573 (s)
2463 2501 2655 2559 Justus
2680 2518 2766 2567 es,
2787 2504 3050 2574 Domine;
3078 2508 3207 2577 quia
3233 2507 3420 2578 profe-

1837 2608 1953 2648 rant
1985 2594 2236 2664 spiritum
2264 2595 2325 2665 (ἰ.
2353 2610 2405 2649 e.
2435 2597 2772 2665 contendam)
2809 2597 2876 2652 ad
2908 2607 2962 2652 te
2994 2617 3008 2654 :
3043 2608 3419 2657 verumtamen

1833 2683 2039 2755 judicia
2065 2685 2262 2755 loquar
2289 2684 2357 2740 ad
2386 2691 2457 2740 te.
2494 2685 2676 2752 Quare
2703 2687 2789 2741 via
2820 2686 3114 2757 impiorum
3128 2702 3423 2759 prospera-

1836 2785 1926 2831 tnr
1947 2777 1970 2830 ?
1994 2776 2360 2832 ebulliverunt
2386 2793 2600 2841 omnes,
2628 2780 2723 2850 qui
2753 2780 3186 2850 praevaricantur
3210 2796 3422 2852 praeva-

1836 2867 2175 2923 ricationes?
2214 2867 2268 2921 2.
2303 2867 2564 2923 l'lantasti
2589 2883 2705 2934 eos,
2753 2882 2807 2924 et
2847 2872 3164 2927 conﬁrmata
3211 2882 3300 2928 est
3331 2888 3425 2928 ra-

1837 2959 1927 3015 dix
1958 2974 2150 3014 eorum
2183 2975 2199 3012 :
2237 2959 2301 3030 (ι)
2342 2968 2649 3030 genuerunt
2687 2960 2849 3024 ﬁlios,
2885 2970 2942 3016 et
2981 2961 3227 3018 fecerunt
3273 2962 3421 3021 fruc-

1840 3060 1976 3106 tum.
2010 3050 2358 3121 PrOpinquus
2387 3061 2446 3106 tu
2460 3053 2556 3107 .ori
2575 3036 2796 3117 eorum,
2826 3064 3070 3109 remotus
3094 3064 3151 3111 tu
3184 3065 3361 3113 autem
3385 3072 3419 3114 ι

1839 3142 2064 3197 renibus
2090 3156 2301 3197 conum.
2326 3143 2380 3197 3.
2411 3141 2476 3203 Et
2500 3152 2579 3205 tu,
2608 3140 2859 3210 Domine,
2883 3143 2967 3214 (a)
2995 3145 3281 3215 cognoscis
3310 3159 3419 3210 me,

1833 3232 2035 3288 novisti
2064 3246 2171 3298 me,
2210 3233 2277 3301 x
2306 3242 2363 3288 et
2400 3232 2423 3302 1
2460 3234 2703 3304 probasti
2739 3248 2835 3291 cor
2880 3249 3064 3291 meum
3098 3250 3286 3292 coram
3319 3246 3370 3293 te
3404 3257 3419 3293 :

1831 3328 1900 3396 Χ
1932 3340 2202 3397 congrege
2243 3340 2341 3381 eos
2377 3332 2439 3381 ut
2475 3339 2607 3382 oves
2642 3327 2710 3381 ad
2751 3329 3161 3397 mactationem,
3191 3340 3247 3386 et
3280 3330 3305 3398 1
3342 3330 3424 3401 (ω)

1831 3419 2060 3489 purilica
2092 3432 2188 3472 eos
2228 3417 2285 3473 in
2318 3418 2463 3472 diem
2495 3418 2846 3474 mactationis
2884 3432 3099 3476 eorum.
3140 3421 3195 3475 4.
3238 3419 3427 3493 Usque

1832 3523 1945 3578 quo
1980 3504 2190 3578 lugebit
2234 3517 2399 3567 terra.
2437 3515 2497 3561 et
2522 3508 2689 3562 herba
2714 3508 2897 3566 omnis
2926 3510 3040 3579 agri
3072 3510 3365 3566 siccabitur
3393 3527 3426 3566 a

1834 3601 2040 3655 malitia
2067 3613 2257 3655 eorum
2284 3598 2381 3669 qui
2413 3598 2662 3654 habitant
2687 3600 2742 3653 in
2774 3615 2839 3656 ea
2862 3601 2888 3655 ?
2906 3600 3172 3671 Corrupta
3200 3603 3428 3672 suntjuo

1834 3700 2044 3757 menta,
2097 3701 2152 3744 et
2187 3689 2432 3745 volatilia
2463 3729 2480 3755 ,
2531 3690 2662 3759 quia
2710 3692 2968 3746 dixerunt
3004 3709 3021 3745 :
3057 3693 3173 3746 Non
3223 3693 3428 3747 videbit

1834 3780 1980 3836 Deus
2013 3780 2091 3851 (y)
2122 3779 2240 3835 vias
2268 3788 2509 3834 nostras.
2556 3779 2610 3834 5.
2645 3780 2720 3850 (ι)
2765 3780 2939 3837 Pedes
2972 3782 3050 3837 tui
3082 3792 3333 3844 currunt,
3371 3789 3427 3834 et

1836 3872 2134 3927 remissum
2182 3871 2419 3926 reddunt
2456 3880 2514 3926 te
2544 3886 2559 3923 :
2592 3872 2873 3941 quomodo
2902 3873 3299 3944 praparaberis
3333 3889 3428 3928 sn-
3530 3879 3535 3886 '

1838 3980 1939 4034 per
1971 3964 2152 4034 equis,
2182 3972 2239 4018 et
2269 3964 2324 4017 in
2357 3972 2500 4019 terra
2532 3966 2681 4034 pacis
2711 3965 2994 4022 conlidens
3027 3968 3122 4022 tu?
3150 3950 3426 4036 quomodo

1838 4057 2009 4114 facies
2038 4058 2117 4128 (a)
2149 4058 2204 4112 in
2235 4059 2491 4128 superbia
2523 4057 2823 4114 Jordanis?
2865 4060 2918 4114 6.
2952 4060 3091 4127 Quia
3119 4063 3281 4116 etiam
3314 4060 3430 4115 ira»

1838 4160 1951 4207 tres
1972 4150 2077 4215 tui,
2104 4155 2161 4204 et
2184 4148 2382 4205 domus
2415 4150 2587 4219 patris
2617 4152 2717 4216 tui,
2747 4152 2912 4206 etiam
2944 4152 3046 4219 ipsi
3076 4151 3279 4222 perﬁde
3303 4167 3427 4223 ege-

1838 4250 1968 4298 runt
2001 4252 2207 4305 tecum,
2235 4251 2291 4296 et
2319 4241 2421 4311 ipsi
2446 4243 2751 4297 ciamarunt
2778 4261 2792 4297 :
2837 4258 2868 4296 a
2900 4254 3050 4314 tergo
3078 4257 3173 4299 tuo
3200 4259 3429 4313 congre-

1842 4335 1950 4404 gati
1977 4342 2107 4389 sunt
2137 4345 2212 4378 αι
2236 4348 2400 4403 super
2427 4341 2479 4387 te
2517 4332 2564 4401 1,
2595 4348 2664 4387 ne
2691 4335 2883 4389 credas
2902 4336 3017 4403 eis;
3046 4335 3176 4405 quia
3201 4336 3429 4405 loqueno

1842 4435 1932 4483 tur
1965 4426 2035 4483 ad
2084 4435 2138 4483 te
2167 4426 2347 4498 bona.
2396 4425 2448 4480 7.
2494 4424 2710 4497 Reliqui
2745 4426 2970 4482 domum
3007 4443 3206 4494 meam,
3246 4426 3429 4482 dimisi

223 4792 295 4863 (ε)
327 4790 509 4863 "ob";
520 4802 709 4863 amen.
737 4786 832 4853 A.,
853 4801 1015 4863 vere.
1077 4784 1157 4863 _(t)
1189 4784 1276 4850 S.,
1317 4785 1620 4863 praedica.‘
1650 4784 1731 4863 (ιι)

1837 4826 1851 4850 ,
1886 4784 2009 4863 Th.,
2039 4786 2094 4863 in
2125 4785 2387 4863 exitibus.
2438 4784 2544 4863 Δ(ει)
2570 4784 2659 4851 Α.,
2694 4772 2779 4863 8.,
2805 4782 2945 4863 pacti
2970 4782 3155 4863 hujus.
3232 4784 3307 4855 (il)
3341 4742 3433 4852 Ᾰη

151 4874 208 4921 et
230 4853 358 4917 ἠδη
404 4860 778 4917 inclinarunt.‘
813 4860 920 4928 1(a)
951 4857 1040 4922 A.,
1077 4853 1146 4928 in:
1173 4853 1545 4928 perversitate.
1581 4853 1680 4928 8.,
1708 4853 1773 4911 in
1819 4857 2180 4926 beneplacito.

151 4934 416 4990 invicem.
494 4931 567 4999 (b)
618 4926 1017 4999 Ambulantes.
1072 4926 1144 4996 (ε)
1182 4927 1275 4988 Α..
1314 4930 1462 4995 quoi
1509 4927 1709 4999 excidi.

1822 4927 1901 4992 (ά)
1948 4928 2037 4988 Α..
2069 4927 2152 4987 8.,
2202 4938 2255 4982 et
2298 4927 2759 4981 vociferabuntnr.

2291 4858 2369 4931 (a)
2402 4853 2948 4931 ‘A.,'_pr;eVaricat_io.
2984 4853 3085 4931 §.,
3124 4853 3435 4931 iuramenta

2859 4925 2928 4995 (ε)
2975 4921 3061 4992 8.,
3109 4921 3437 4995 platearum.

152 5006 225 5077 (ι’)
270 4995 712 5077 Α.,8.,ἐιιιιιιίςι.
788 5000 874 5077 (9);
898 4998 982 5071 8.,
1009 4995 1151 5077 leves
1184 5005 1239 5051 tu
1276 5013 1373 5077 pro
1398 4999 1478 5052 eis
1512 4997 1731 5077 prccatii

1836 5015 1904 5061 ιιι,
1933 5013 2110 5077 neque
2136 5013 2280 5053 ores.
2361 4999 2435 5077 (Ιι)
2468 4999 2560 5057 Α..
2588 5012 2764 5077 quare
2794 4995 2992 5077 dilecto
3033 5012 3153 5051 meo
3190 4997 3440 5077 in‘do-mo

151 5068 281 5130 inea
313 5074 380 5127 ad
414 5070 726 5126 iaciendum
759 5068 990 5139 cogitata
1036 5068 1227 5132 multa,
1256 5075 1316 5139 et
1352 5083 1573 5139 carnem
1623 5075 1869 5122 sanctam
1919 5069 2097 5121 amovi
2138 5083 2168 5120 a
2210 5081 2303 5139 te,
2335 5070 2462 5139 quia
2495 5069 2735 5139 ntalitige,
2781 5068 2909 5139 quia
2950 5077 3078 5121 tunc
3115 5069 3437 5139 exsultabis.

155 5147 222 5227 ςὶ)
259 5141 347 5227 8.)
380 5141 662 5227 adnvocem
693 5134 1055 5227 multitnndinis
1079 5137 1357 5227 grandis.”
1396 5137 1468 5208 (It)
1505 5139 1650 5227 dre‘it
1687 5139 1731 5227 ig.

1853 5154 2015 5203 super
2045 5152 2189 5227 eam.
2240 5137 2327 5227 ¹(ι)
2486 5134 2862 5227 8.,Ιὶῃῆξιηςιιί
2893 5147 3039 5191 sunt.
3119 5139 3327 5227 (m)A.I,
3355 5138 3439 5201 8.,

157 5206 236 5270 bi.
320 5213 399 5284 (η)
442 5213 532 5284 8.,
564 5211 1057 5284 agnuspacilicus,
1085 5206 1184 5277 Qui
1213 5206 1533 5284 duciturad
1581 5207 1999 5284 jugulatiunctn.
2038 5208 2130 5284 4.,
2158 5206 2469 5284 _ad_Suc_tns.

157 5282 360 5356 panem
403 5283 544 5356 eius,
587 5292 641 5336 et
675 5282 956 5356 deleamus
993 5293 1142 5334 eum.

2577 5206 2651 5275 (ο)
2696 5205 2777 5271 8.,
2821 5205 3243 5277 corrumpamus
3296 5210 3441 5278 ligno

1248 5275 1325 5347 (p)
1359 5276 1443 5349 8..
1480 5275 1835 5349 investigatis.
1911 5282 1988 5349 (ᾳ)
2028 5278 2119 5342 Α.,
2149 5277 2209 5333 8.
2241 5280 2508 5349 judicium
2546 5292 2749 5349 meum.
2828 5278 2921 5349 (ῃ)
2958 5275 3440 5349 A..‘exercitnum.

159 5346 237 5424 is)
276 5354 369 5419 A.,
397 5346 581 5422 justus
625 5361 701 5415 tu,
739 5349 985 5415 Domine,
1027 5346 1246 5424 quando
1262 5346 1501 5424 judicio
1527 5348 1853 5402 contendam
1886 5346 2152 5424 adversus
2176 5346 2253 5402 te.
2284 5346 2364 5411 8.,
2399 5350 2524 5424 plus
2553 5348 2738 5415 justus
2769 5358 2847 5424 tu,
2889 5346 3138 5424 Domine,
3175 5348 3219 5424 gi
3250 5347 3445 5415 loquar

158 5417 266 5493 ego
293 5417 562 5493 adversus
591 5430 642 5476 te
669 5439 685 5489 ;
721 5417 1094 5493 verumtamen
1107 5417 1330 5493 judicia
1342 5417 1534 5493 loquar
1564 5433 1752 5493 cogam
1792 5427 1863 5493 t_e.

150 5492 246 5565 ’(ιι)
284 5497 374 5555 Α..
408 5492 803 5565 S.,cugnovisti
844 5508 948 5565 nte.

1940 5417 2107 5488 (t)A.,
2137 5419 2374 5472 iverunt.
2400 5414 2492 5478 8..
2512 5414 2571 5473 se
2587 5421 2941 5475 extendentes
2957 5419 3162 5472 faciunt
3180 5414 3443 5488 fructum.

1048 5486 1125 5560 (ας)
1160 5491 1252 5560 ᾼ.,
1288 5486 1427 5551 Tib,
1444 5488 1726 5544 sanetilica

1836 5527 1869 5552 ι.
1912 5486 2182 5560 discerne.
2222 5489 2336 5560 _(y)
2369 5491 2459 5552 Α.,
2491 5488 2577 5551 8.,
2618 5490 2916 5543 novissima
2949 5498 3151 5560 nostra.
3206 5486 3303 5560 μμ)
3351 5487 3445 5560 4,,

165 5553 298 5634 quia
320 5553 444 5616 cun.
470 5553 701 5634 pedibus
725 5553 1125 5634 cucurristi,'ei
1149 5559 1446 5634 fatigarunt
1482 5568 1554 5625 te,
1590 5568 1641 5613 et
1685 5559 1964 5634 quomodo
2002 5553 2392 5634 implicabis'te
2421 5574 2544 5634 cum
2580 5561 2856 5634 equitibus
2881 5553 3326 5634 intelligenttbus.

168 5626 216 5689 si
262 5649 386 5687 cum
418 5626 645 5700 pedibus
675 5633 804 5685 dum
837 5633 1116 5690 currebas,
1145 5626 1474 5700 defatigatus
1494 5644 1575 5695 es,
1611 5626 1885 5700 quomodo
1914 5626 2210 5700 contendes
2250 5644 2377 5700 cum
2413 5627 2589 5694 equis.
2618 5626 2672 5684 et
2702 5632 2755 5684 in
2802 5639 2944 5684 terra
2977 5626 3198 5700 paciﬁca
3227 5634 3286 5680 es
3328 5628 3450 5700 sine

171 5696 587 5758 sollicitudine?
659 5699 736 5771 (a)
779 5704 868 5763 A.,
894 5701 947 5753 in
987 5701 1242 5771 elatione.
1276 5696 1360 5771 8.,
1396 5696 1676 5771 quomodo
1707 5698 1955 5771 visitabis
1997 5698 2051 5753 in
2092 5697 2630 5771 roboreJOI'danis?
2662 5702 2789 5770 quia
2830 5700 3007 5752 adhuc
3028 5705 3095 5771 et
3125 5696 3320 5771 fratres
3347 5696 3448 5756 tui.

170 5787 224 5828 et
254 5775 450 5843 domus
476 5772 647 5843 patris
669 5766 750 5825 "tui
785 5784 983 5843 rursus
1003 5771 1168 5843 etiam
1203 5768 1309 5838 ipsi
1346 5766 1431 5826 ad'
1447 5769 1873 5843 exspectandum
1905 5777 1980 5837 te,
2020 5785 2241 5842 quoque
2281 5769 2356 5824 illi
2388 5766 2697 5827 clamaruni
2723 5776 2844 5842 post
2870 5776 2940 5833 te,
2975 5766 3141 5823 additi
3175 5776 3346 5825 sunt:
3381 5780 3451 5825 no

174 5842 371 5900 credas
391 5840 495 5911 eis,
515 5843 560 5899 si
592 5842 888 5911 loquantur
921 5841 986 5895 ad
1016 5849 1068 5895 te
1098 5840 1262 5897 bona.

3159 391 3485 456 ,25211-
