3902 6466
494 344 635 400 2525

1660 334 1893 391 CODEX
1935 332 2327 390 SYllO-HEXA
2336 333 2609 391 PLARIS.

3619 344 3761 399 2321

494 459 865 516 hatreditatem
897 470 1076 513 meam
1110 471 1125 510 :
1182 453 1305 512 dedi
1330 452 1402 526 (ὑ)
1436 452 1676 509 animam
1710 467 1889 509 meam
1920 452 2080 507 dilec-

2189 453 2261 520 χ(
2297 451 2525 522 pallium
2560 452 2583 520 ζ
2612 452 2768 520 illud,
2802 453 2880 524 (at)
2911 463 2972 509 ut
3004 468 3113 510 non
3146 464 3336 526 aptum
3363 470 3511 515 esset
3544 476 3615 515 ue
3644 464 3771 530 qui-

494 560 604 607 tam
636 552 690 607 in
720 565 917 607 manus
962 548 1316 604 inimicorum
1344 546 1486 618 ejus.
1531 545 1584 601 8.
1626 544 1797 603 Facta
1829 552 1915 600 est
1947 544 2081 599 mihi

493 641 785 697 hacreditas
811 653 931 695 mea
956 648 1017 695 ut
1042 638 1129 694 leo
1152 638 1205 692 in
1234 637 1391 704 silva,
1416 636 1567 693 dedit
1594 651 1757 706 super
1782 651 1869 691 me
1892 650 2081 691 vocem

492 748 648 791 suam
685 750 699 786 :
746 739 972 802 propter
1019 730 1124 785 hoc
1157 729 1245 784 odi
1278 744 1422 785 eam.
1470 728 1525 783 9.
1582 727 1775 785 Nonne
1818 728 2081 799 spelunca

492 827 700 897 hyaenae
730 823 1023 878 haereditas
1066 836 1188 877 mea
1231 821 1407 877 mihi?
1454 831 1573 885 aug
1589 821 1850 891 spelunca
1880 820 1937 876 in
1981 821 2082 877 cir-

491 918 643 976 cuitu
689 916 819 985 ejus-
842 930 1008 984 super
1036 914 1197 968 eam?
1228 912 1325 981 lte,
1380 921 1711 983 congregate
1752 928 1947 971 omnes
1984 914 2079 969 be—

489 1009 627 1065 stias
663 1008 803 1078 agri,
836 1017 891 1062 et
912 1005 1133 1080 veniant
1154 1006 1222 1060 ad
1256 1003 1653 1060 comedendum
1678 1020 1823 1063 eam.
1860 1006 1946 1067 10.
1976 1004 2079 1062 Pa-

488 1110 669 1158 stores
707 1099 865 1154 multi
898 1104 1268 1168 corruperunt
1298 1096 1517 1151 vineam
1545 1111 1746 1163 meam,
1777 1097 1849 1168 (c)
1873 1098 2081 1169 pollue-

492 1200 622 1247 runt
654 1189 731 1262 (ά)
772 1198 981 1261 partem
1016 1203 1218 1255 meam,
1250 1186 1519 1242 dederunt
1541 1187 1848 1256 portionem
1872 1188 2080 1251 deside-

490 1279 722 1333 rabilem
775 1292 957 1333 meam
998 1277 1053 1330 in
1093 1277 1368 1331 desertum
1407 1289 1517 1329 non
1553 1275 1823 1344 pervium.
1858 1276 1946 1331 11.
1972 1275 2078 1333 Ρο-

489 1375 594 1430 sita
618 1380 703 1428 est
728 1371 783 1426 in
817 1373 1225 1440 corruptionem
1255 1368 1325 1440 (c)
1360 1369 1707 1440 perditionis.
1738 1370 1967 1441 Propter
1989 1387 2079 1433 me

487 1480 679 1521 eversa
716 1471 801 1520 est
828 1462 1069 1534 pernicie
1098 1469 1211 1516 tota
1237 1470 1406 1525 terra,
1438 1464 1567 1533 quia
1599 1478 1709 1518 non
1735 1470 1821 1519 est
1846 1464 1947 1529 vir,
1980 1463 2078 1535 qui

490 1564 661 1626 ptinat
702 1555 757 1611 in
795 1554 962 1610 corde
1005 1567 1130 1609 suo.
1164 1552 1250 1608 12.
1300 1552 1478 1624 Super
1511 1570 1731 1610 omnem
1773 1556 1979 1611 exitum
2020 1556 2077 1613 in

489 1647 709 1703 deserto
755 1654 1023 1702 venerunt
1064 1646 1135 1716 (r)
1184 1647 1221 1701 ii
1257 1648 1350 1718 qui
1394 1656 1596 1703 vexant
1637 1667 1651 1704 :
1698 1650 1829 1718 quia
1862 1650 2077 1720 gladius

488 1738 708 1794 Domini
758 1738 1009 1795 comedet
1058 1754 1089 1793 a
1140 1736 1215 1809 (g)
1257 1740 1528 1810 principio
1580 1750 1739 1797 terra:
1784 1758 1959 1813 usque
2005 1744 2075 1799 ad

486 1829 818 1901 principium
852 1839 1013 1887 terra
1040 1848 1055 1887 :
1086 1846 1194 1886 non
1224 1842 1310 1888 est
1332 1849 1435 1903 pax
1470 1835 1619 1889 omni
1645 1836 1823 1891 carni.
1858 1837 1945 1892 15.
1984 1839 2078 1893 Se-

489 1923 743 1980 minastis
779 1922 1049 1991 triticum,
1082 1932 1139 1979 et
1173 1925 1362 1995 spinas
1384 1926 1698 1984 taessuistis
1734 1946 1747 1982 :
1792 1927 1870 1999 (Ιι)
1898 1937 2077 1986 sortes

488 2016 552 2086 (ἰ)
594 2031 785 2071 eorum
820 2031 931 2072 non
964 2017 1267 2087 proderunt
1299 2020 1400 2075 eis.
1432 2020 1752 2077 Erubescite
1787 2037 1819 2076 a
1848 2021 1923 2092 (Ir)
1962 2022 2080 2094 glo-

486 2105 724 2161 riatione
778 2114 980 2174 vestra,
1031 2105 1096 2177 (l)
1144 2106 1214 2161 ab
1250 2108 1547 2176 opprobrio
1597 2123 1785 2163 coram
1821 2107 2075 2164 Domino.

491 2197 576 2254 l4.
619 2196 759 2264 Quia
806 2198 924 2255 hac
968 2198 1104 2254 dicit
1150 2198 1418 2255 Dominus
1464 2200 1531 2255 de
1578 2200 1836 2255 omnibus
1883 2201 2078 2258 vicinis

489 2288 679 2353 malis,
713 2289 805 2358 qui
836 2298 1068 2359 tangunt
1115 2290 1484 2345 hereditatem
1533 2305 1733 2354 meam,
1779 2307 1945 2362 quam
1981 2292 2077 2362 (ηε)

488 2379 744 2433 distribui
794 2380 997 2449 populo
1054 2395 1177 2435 meo
1212 2382 1278 2450 χ
1329 2381 1492 2435 Israel
1536 2382 1558 2451 ζ
1614 2400 1627 2435 :
1679 2380 1819 2437 Ecce
1866 2398 1966 2452 ego
1999 2383 2077 2453 (η)

488 2470 719 2527 evellam
764 2486 860 2527 eos
897 2487 963 2526 ex
1006 2480 1150 2527 terra
1189 2487 1405 2534 eorum.
1437 2478 1494 2526 et
1531 2472 1757 2528 domum
1794 2472 1949 2528 Juda»
1974 2474 2079 2545 eji-

487 2562 630 2618 ciam
678 2579 747 2619 ex
794 2563 975 2620 medio
1017 2580 1230 2619 eorum.
1274 2564 1362 2619 l5.
1413 2563 1481 2619 Et
1524 2566 1647 2630 erit,
1686 2577 1971 2636 postquam
2001 2566 2078 2638 (ο)

487 2656 701 2725 ejeccro
727 2670 847 2721 eos,
880 2664 1127 2712 revertar
1161 2657 1236 2727 (ρ)
1263 2667 1320 2711 et
1346 2657 1647 2713 miserebor
1672 2673 1883 2722 eorum,
1920 2659 1995 2729 (ᾳ)
2026 2667 2082 2716 et

491 2747 743 2803 habitare
765 2747 968 2803 faciam
1002 2763 1099 2804 eos
1141 2764 1592 2819 unumquemque
1622 2749 1676 2803 in
1708 2750 2076 2806 haareditatem

489 2853 672 2901 suam,
723 2848 778 2894 et
818 2855 1271 2909 unumquemque
1310 2844 1365 2894 in
1404 2850 1603 2895 terram
1652 2856 1832 2896 suam.
1878 2841 1966 2895 16.
2014 2841 2081 2895 Et

490 2932 618 2995 erit,
661 2930 707 2989 si
736 2929 811 3001 (r)
845 2931 1109 2986 discendo
1148 2930 1443 2987 didicerint
1475 2933 1617 2986 viain
1661 2933 1846 3003 populi
1876 2934 1980 2988 mei
2013 2934 2082 2988 ad

489 3021 780 3075 dicendum
811 3020 864 3074 in
905 3020 1128 3076 nomine
1157 3036 1302 3088 meo,
1328 3022 1461 3077 vivit
1492 3021 1776 3087 Dominus,
1809 3024 1953 3079 sicut
1984 3026 2083 3081 do.

486 3119 726 3168 cuerunt
752 3111 1013 3181 populum
1037 3126 1218 3167 meum
1246 3112 1315 3169 ad
1343 3113 1637 3169 dicendum
1664 3115 1720 3169 in
1744 3116 1892 3181 Baal,
1917 3118 2081 3172 etiam

492 3202 818 3259 habitabant
847 3203 901 3258 in
937 3204 1118 3260 medio
1148 3205 1336 3275 populi
1368 3207 1494 3262 mei.
1536 3207 1621 3261 17.
1658 3207 1717 3261 Si
1758 3218 1940 3263 autent
1970 3224 2078 3265 non

489 3293 564 3361 (ε)
602 3307 662 3347 se
691 3293 1097 3358 converterint,
1137 3304 1192 3349 et
1227 3294 1414 3351 tollam
1456 3295 1604 3350 illam
1646 3306 1858 3365 gentem
1892 3299 2081 3354 subla-

492 3382 663 3447 tione,
694 3392 749 3435 et
770 3382 1094 3450 perditione,
1122 3386 1189 3451 Ἀ(
1220 3384 1351 3439 dicit
1380 3384 1645 3440 Dominus
1676 3388 1723 3454 ζ.

563 3472 697 3542 Cap.
718 3472 933 3528 Xlll.—
958 3474 1007 3528 l.
1024 3473 1150 3529 Haec
1163 3476 1295 3531 dicit
1314 3476 1577 3531 Dominus
1589 3479 1737 3547 )(ad
1762 3480 2079 3547 me::Vade,

388 3590 393 3595 -
493 3573 550 3619 et
587 3563 807 3633 posside
854 3564 952 3620 tibi
1001 3565 1231 3636 pallium
1283 3567 1404 3632 lini,
1439 3579 1494 3623 et
1538 3584 1680 3638 pone
1724 3570 1859 3624 illud
1916 3587 2082 3641 super

493 3655 639 3713 latus
667 3662 843 3721 tuum,
873 3663 928 3711 et
961 3670 1060 3725 per
1082 3672 1280 3726 aquam
1313 3674 1422 3714 non
1459 3661 1733 3717 transibit.
1764 3663 1819 3717 2.
1857 3662 1923 3717 Et
1963 3680 2084 3733 pos-

493 3747 610 3800 sedi
659 3747 887 3815 pallium
924 3748 1081 3818 juxta
1136 3751 1361 3805 verbum
1394 3750 1631 3817 Domini,
1664 3764 1719 3808 et
1757 3755 1917 3823 posui
1948 3756 2082 3811 illud

494 3855 659 3909 super
689 3842 833 3896 latus
858 3858 1064 3907 meum.
1089 3843 1143 3899 '5.
1169 3842 1235 3897 Et
1262 3841 1466 3898 factum
1488 3854 1573 3899 est
1601 3846 1828 3900 verbum
1867 3846 2081 3899 Domini

494 3932 563 3986 ad
586 3947 671 3986 me
690 3934 758 4001 χ
780 3933 1115 4003 repetitionis
1135 3934 1195 4004 (i.
1212 3950 1286 3998 e.,
1302 3936 1582 4005 iterum);
1601 3937 1788 3993 dicens
1810 3938 1894 3992 ει.
1916 3936 2083 3993 Sume

496 4022 746 4093 pallium,
761 4027 827 4094 Ἀ(
845 4025 991 4096 quod
1009 4028 1295 4096 possedisti
1317 4028 1365 4095 ζ,
1380 4029 1528 4097 quod
1552 4044 1718 4098 super
1737 4030 1881 4085 latus
1904 4041 2082 4095 tuum,

496 4124 553 4169 et
573 4131 755 4186 surge,
789 4124 843 4173 et
866 4119 1002 4174 vade
1039 4120 1110 4175 ad
1160 4118 1518 4189 Euphratem,
1543 4131 1597 4176 et
1624 4122 1905 4178 absconde
1952 4122 2083 4178 illud

494 4208 571 4265 ihi
605 4210 659 4264 in
698 4210 966 4267 foramine
999 4221 1188 4281 petrae.
1218 4214 1273 4267 5.
1307 4211 1373 4266 Et
1399 4212 1494 4277 ivi,
1524 4220 1578 4268 et
1599 4214 1919 4269 abscondidi
1950 4215 2083 4271 illud

497 4301 554 4356 in
594 4299 889 4371 Euphrate.
927 4303 1071 4358 sicut
1100 4313 1432 4373 praeceperat
1460 4303 1727 4360 Dominus
1750 4307 1910 4360 mihi.
1935 4306 1989 4362 6.
2018 4306 2085 4362 Et

494 4392 707 4453 factum
751 4402 835 4451 est
874 4403 999 4465 post
1043 4395 1161 4450 dies
1191 4396 1412 4458 multos,
1460 4406 1513 4451 et
1538 4398 1675 4453 dixit
1715 4397 1978 4456 Dominus
2016 4402 2083 4456 ad

2183 543 2307 600 dem
2332 544 2402 599 ad
2436 544 2662 615 aliquid.
2695 545 2748 600 8.
2776 545 2843 602 Et
2874 546 3080 602 factum
3137 556 3223 604 est
3279 550 3510 606 verbum
3558 551 3772 611 Domini

2184 636 2252 692 ad
2290 651 2400 703 me,
2430 637 2654 694 dicens:
2679 635 2805 694 Hac
2832 639 2965 695 dicit
2986 638 3254 697 Dominus
3285 666 3297 698 :
3332 643 3387 699 9.
3416 641 3510 699 Sic
3525 659 3773 701 corrum-

2182 743 2309 799 pam
2350 728 2430 799 (ε)
2469 729 2855 785 contumeliam
2915 729 3102 797 Judae,
3148 741 3204 787 et
3244 731 3324 803 (ε)
3379 736 3772 793 contumeliam

2180 819 2483 879 Jerusalem
2515 822 2601 876 10.
2628 822 2879 886 multam,
2907 824 2974 890 Χ
3000 824 3264 893 populum
3300 826 3451 881 hunc
3480 829 3691 882 malum
3725 831 3770 898 ἒ.

2180 927 2299 980 eos,
2323 913 2417 982 qui
2460 926 2566 970 non
2604 915 2856 982 quierunt
2905 913 3130 970 obedire
3163 915 3345 971 verbis
3386 916 3551 982 meis,
3598 922 3666 985 1ο(
3701 921 3773 989 (y)

2180 1004 2274 1074 qui
2302 1003 2589 1061 ambulant
2614 1004 2668 1059 in
2698 1005 3031 1062 rectitudine
3060 1006 3246 1063 cordis
3269 1009 3340 1074 Χ
3371 1010 3460 1064 sui
3493 1011 3625 1064 mali
3660 1012 3776 1080 :,et

2180 1097 2466 1155 ambulant
2486 1105 2611 1167 post
2634 1096 2767 1154 deos
2789 1097 3017 1165 alienos,
3049 1099 3119 1153 ad
3149 1099 3448 1155 colendum
3480 1104 3768 1159 servitium

2179 1188 2283 1255 eis,
2306 1198 2360 1242 et
2388 1188 2454 1243 ad
2486 1187 2825 1243 adorandum
2849 1197 3045 1245 eos:et
3071 1198 3237 1249 erunt
3272 1202 3332 1246 ut
3370 1192 3604 1261 pallium
3648 1194 3769 1265 hoc,

2180 1280 2329 1350 quod
2361 1294 2471 1335 non
2501 1289 2688 1350 aptum
2712 1281 2818 1336 erit
2847 1295 2912 1335 ne
2934 1281 3155 1351 quidem
3178 1282 3245 1336 ad
3262 1284 3494 1353 aliquid.
3519 1286 3608 1339 11.
3626 1285 3772 1353 Quo—

2179 1372 2327 1428 niam
2375 1373 2521 1428 sicut
2567 1373 2964 1444 agglutinatum
3013 1384 3099 1429 est
3147 1376 3372 1444 pallium
3422 1376 3500 1447 (ι)
3534 1378 3603 1431 ad
3637 1380 3773 1436 latus

2181 1465 2442 1530 hominis,
2480 1466 2557 1521 ita
2598 1465 2932 1535 agglutinavi
2975 1465 3044 1520 ad
3080 1482 3168 1521 me
3196 1470 3265 1535 χ
3300 1481 3524 1524 omnem
3549 1470 3770 1528 domum

2180 1555 2398 1612 Israelis
2441 1556 2490 1624 ζ,
2521 1564 2577 1611 et
2603 1570 2821 1611 omnem
2857 1556 3085 1613 domum
3114 1555 3288 1624 Judae,
3323 1562 3393 1627 χ
3419 1559 3564 1615 dicit
3592 1559 3771 1616 Domi-

2180 1664 2284 1704 nus
2310 1648 2360 1717 ζ,
2390 1657 2451 1704 ut
2484 1658 2631 1705 esset
2657 1648 2792 1703 mihi
2829 1648 2883 1704 in
2911 1649 3173 1719 populum
3234 1654 3613 1718 nominatum,
3639 1663 3694 1707 et
3720 1655 3771 1709 in

2180 1740 2582 1811 gloriationem,
2611 1749 2666 1797 et
2709 1741 2766 1795 in
2812 1741 3080 1811 gloriam,
3114 1751 3170 1797 et
3215 1758 3327 1797 non
3368 1744 3772 1800 exaudiverunt

2108 1822 2151 1879 Β
2178 1847 2285 1888 me.
2316 1833 2405 1887 12.
2438 1832 2503 1887 Et
2524 1832 2674 1889 dices
2698 1832 2767 1888 ad
2791 1833 3052 1902 populum
3082 1834 3311 1889 verbum
3337 1836 3407 1904 Χ
3441 1835 3549 1894 hoc
3572 1836 3596 1903 ζ
3618 1855 3633 1890 :
3653 1834 3775 1891 Hac

2178 1925 2314 1981 dicit
2363 1924 2630 1981 Dominus
2671 1929 2737 1993 ξι(
2773 1919 2917 1987 Deus
2962 1926 3181 1991 lsraelis
3212 1928 3268 1994 ξε
3292 1929 3376 1997 (a)
3412 1925 3613 1984 Omnis
3656 1938 3771 1983 uter

2178 2016 2497 2087 implebitttr
2528 2017 2673 2073 vino.
2702 2016 2770 2072 Et
2811 2019 2947 2080 erit,
2983 2019 3029 2073 si
3061 2018 3301 2073 dixerint
3339 2019 3409 2074 ad
3447 2029 3507 2075 te
3538 2039 3553 2074 :
3588 2018 3773 2077 Nonne

2178 2110 2557 2181 cognoscendo
2614 2123 2725 2165 non
2777 2124 3195 2180 cnguoscemus,
3232 2112 3383 2181 quod
3426 2111 3619 2166 omnis
3660 2122 3773 2167 uter

2178 2202 2495 2272 implebitur
2520 2202 2801 2259 vino?l5.
2823 2202 2997 2257 Etiam
3026 2204 3177 2260 dices
3208 2204 3275 2259 ad
3306 2218 3443 2260 eos:
3491 2202 3623 2260 Haec
3650 2204 3771 2260 dicit

2178 2291 2447 2348 Dominus
2485 2311 2498 2347 :
2531 2292 2673 2348 Ecce
2709 2308 2812 2364 ego
2853 2294 3167 2364 repleturus
3217 2309 3343 2349 sum
3404 2308 3610 2349 omnes
3659 2295 3773 2351 illos

2178 2386 2272 2454 qui
2306 2385 2553 2440 habitant
2603 2387 2656 2439 in
2699 2395 2841 2441 terra
2892 2385 3017 2451 hac,
3048 2394 3103 2440 et
3145 2401 3303 2456 reges
3336 2386 3599 2442 sedentes
3638 2387 3775 2442 ﬁlios

2180 2474 2401 2531 Davidis
2445 2488 2613 2545 super
2664 2476 2866 2530 throno
2911 2489 2976 2532 -ι-
3016 2476 3135 2546 ejus
3165 2477 3213 2543 ζ,
3246 2484 3302 2531 et
3346 2477 3697 2545 sacerdotes,
3724 2488 3775 2533 et

2179 2567 2497 2636 prophetas,
2528 2580 2593 2622 -t-
2626 2576 2681 2622 et
2701 2566 2899 2623 Judam
2932 2567 2983 2635 ζ,
3006 2576 3062 2622 et
3097 2584 3288 2624 omnes
3315 2568 3445 2624 illos
3477 2569 3578 2639 qui
3626 2570 3771 2624 habi-

2181 2667 2297 2713 tant
2324 2659 2377 2713 in
2407 2659 2711 2715 Jerusalem
2742 2660 3009 2715 ebrietate
3054 2677 3070 2713 :
3104 2660 3186 2714 ll.
3219 2659 3285 2715 Et
3314 2659 3634 2732 dispergam
3663 2678 3774 2728 eos,

2179 2752 2380 2817 virum,
2417 2750 2491 2822 (ὸ)
2517 2759 2573 2806 et
2589 2750 2815 2806 fratrem
2848 2751 2993 2821 ejus,
3012 2760 3067 2806 et
3091 2761 3274 2820 patres
3297 2767 3522 2819 eorum,
3555 2762 3612 2808 et
3642 2754 3777 2808 ﬁlios

2180 2858 2367 2897 eorum
2404 2842 2593 2897 simul.
2617 2841 2759 2898 Dicit
2784 2843 3178 2913 Dominus:(c)
3213 2842 3335 2898 Non
3362 2844 3776 2914 concupiscam,

2182 2943 2235 2988 et
2257 2948 2365 2988 non
2383 2947 2629 3003 parcam,
2646 2942 2699 2989 et
2721 2949 2831 2989 non
2848 2932 3152 2989 miserebor
3173 2948 3203 2987 a
3222 2934 3536 3002 perditione
3562 2949 3777 2989 eorum.

2184 3026 2275 3081 15.
2304 3026 2523 3091 Audite,
2548 3038 2601 3081 et
2633 3026 2960 3089 auscultate,
2993 3034 3047 3080 et
3074 3040 3181 3080 non
3210 3038 3310 3081 vos
3342 3025 3614 3094 efferatis,
3652 3028 3777 3097 quia

2187 3117 2453 3178 Dominus
2484 3118 2700 3173 locutus
2733 3126 2836 3174 est.
2871 3119 2962 3174 16.
2991 3117 3125 3174 Date
3174 3119 3408 3174 Domino
3439 3119 3554 3183 Deo
3586 3129 3780 3176 nostro

2182 3209 2433 3279 gloriam,
2483 3219 2777 3279 antequam
2831 3217 3130 3281 antequam
3185 3210 3253 3282 (')
3302 3211 3680 3277 tenehrcscat,
3731 3221 3787 3266 et

2180 3310 2476 3372 antequam
2520 3301 2799 3357 offendant
2833 3301 2998 3369 pedes
3050 3302 3216 3359 vestri
3248 3303 3328 3374 (ά)
3364 3318 3533 3373 super
3558 3311 3785 3357 montes

2183 3394 2522 3449 tenebrosus.
2569 3392 2638 3447 Et
2685 3393 3076 3463 exspectabitis
3128 3394 3184 3449 in
3239 3394 3440 3459 lucem,
3484 3392 3557 3464 (c)
3610 3404 3673 3449 et
3713 3395 3783 3448 ibi

2182 3484 2373 3538 umbra
2408 3483 2638 3539 mortis:
2668 3492 2724 3539 et
2759 3492 3036 3553 ponentur
3074 3484 3129 3538 in
3169 3484 3434 3540 tenebris.
3470 3484 3563 3538 17.
3604 3482 3670 3540 Si
3700 3501 3787 3539 au-

2181 3584 2290 3630 tem
2315 3590 2424 3629 non
2451 3574 2823 3644 audieritisx
2850 3575 2955 3630 hoc
2984 3575 3032 3644 ζ,
3063 3575 3130 3646 (f)
3158 3576 3390 3632 latenter
3412 3574 3571 3631 ﬂebit
3599 3576 3784 3630 anima

2182 3678 2360 3721 vestra
2389 3682 2572 3723 coram
2604 3667 2745 3723 facie
2769 3670 2845 3737 (g)
2875 3667 3242 3733 contumeliae,
3264 3671 3332 3737 Χ
3355 3676 3413 3724 et
3433 3668 3785 3724 lacrimando

2182 3758 2562 3814 lacrimabitur
2596 3760 2644 3829 ζ,
2676 3768 2730 3815 et
2762 3759 3039 3815 deducent
3079 3760 3225 3815 oculi
3255 3761 3424 3815 vestri
3480 3761 3784 3829 lacrimas;

2181 3853 2310 3922 quia
2356 3851 2674 3908 confractus
2721 3862 2809 3908 est
2860 3867 2992 3923 grex
3031 3850 3269 3907 Domini.
3302 3852 3392 3906 18.
3431 3851 3623 3908 Dicite
3654 3853 3782 3923 regi,

2181 3956 2237 3999 et
2275 3944 2352 4014 (It)
2383 3946 2694 4015 potentibus
2743 3963 2758 3999 :
2808 3945 3222 4013 Humiliamini,
3272 3956 3329 4002 et
3382 3947 3619 4016 sedete;
3666 3949 3784 4018 quia

2183 4038 2397 4092 sublata
2428 4046 2513 4092 est
2539 4038 2608 4093 de
2640 4039 2818 4110 capite
2858 4051 3045 4094 vestro
3100 4055 3305 4096 corona
3342 4042 3537 4112 gloriae
3572 4051 3783 4098 vestrae.

2186 4128 2274 4183 19.
2297 4129 2359 4199 (ἰ)
2382 4128 2576 4194 Urbes,
2602 4144 2726 4200 quae
2758 4130 2824 4185 ad
2847 4140 3119 4196 austrum,
3144 4132 3373 4188 inclusas
3405 4142 3564 4199 sunt,
3607 4143 3663 4188 et
3682 4148 3781 4187 non

2183 4228 2321 4283 erat,
2340 4220 2432 4286 qui
2452 4222 2682 4290 aperiat.
2708 4220 3145 4293 Transmigravit
3163 4222 3326 4292 Juda,
3363 4225 3785 4294 perfecittrans-

2183 4310 2574 4380 migrationem
2635 4312 2713 4384 (Ir)
2764 4314 3166 4371 retributionis.
3234 4315 3328 4370 20.
3386 4315 3538 4372 Leva
3600 4318 3783 4372 oculos

2184 4408 2331 4465 tuos,
2360 4412 2425 4454 -ι-
2451 4397 2758 4457 Jerusalem
2787 4402 2834 4470 ζ,
2854 4412 2909 4458 et
2939 4404 3062 4460 vide
3091 4405 3375 4463 Venientes
3406 4406 3483 4461 ab
3506 4406 3780 4477 aquilone.

499 4505 587 4544 me
621 4507 637 4546 :
673 4488 869 4561 Surge,
893 4490 1029 4545 vade
1057 4491 1123 4544 ad
1156 4489 1515 4559 Euphratem,
1551 4500 1606 4546 ct
1636 4506 1794 4546 sume
1814 4492 1938 4549 inde
1969 4494 2083 4563 pal-
2116 4503 2159 4561 ι)
2191 4490 2293 4546 Ubi
2321 4500 2408 4547 est
2432 4493 2695 4563 ενοι,ᾳαί
2719 4495 2879 4549 datus
2904 4504 2989 4550 est
3017 4496 3137 4559 tibi,
3170 4511 3305 4552 oves
3330 4497 3397 4567 (ι)
3419 4498 3617 4567 gloria:
3637 4508 3739 4553 tua:
3765 4497 3786 4551 ἶ

500 4584 652 4648 lium,
684 4582 829 4653 quod
877 4582 1109 4652 praecepi
1147 4583 1263 4646 tibi,
1311 4592 1372 4636 ut
1406 4583 1774 4640 absconderes
1812 4584 1907 4639 ibi.
1944 4585 1994 4640 7.
2020 4586 2088 4640 Et
2191 4583 2283 4638 21.
2311 4584 2452 4651 Quid
2471 4584 2640 4648 dices,
2683 4601 2808 4641 cum
2838 4587 2934 4657 (m)
2973 4588 3321 4644 visitaverint
3362 4590 3451 4644 te?
3480 4591 3551 4646 Et
3592 4601 3651 4645 tu
3693 4589 3784 4644 doc

498 4674 609 4729 abii
651 4677 717 4729 ad
767 4674 1121 4745 Euphratem,
1152 4683 1205 4728 et
1235 4673 1418 4737 effodi,
1468 4682 1522 4727 et
1545 4676 1716 4730 sumsi
1762 4676 1985 4745 pallium
2017 4693 2085 4732 ex

494 4763 641 4830 loco,
677 4780 785 4835 quo
807 4764 871 4835 (ι)
905 4763 1063 4819 obrui
1088 4764 1221 4818 illud
1254 4764 1347 4818 ibi.
1370 4763 1437 4817 Et
1461 4780 1587 4820 ecce
1618 4777 1935 4837 corruptum
1964 4776 2085 4823 erat

576 5007 652 5079 (ὸ)
686 5007 776 5079 Α..
811 5005 896 5079 8.,
928 5006 1124 5079 dilecta
1148 5006 1344 5079 animm
1369 5021 1525 5062 mete.
1603 5005 1674 5076 (c)
1706 5005 2200 5079 Conculgaverunt.
2279 5004 2337 5079 (ᾴ

502 5075 644 5133 ιιιιέ.⁷
691 5075 755 5149 (f)
786 5077 879 5141 Α.,
904 5078 1219 5160 praedones.
1250 5077 1336 5143 8.,
1367 5075 1734 5159 corruptores.
1812 5076 1828 5145 (

502 5148 587 5204 S..
625 5156 680 5204 et
718 5148 1107 5204 haereditabttts
1151 5163 1262 5204 non
1305 5148 1508 5203 fidelia.
1587 5146 1651 5204 (ι)
1698 5144 1828 5201 Vest

504 5148 587 5215 S.,
625 5156 680 5204 et
704 5146 1107 5204 "haereditabitis
1151 5163 1262 5204 non
1305 5146 1539 5203 fidelia.’
1587 5146 1651 5218 (ἱ)
1698 5146 1923 5201 Vestrae.

504 5217 742 5298 Domini.
775 5286 796 5298 _
825 5215 919 5298 (ut)
953 5216 1160 5297 A.,_S.,
1197 5235 1362 5298 quam
1411 5218 1534 5273 dedi
1565 5224 1762 5298 sortes.
1841 5215 1921 5298 (πὶ

504 5291 736 5360 gratiam
771 5286 968 5360 faciam
988 5287 1116 5360 Aeis.

503 5356 799 5414 audierint.
878 5358 942 5427 (ι)
976 5356 1129 5424 Quod
1169 5356 1453 5414 abScondi.
1564 5359 1643 5482 Su)

505 5431 582 5482 lui
614 5428 698 5482 8..
735 5428 829 5482 aui
861 5428 1138 5482 praecincti
1188 5430 1446 5482 incedunt
1474 5428 1527 5482 in
1594 5444 1639 5482 ie

505 5431 582 5501 (y)
614 5428 698 5495 8.,
735 5428 829 5510 qui
859 5428 1138 5498 praecincti
1188 5430 1446 5510 incedunt
1474 5428 1527 5509 in

504 5499 694 5554 lumbo
723 5515 845 5554 γει-ι.
923 5499 997 5554 lc)
1021 5498 1109 5554 A..
1132 5513 1313 5553 omnis
1353 5500 1527 5554 hvdru

506 5643 759 5711 umbram
780 5638 786 5640 “
808 5638 1022 5711 mortis.
1098 5639 1165 5711 (Ῑ)
1192 5639 1297 5711 ΑηΔ
1314 5638 1372 5711 it_t
1402 5638 1658 5711 tenebris.

1696 5357 1787 5429 Α..
1832 5372 1941 5429 non
1972 5356 2397 5429 prosperabatur
2445 5370 2512 5408 ne
2540 5356 2758 5429 quidem
2791 5357 2856 5410 ad
2887 5357 3115 5429 aliquid.

2194 4676 2359 4730 cuisti
2390 4690 2487 4731 cos
2514 4676 2593 4745 (η)
2618 4686 2808 4732 contra
2833 4686 2885 4732 te
2905 4678 3189 4735 doctrinas
3218 4680 3294 4750 (ο)
3322 4681 3377 4735 in
3412 4682 3786 4752 principium?

2191 4761 2382 4820 Nonne
2419 4764 2639 4822 dolores
2667 4768 3150 4850 comprehendent.
3174 4779 3251 4833 te,
3288 4778 3347 4825 ut
3376 4771 3671 4827 mulierem
3694 4786 3783 4841 pa-

2390 5003 2775 5080 llrereditatem
2803 5020 3006 5061 meam.
3085 5009 3156 5080 (ε)
3178 5009 3270 5075 Α.,
3304 5008 3389 5077 8.,
3420 5011 3567 5067 luxit
3599 5021 3784 5067 contra

1812 5007 2200 5060 iculcaverunt.
2278 5007 2357 5146 ξάζ
2390 5007 2775 5061 Ηωτθᾱίιδιεω
2803 5020 3006 5061 meam.
3085 5009 3156 5080 (ε)
3178 5009 3270 5075 Α.,
3304 5008 3389 5077 8.,
3420 5011 3567 5067 luxit
3599 5021 3782 5067 contra

1812 5076 1886 5162 _(g)
1921 5076 2199 5162 Extremo.
2278 5075 2329 5162 7h
2492 5076 2657 5162 flata:
2686 5086 2829 5162 sunt
2849 5080 2929 5133 eis
2966 5086 3423 5162 sorte‘s,'_etonon
3459 5083 3782 5162 proderunt.

2027 5145 2119 5215 (It),
2140 5148 2229 5210 A.,
2276 5144 2637 5214 proventibus
2668 5147 2883 5201 vestris.

1841 5215 1917 5285 (η)
1947 5214 2042 5277 A.,
2084 5214 2167 5285 8.,
2198 5230 2513 5285 excerpam.

1196 5284 1270 5361 (ἦ)
1306 5289 1485 5361 A.,Uet
1514 5288 1823 5361 restituam.
1854 5284 1859 5285 7
1902 5284 1975 5354 (r)
2018 5286 2080 5339 Μ.

2181 5284 2394 5361 ΉξΙἸῈΣ
2428 5284 2756 5361 ΜΑΘΩΣΑΙΝ,
2787 5286 3052 5361 discentes
3078 5284 3417 5361 didicerint."
3444 5284 3535 5361 '(s)
3578 5284 3673 5355 Ἀ..
3707 5289 3785 5356 8.,

2980 5148 3044 5216 (ι)
3083 5147 3311 5219 Reliqui,
3340 5151 3410 5204 ab
3461 5147 3549 5205 ira
3586 5152 3785 5207 furoris

2594 5215 2915 5292 @__4.,__S.,
2958 5215 3307 5292 execrpsero,
3385 5222 3463 5292 (p)
3497 5223 3592 5287 .1.,
3628 5220 3789 5292 8.,λει

3222 5362 3301 5430 μς)
3323 5360 3364 5413 Α
3377 5401 3413 5425 .,
3450 5360 3785 5430 superbiam.

1594 5424 1913 5501 ieneplacito
1938 5424 2123 5501 c0rdis_
2151 5424 2423 5501 sui,._eos,
2470 5428 2557 5501 qui
2584 5424 3111 5501 adhzercscunt'diis
3134 5424 3539 5501 mendacibusf
3594 5435 3671 5501 (ι)
3700 5432 3785 5495 A.,

923 5499 997 5569 (c)
1021 5498 1109 5562 A.,
1132 5500 1313 5553 omnis
1353 5499 1542 5569 hydria
1572 5507 1625 5553 et
1656 5493 1837 5569 omnis
1873 5494 2180 5569 laguncula.
2260 5493 2344 5560 8.,
2376 5496 2559 5550 omnis
2589 5505 2786 5549 crater.
2863 5496 2938 5564 (ὁ)
2971 5496 3062 5561 .1.,
3089 5498 3182 5569 ad.
3256 5500 3327 5569 (c)
3352 5499 3437 5565 8.,
3483 5493 3785 5556 ηοῐίώὶεεὲ

507 5571 691 5625 rebor.
770 5570 834 5640 (⁶)
865 5564 1294 5640 Siciteraturin
1317 5564 1470 5640 textu
1512 5567 1633 5640 Syr.
1668 5565 1872 5640 Desert.
1951 5565 2030 5634 (ά)
2057 5564 2367 5640 A._,_supcr_
2390 5574 2614 5640 montes
2649 5575 2970 5640 nocturnos.

1839 5638 1877 5711 ‘5
1894 5678 1930 5705 ’ν
1957 5631 2080 5711 sui)?

2181 5631 2271 5687 ae.‘
2324 5631 2402 5703 (Ιι)
2445 5634 2936 5711 Λη-όριιιίηδιτίςί.
2974 5631 3385 5711 S.,'_domin2.'
3420 5639 3485 5711 (ἱ)
3511 5639 3596 5705 8.,
3623 5640 3782 5711 urbes

510 5710 754 5764 meridiei
779 5710 979 5765 clausae
1008 5704 1157 5767 sunt.
1236 5707 1308 5777 (it)
1338 5706 1663 5762 Perfectam.
1742 5704 1805 5777 (1)
1836 5704 1923 5772 8.,
1952 5704 2239 5777 celebratae
2267 5713 2393 5757 tuae.

3048 5568 3117 5641 (ej
3149 5567 3239 5641 A.,
3269 5567 3328 5623 et
3366 5580 3549 5641 ponet_
3572 5585 3703 5641 eam
3732 5569 3782 5624 in

2473 5706 2567 5775 (m)
2589 5701 2673 5772 8.,
2709 5705 3106 5764 examinaverit
3136 5715 3223 5776 te;
3256 5717 3313 5766 tu
3342 5701 3493 5767 enim
3526 5701 3781 5769 docuisti.

513 5780 591 5850 (η)
625 5780 711 5847 8.,
732 5780 820 5834 illa
858 5798 1023 5851 super
1052 5798 1110 5838 se
1132 5773 1842 5849 adsuefecitprincipattim.
1918 5776 1994 5845 (ο)
2026 5774 2116 5842 Α.,
2145 5773 2198 5829 in
2231 5784 2414 5844 caput.
