  <div class='ocr_page' id='page_1' title='image "/cluster/home/n/w/nwhite01/storage/ocr_20150623/16, pt. 2 (Origen, pt. 6)/nyp.33433081862330/541.png"; bbox 0 0 3902 6514; ppageno 0'>
   <div class='ocr_carea' id='block_1_1' title="bbox 409 5674 1224 5744">
    <p class='ocr_par' dir='ltr' id='par_1_1' title="bbox 409 5674 1224 5744">
     <span class='ocr_line' id='line_1_1' title="bbox 409 5674 1224 5744; baseline 0.001 -16"><span class='ocrx_word' id='word_1_1' title='bbox 409 5703 414 5707; x_wconf 94' lang='grc'><strong>-</strong></span> <span class='ocrx_word' id='word_1_2' title='bbox 496 5674 572 5744; x_wconf 77' lang='lat' dir='ltr'><strong>(z)</strong></span> <span class='ocrx_word' id='word_1_3' title='bbox 613 5678 703 5738; x_wconf 77' lang='grc' dir='ltr'><strong>Α..</strong></span> <span class='ocrx_word' id='word_1_4' title='bbox 732 5677 1224 5741; x_wconf 82' lang='lat' dir='ltr'><strong>T/i.,animalibus.</strong></span> 
     </span>
    </p>
   </div>
   <div class='ocr_carea' id='block_1_2' title="bbox 521 349 663 406">
    <p class='ocr_par' dir='ltr' id='par_1_2' title="bbox 521 349 663 406">
     <span class='ocr_line' id='line_1_2' title="bbox 521 349 663 406; baseline -0.028 -1"><span class='ocrx_word' id='word_1_5' title='bbox 521 349 628 406; x_wconf 69' lang='lat'><strong>25:!</strong></span> <span class='ocrx_word' id='word_1_6' title='bbox 638 350 663 401; x_wconf 74' lang='grc' dir='ltr'><em>Ἰ</em></span> 
     </span>
    </p>
   </div>
   <div class='ocr_carea' id='block_1_3' title="bbox 1692 349 2639 409">
    <p class='ocr_par' dir='ltr' id='par_1_3' title="bbox 1692 349 2639 409">
     <span class='ocr_line' id='line_1_3' title="bbox 1692 349 2639 409; baseline 0.006 -7"><span class='ocrx_word' id='word_1_7' title='bbox 1692 349 1916 406; x_wconf 69' lang='grc' dir='ltr'><strong>(ΙΟΟΕΧ</strong></span> <span class='ocrx_word' id='word_1_8' title='bbox 1970 350 2639 409; x_wconf 65' lang='lat' dir='ltr'><strong>SYBOoHE‘XAPLARIS.</strong></span> 
     </span>
    </p>
   </div>
   <div class='ocr_carea' id='block_1_4' title="bbox 3649 350 3766 405">
    <p class='ocr_par' dir='ltr' id='par_1_4' title="bbox 3649 350 3766 405">
     <span class='ocr_line' id='line_1_4' title="bbox 3649 350 3766 405; baseline 0.009 -1"><span class='ocrx_word' id='word_1_9' title='bbox 3649 350 3766 405; x_wconf 72' lang='lat'><strong>9.328</strong></span> 
     </span>
    </p>
   </div>
   <div class='ocr_carea' id='block_1_5' title="bbox 523 465 3768 538">
    <p class='ocr_par' dir='ltr' id='par_1_5' title="bbox 523 465 3768 538">
     <span class='ocr_line' id='line_1_5' title="bbox 523 465 3768 538; baseline -0.001 -18"><span class='ocrx_word' id='word_1_10' title='bbox 523 483 672 531; x_wconf 90' lang='lat' dir='ltr'><strong>nem,</strong></span> <span class='ocrx_word' id='word_1_11' title='bbox 721 478 776 522; x_wconf 93' lang='lat' dir='ltr'><strong>et</strong></span> <span class='ocrx_word' id='word_1_12' title='bbox 824 468 1075 523; x_wconf 89' lang='lat' dir='ltr'><strong>volucres</strong></span> <span class='ocrx_word' id='word_1_13' title='bbox 1124 467 1268 530; x_wconf 74' lang='lat' dir='ltr'><strong>cadi,</strong></span> <span class='ocrx_word' id='word_1_14' title='bbox 1300 475 1353 521; x_wconf 87' lang='lat' dir='ltr'><strong>et</strong></span> <span class='ocrx_word' id='word_1_15' title='bbox 1382 466 1586 522; x_wconf 77' lang='lat' dir='ltr'><strong>bestias</strong></span> <span class='ocrx_word' id='word_1_16' title='bbox 1613 483 1772 523; x_wconf 69' lang='lat' dir='ltr'><strong>terra:</strong></span> <span class='ocrx_word' id='word_1_17' title='bbox 1800 469 1866 523; x_wconf 90' lang='lat' dir='ltr'><strong>ad</strong></span> <span class='ocrx_word' id='word_1_18' title='bbox 1897 469 2104 532; x_wconf 84' lang='lat' dir='ltr'><strong>cibum,</strong></span> <span class='ocrx_word' id='word_1_19' title='bbox 2131 476 2179 530; x_wconf 76' lang='grc' dir='ltr'><strong>Α</strong></span> <span class='ocrx_word' id='word_1_20' title='bbox 2212 468 2459 524; x_wconf 86' lang='lat' dir='ltr'><strong>Seorsim</strong></span> <span class='ocrx_word' id='word_1_21' title='bbox 2500 470 2779 535; x_wconf 82' lang='lat' dir='ltr'><strong>sedebam,</strong></span> <span class='ocrx_word' id='word_1_22' title='bbox 2822 467 2949 538; x_wconf 88' lang='lat' dir='ltr'><strong>quia</strong></span> <span class='ocrx_word' id='word_1_23' title='bbox 3006 465 3076 537; x_wconf 73' lang='grc' dir='ltr'><strong>(ε)</strong></span> <span class='ocrx_word' id='word_1_24' title='bbox 3134 465 3504 522; x_wconf 83' lang='lat' dir='ltr'><strong>amaritudine</strong></span> <span class='ocrx_word' id='word_1_25' title='bbox 3561 466 3768 534; x_wconf 72' lang='lat' dir='ltr'><strong>repletus</strong></span> 
     </span>
    </p>
   </div>
   <div class='ocr_carea' id='block_1_6' title="bbox 523 556 2111 629">
    <p class='ocr_par' dir='ltr' id='par_1_6' title="bbox 523 556 2111 629">
     <span class='ocr_line' id='line_1_6' title="bbox 523 556 2111 629; baseline 0 -17"><span class='ocrx_word' id='word_1_26' title='bbox 523 568 580 612; x_wconf 87' lang='lat' dir='ltr'><strong>et</strong></span> <span class='ocrx_word' id='word_1_27' title='bbox 613 558 680 613; x_wconf 90' lang='lat' dir='ltr'><strong>ad</strong></span> <span class='ocrx_word' id='word_1_28' title='bbox 713 559 1144 628; x_wconf 70' lang='lat' dir='ltr'><strong>corruptionem.</strong></span> <span class='ocrx_word' id='word_1_29' title='bbox 1173 559 1225 612; x_wconf 73' lang='grc'><strong>4.</strong></span> <span class='ocrx_word' id='word_1_30' title='bbox 1266 556 1331 612; x_wconf 82' lang='grc' dir='ltr'><strong>Ει</strong></span> <span class='ocrx_word' id='word_1_31' title='bbox 1360 560 1573 613; x_wconf 77' lang='lat' dir='ltr'><strong>tradam</strong></span> <span class='ocrx_word' id='word_1_32' title='bbox 1607 573 1700 614; x_wconf 88' lang='lat' dir='ltr'><strong>eos</strong></span> <span class='ocrx_word' id='word_1_33' title='bbox 1745 560 1822 627; x_wconf 86' lang='lat' dir='ltr'><strong>(a)</strong></span> <span class='ocrx_word' id='word_1_34' title='bbox 1847 560 1906 612; x_wconf 91' lang='lat' dir='ltr'><strong>in</strong></span> <span class='ocrx_word' id='word_1_35' title='bbox 1933 574 2111 629; x_wconf 80' lang='lat' dir='ltr'><strong>angu-</strong></span> 
     </span>
    </p>
   </div>
   <div class='ocr_carea' id='block_1_7' title="bbox 523 649 2109 720">
    <p class='ocr_par' dir='ltr' id='par_1_7' title="bbox 523 649 2109 720">
     <span class='ocr_line' id='line_1_7' title="bbox 523 649 2109 720; baseline -0.001 -14"><span class='ocrx_word' id='word_1_36' title='bbox 523 652 662 706; x_wconf 86' lang='lat' dir='ltr'><strong>stias</strong></span> <span class='ocrx_word' id='word_1_37' title='bbox 697 652 955 706; x_wconf 88' lang='lat' dir='ltr'><strong>omnibus</strong></span> <span class='ocrx_word' id='word_1_38' title='bbox 991 649 1176 720; x_wconf 80' lang='lat' dir='ltr'><strong>regnis</strong></span> <span class='ocrx_word' id='word_1_39' title='bbox 1212 659 1370 704; x_wconf 70' lang='lat' dir='ltr'><strong>terra:</strong></span> <span class='ocrx_word' id='word_1_40' title='bbox 1423 658 1646 720; x_wconf 78' lang='lat' dir='ltr'><strong>propter</strong></span> <span class='ocrx_word' id='word_1_41' title='bbox 1694 651 1999 707; x_wconf 84' lang='lat' dir='ltr'><strong>Manasscm</strong></span> <span class='ocrx_word' id='word_1_42' title='bbox 2043 651 2109 705; x_wconf 82' lang='lat' dir='ltr'><strong>ti-</strong></span> 
     </span>
    </p>
   </div>
   <div class='ocr_carea' id='block_1_8' title="bbox 523 737 2113 808">
    <p class='ocr_par' dir='ltr' id='par_1_8' title="bbox 523 737 2113 808">
     <span class='ocr_line' id='line_1_8' title="bbox 523 737 2113 808; baseline -0.001 -14"><span class='ocrx_word' id='word_1_43' title='bbox 523 740 659 795; x_wconf 91' lang='lat' dir='ltr'><strong>lium</strong></span> <span class='ocrx_word' id='word_1_44' title='bbox 697 740 940 795; x_wconf 80' lang='lat' dir='ltr'><strong>Hezeciae</strong></span> <span class='ocrx_word' id='word_1_45' title='bbox 973 753 1153 806; x_wconf 74' lang='lat' dir='ltr'><strong>regem</strong></span> <span class='ocrx_word' id='word_1_46' title='bbox 1186 737 1361 804; x_wconf 63' lang='lat' dir='ltr'><strong>Judae,</strong></span> <span class='ocrx_word' id='word_1_47' title='bbox 1401 754 1500 808; x_wconf 89' lang='lat' dir='ltr'><strong>pro</strong></span> <span class='ocrx_word' id='word_1_48' title='bbox 1528 740 1805 800; x_wconf 90' lang='lat' dir='ltr'><strong>omnibus,</strong></span> <span class='ocrx_word' id='word_1_49' title='bbox 1833 755 1956 808; x_wconf 82' lang='lat' dir='ltr'><strong>quae</strong></span> <span class='ocrx_word' id='word_1_50' title='bbox 1983 738 2113 793; x_wconf 87' lang='lat' dir='ltr'><strong>fecit</strong></span> 
     </span>
    </p>
   </div>
   <div class='ocr_carea' id='block_1_9' title="bbox 526 827 2110 898">
    <p class='ocr_par' dir='ltr' id='par_1_9' title="bbox 526 827 2110 898">
     <span class='ocr_line' id='line_1_9' title="bbox 526 827 2110 898; baseline -0.003 -12"><span class='ocrx_word' id='word_1_51' title='bbox 526 833 582 886; x_wconf 90' lang='lat' dir='ltr'><strong>in</strong></span> <span class='ocrx_word' id='word_1_52' title='bbox 617 831 947 886; x_wconf 80' lang='lat' dir='ltr'><strong>Jerusalem.</strong></span> <span class='ocrx_word' id='word_1_53' title='bbox 990 831 1046 884; x_wconf 80' lang='grc'><strong>5.</strong></span> <span class='ocrx_word' id='word_1_54' title='bbox 1072 829 1206 894; x_wconf 90' lang='lat' dir='ltr'><strong>Quis</strong></span> <span class='ocrx_word' id='word_1_55' title='bbox 1243 838 1427 898; x_wconf 78' lang='lat' dir='ltr'><strong>parcet</strong></span> <span class='ocrx_word' id='word_1_56' title='bbox 1455 844 1621 898; x_wconf 85' lang='lat' dir='ltr'><strong>super</strong></span> <span class='ocrx_word' id='word_1_57' title='bbox 1663 838 1734 893; x_wconf 89' lang='lat' dir='ltr'><strong>te,</strong></span> <span class='ocrx_word' id='word_1_58' title='bbox 1761 827 2110 882; x_wconf 81' lang='lat' dir='ltr'><strong>Jerusalem?</strong></span> 
     </span>
    </p>
   </div>
   <div class='ocr_carea' id='block_1_10' title="bbox 523 921 2109 992">
    <p class='ocr_par' dir='ltr' id='par_1_10' title="bbox 523 921 2109 992">
     <span class='ocr_line' id='line_1_10' title="bbox 523 921 2109 992; baseline -0.001 -16"><span class='ocrx_word' id='word_1_59' title='bbox 523 932 597 976; x_wconf 83' lang='lat' dir='ltr'><strong>et-</strong></span> <span class='ocrx_word' id='word_1_60' title='bbox 630 923 756 992; x_wconf 84' lang='lat' dir='ltr'><strong>quis</strong></span> <span class='ocrx_word' id='word_1_61' title='bbox 802 921 1218 976; x_wconf 85' lang='lat' dir='ltr'><strong>contristabitur</strong></span> <span class='ocrx_word' id='word_1_62' title='bbox 1255 936 1418 989; x_wconf 77' lang='lat' dir='ltr'><strong>super</strong></span> <span class='ocrx_word' id='word_1_63' title='bbox 1454 921 1536 973; x_wconf 86' lang='lat' dir='ltr'><strong>te?</strong></span> <span class='ocrx_word' id='word_1_64' title='bbox 1586 928 1682 972; x_wconf 87' lang='lat' dir='ltr'><strong>aut</strong></span> <span class='ocrx_word' id='word_1_65' title='bbox 1718 921 1841 989; x_wconf 75' lang='lat' dir='ltr'><strong>quis</strong></span> <span class='ocrx_word' id='word_1_66' title='bbox 1872 929 2109 974; x_wconf 56' lang='lat' dir='ltr'><strong>revale-</strong></span> 
     </span>
    </p>
   </div>
   <div class='ocr_carea' id='block_1_11' title="bbox 526 1013 2107 1083">
    <p class='ocr_par' dir='ltr' id='par_1_11' title="bbox 526 1013 2107 1083">
     <span class='ocr_line' id='line_1_11' title="bbox 526 1013 2107 1083; baseline 0 -17"><span class='ocrx_word' id='word_1_67' title='bbox 526 1022 635 1077; x_wconf 94' lang='lat' dir='ltr'><strong>tur,</strong></span> <span class='ocrx_word' id='word_1_68' title='bbox 691 1019 756 1080; x_wconf 48' lang='grc' dir='ltr'><strong>Β(</strong></span> <span class='ocrx_word' id='word_1_69' title='bbox 814 1013 1174 1083; x_wconf 81' lang='lat' dir='ltr'><strong>interrogabit</strong></span> <span class='ocrx_word' id='word_1_70' title='bbox 1223 1014 1244 1081; x_wconf 98' lang='lat'><strong>1</strong></span> <span class='ocrx_word' id='word_1_71' title='bbox 1283 1014 1334 1066; x_wconf 92' lang='lat' dir='ltr'><strong>in</strong></span> <span class='ocrx_word' id='word_1_72' title='bbox 1370 1027 1557 1082; x_wconf 90' lang='lat' dir='ltr'><strong>pacem</strong></span> <span class='ocrx_word' id='word_1_73' title='bbox 1591 1013 1780 1066; x_wconf 82' lang='lat' dir='ltr'><strong>luant?</strong></span> <span class='ocrx_word' id='word_1_74' title='bbox 1815 1013 1867 1066; x_wconf 84' lang='lat'><strong>6.</strong></span> <span class='ocrx_word' id='word_1_75' title='bbox 1899 1013 1980 1066; x_wconf 86' lang='lat' dir='ltr'><strong>Tu</strong></span> <span class='ocrx_word' id='word_1_76' title='bbox 2023 1014 2107 1066; x_wconf 87' lang='lat' dir='ltr'><strong>in-</strong></span> 
     </span>
    </p>
   </div>
   <div class='ocr_carea' id='block_1_12' title="bbox 521 1105 2108 1174">
    <p class='ocr_par' dir='ltr' id='par_1_12' title="bbox 521 1105 2108 1174">
     <span class='ocr_line' id='line_1_12' title="bbox 521 1105 2108 1174; baseline -0.001 -13"><span class='ocrx_word' id='word_1_77' title='bbox 521 1106 745 1174; x_wconf 75' lang='lat' dir='ltr'><strong>dignata</strong></span> <span class='ocrx_word' id='word_1_78' title='bbox 789 1122 850 1162; x_wconf 89' lang='lat' dir='ltr'><strong>es</strong></span> <span class='ocrx_word' id='word_1_79' title='bbox 881 1121 990 1172; x_wconf 90' lang='lat' dir='ltr'><strong>me,</strong></span> <span class='ocrx_word' id='word_1_80' title='bbox 1021 1106 1158 1160; x_wconf 87' lang='lat' dir='ltr'><strong>dicit</strong></span> <span class='ocrx_word' id='word_1_81' title='bbox 1188 1105 1454 1158; x_wconf 82' lang='lat' dir='ltr'><strong>Dominus</strong></span> <span class='ocrx_word' id='word_1_82' title='bbox 1492 1122 1504 1157; x_wconf 92' lang='lat'>:</span> <span class='ocrx_word' id='word_1_83' title='bbox 1541 1112 1843 1158; x_wconf 83' lang='lat' dir='ltr'><strong>retrorsum</strong></span> <span class='ocrx_word' id='word_1_84' title='bbox 1879 1105 2001 1159; x_wconf 88' lang='lat' dir='ltr'><strong>ibis.</strong></span> <span class='ocrx_word' id='word_1_85' title='bbox 2041 1105 2108 1160; x_wconf 86' lang='lat' dir='ltr'><strong>Et</strong></span> 
     </span>
    </p>
   </div>
   <div class='ocr_carea' id='block_1_13' title="bbox 520 1201 2104 1267">
    <p class='ocr_par' dir='ltr' id='par_1_13' title="bbox 520 1201 2104 1267">
     <span class='ocr_line' id='line_1_13' title="bbox 520 1201 2104 1267; baseline -0.003 -13"><span class='ocrx_word' id='word_1_86' title='bbox 520 1201 810 1254; x_wconf 79' lang='lat' dir='ltr'><strong>extendam</strong></span> <span class='ocrx_word' id='word_1_87' title='bbox 855 1215 1078 1253; x_wconf 90' lang='lat' dir='ltr'><strong>manum</strong></span> <span class='ocrx_word' id='word_1_88' title='bbox 1126 1213 1303 1252; x_wconf 90' lang='lat' dir='ltr'><strong>meam</strong></span> <span class='ocrx_word' id='word_1_89' title='bbox 1337 1212 1503 1266; x_wconf 90' lang='lat' dir='ltr'><strong>super</strong></span> <span class='ocrx_word' id='word_1_90' title='bbox 1530 1207 1601 1262; x_wconf 90' lang='lat' dir='ltr'><strong>te,</strong></span> <span class='ocrx_word' id='word_1_91' title='bbox 1654 1206 1710 1251; x_wconf 69' lang='grc' dir='ltr'><strong>ΕΙ.</strong></span> <span class='ocrx_word' id='word_1_92' title='bbox 1756 1212 2104 1267; x_wconf 72' lang='lat' dir='ltr'><strong>corrumpam</strong></span> 
     </span>
    </p>
   </div>
   <div class='ocr_carea' id='block_1_14' title="bbox 526 1290 2106 1361">
    <p class='ocr_par' dir='ltr' id='par_1_14' title="bbox 526 1290 2106 1361">
     <span class='ocr_line' id='line_1_14' title="bbox 526 1290 2106 1361; baseline 0.001 -16"><span class='ocrx_word' id='word_1_93' title='bbox 526 1301 597 1354; x_wconf 90' lang='lat' dir='ltr'><strong>te,</strong></span> <span class='ocrx_word' id='word_1_94' title='bbox 635 1291 711 1361; x_wconf 88' lang='lat' dir='ltr'><strong>(b)</strong></span> <span class='ocrx_word' id='word_1_95' title='bbox 762 1301 952 1346; x_wconf 80' lang='lat' dir='ltr'><strong>etnon</strong></span> <span class='ocrx_word' id='word_1_96' title='bbox 1001 1291 1238 1360; x_wconf 86' lang='lat' dir='ltr'><strong>amplius</strong></span> <span class='ocrx_word' id='word_1_97' title='bbox 1268 1290 1544 1344; x_wconf 75' lang='lat' dir='ltr'><strong>dimittant</strong></span> <span class='ocrx_word' id='word_1_98' title='bbox 1579 1305 1714 1347; x_wconf 88' lang='lat' dir='ltr'><strong>eos:</strong></span> <span class='ocrx_word' id='word_1_99' title='bbox 1752 1290 1803 1345; x_wconf 89' lang='lat'><strong>7.</strong></span> <span class='ocrx_word' id='word_1_100' title='bbox 1840 1292 1910 1360; x_wconf 90' lang='lat' dir='ltr'><strong>(c)</strong></span> <span class='ocrx_word' id='word_1_101' title='bbox 1945 1302 2000 1346; x_wconf 91' lang='lat' dir='ltr'><strong>et</strong></span> <span class='ocrx_word' id='word_1_102' title='bbox 2023 1291 2106 1346; x_wconf 86' lang='lat' dir='ltr'><strong>di-</strong></span> 
     </span>
    </p>
   </div>
   <div class='ocr_carea' id='block_1_15' title="bbox 521 1382 2104 1453">
    <p class='ocr_par' dir='ltr' id='par_1_15' title="bbox 521 1382 2104 1453">
     <span class='ocr_line' id='line_1_15' title="bbox 521 1382 2104 1453; baseline 0.001 -16"><span class='ocrx_word' id='word_1_103' title='bbox 521 1397 774 1453; x_wconf 73' lang='lat' dir='ltr'><strong>Spergam</strong></span> <span class='ocrx_word' id='word_1_104' title='bbox 829 1397 925 1438; x_wconf 89' lang='lat' dir='ltr'><strong>eos</strong></span> <span class='ocrx_word' id='word_1_105' title='bbox 974 1383 1028 1436; x_wconf 93' lang='lat' dir='ltr'><strong>iu</strong></span> <span class='ocrx_word' id='word_1_106' title='bbox 1088 1382 1452 1450; x_wconf 80' lang='lat' dir='ltr'><strong>dispersione,</strong></span> <span class='ocrx_word' id='word_1_107' title='bbox 1507 1383 1561 1436; x_wconf 91' lang='lat' dir='ltr'><strong>in</strong></span> <span class='ocrx_word' id='word_1_108' title='bbox 1597 1383 1771 1452; x_wconf 88' lang='lat' dir='ltr'><strong>portis</strong></span> <span class='ocrx_word' id='word_1_109' title='bbox 1805 1383 1884 1453; x_wconf 76' lang='grc' dir='ltr'><strong>(ά)</strong></span> <span class='ocrx_word' id='word_1_110' title='bbox 1919 1384 2104 1453; x_wconf 89' lang='lat' dir='ltr'><strong>populi</strong></span> 
     </span>
    </p>
   </div>
   <div class='ocr_carea' id='block_1_16' title="bbox 523 1475 2101 1546">
    <p class='ocr_par' dir='ltr' id='par_1_16' title="bbox 523 1475 2101 1546">
     <span class='ocr_line' id='line_1_16' title="bbox 523 1475 2101 1546; baseline -0.001 -15"><span class='ocrx_word' id='word_1_111' title='bbox 523 1477 629 1531; x_wconf 89' lang='lat' dir='ltr'><strong>mei</strong></span> <span class='ocrx_word' id='word_1_112' title='bbox 689 1478 856 1546; x_wconf 84' lang='lat' dir='ltr'><strong>stirpe</strong></span> <span class='ocrx_word' id='word_1_113' title='bbox 913 1477 1112 1532; x_wconf 80' lang='lat' dir='ltr'><strong>succisi</strong></span> <span class='ocrx_word' id='word_1_114' title='bbox 1175 1484 1305 1530; x_wconf 91' lang='lat' dir='ltr'><strong>sunt</strong></span> <span class='ocrx_word' id='word_1_115' title='bbox 1363 1493 1375 1529; x_wconf 88' lang='lat'>:</span> <span class='ocrx_word' id='word_1_116' title='bbox 1429 1475 1782 1545; x_wconf 88' lang='lat' dir='ltr'><strong>perdiderunt</strong></span> <span class='ocrx_word' id='word_1_117' title='bbox 1841 1477 2101 1545; x_wconf 88' lang='lat' dir='ltr'><strong>populum</strong></span> 
     </span>
    </p>
   </div>
   <div class='ocr_carea' id='block_1_17' title="bbox 521 1568 2102 1640">
    <p class='ocr_par' dir='ltr' id='par_1_17' title="bbox 521 1568 2102 1640">
     <span class='ocr_line' id='line_1_17' title="bbox 521 1568 2102 1640; baseline -0.001 -17"><span class='ocrx_word' id='word_1_118' title='bbox 521 1585 708 1625; x_wconf 87' lang='lat' dir='ltr'><strong>meum</strong></span> <span class='ocrx_word' id='word_1_119' title='bbox 746 1572 816 1637; x_wconf 69' lang='lat' dir='ltr'><strong>(c)</strong></span> <span class='ocrx_word' id='word_1_120' title='bbox 849 1581 1068 1640; x_wconf 83' lang='lat' dir='ltr'><strong>propter</strong></span> <span class='ocrx_word' id='word_1_121' title='bbox 1107 1571 1342 1624; x_wconf 88' lang='lat' dir='ltr'><strong>malitias</strong></span> <span class='ocrx_word' id='word_1_122' title='bbox 1367 1585 1518 1631; x_wconf 80' lang='lat' dir='ltr'><strong>suas,</strong></span> <span class='ocrx_word' id='word_1_123' title='bbox 1567 1570 1632 1636; x_wconf 58' lang='grc' dir='ltr'>χ</span> <span class='ocrx_word' id='word_1_124' title='bbox 1674 1576 1860 1622; x_wconf 89' lang='lat' dir='ltr'><strong>etnon</strong></span> <span class='ocrx_word' id='word_1_125' title='bbox 1899 1568 2102 1624; x_wconf 87' lang='lat' dir='ltr'><strong>reversi</strong></span> 
     </span>
    </p>
   </div>
   <div class='ocr_carea' id='block_1_18' title="bbox 522 1654 2104 1730">
    <p class='ocr_par' dir='ltr' id='par_1_18' title="bbox 522 1654 2104 1730">
     <span class='ocr_line' id='line_1_18' title="bbox 522 1654 2104 1730; baseline -0.001 -15"><span class='ocrx_word' id='word_1_126' title='bbox 522 1670 653 1715; x_wconf 90' lang='lat' dir='ltr'><strong>sunt</strong></span> <span class='ocrx_word' id='word_1_127' title='bbox 681 1661 703 1727; x_wconf 93' lang='lat'><strong>1</strong></span> <span class='ocrx_word' id='word_1_128' title='bbox 733 1679 746 1714; x_wconf 88' lang='lat'>:</span> <span class='ocrx_word' id='word_1_129' title='bbox 781 1663 834 1714; x_wconf 83' lang='lat'><strong>8.</strong></span> <span class='ocrx_word' id='word_1_130' title='bbox 873 1660 1244 1730; x_wconf 70' lang='lat' dir='ltr'><strong>multiplicatae</strong></span> <span class='ocrx_word' id='word_1_131' title='bbox 1277 1668 1405 1713; x_wconf 91' lang='lat' dir='ltr'><strong>sunt</strong></span> <span class='ocrx_word' id='word_1_132' title='bbox 1439 1662 1505 1726; x_wconf 64' lang='lat' dir='ltr'>X</span> <span class='ocrx_word' id='word_1_133' title='bbox 1547 1674 1710 1727; x_wconf 86' lang='lat' dir='ltr'><strong>super</strong></span> <span class='ocrx_word' id='word_1_134' title='bbox 1745 1654 1831 1712; x_wconf 82' lang='lat' dir='ltr'><strong>ine</strong></span> <span class='ocrx_word' id='word_1_135' title='bbox 1866 1659 1887 1725; x_wconf 92' lang='lat'><strong>1</strong></span> <span class='ocrx_word' id='word_1_136' title='bbox 1927 1658 2104 1714; x_wconf 71' lang='lat' dir='ltr'><strong>vidua:</strong></span> 
     </span>
    </p>
   </div>
   <div class='ocr_carea' id='block_1_19' title="bbox 519 1748 2100 1820">
    <p class='ocr_par' dir='ltr' id='par_1_19' title="bbox 519 1748 2100 1820">
     <span class='ocr_line' id='line_1_19' title="bbox 519 1748 2100 1820; baseline -0.003 -15"><span class='ocrx_word' id='word_1_137' title='bbox 519 1766 710 1805; x_wconf 86' lang='lat' dir='ltr'><strong>eorum</strong></span> <span class='ocrx_word' id='word_1_138' title='bbox 737 1753 858 1820; x_wconf 89' lang='lat' dir='ltr'><strong>plus</strong></span> <span class='ocrx_word' id='word_1_139' title='bbox 885 1767 1048 1820; x_wconf 83' lang='lat' dir='ltr'><strong>quam</strong></span> <span class='ocrx_word' id='word_1_140' title='bbox 1079 1767 1241 1806; x_wconf 84' lang='lat' dir='ltr'><strong>arena</strong></span> <span class='ocrx_word' id='word_1_141' title='bbox 1270 1751 1438 1804; x_wconf 88' lang='lat' dir='ltr'><strong>maris</strong></span> <span class='ocrx_word' id='word_1_142' title='bbox 1471 1767 1484 1802; x_wconf 93' lang='lat'>:</span> <span class='ocrx_word' id='word_1_143' title='bbox 1519 1748 1707 1802; x_wconf 79' lang='lat' dir='ltr'><strong>induxi</strong></span> <span class='ocrx_word' id='word_1_144' title='bbox 1735 1752 1802 1816; x_wconf 74' lang='grc' dir='ltr'><strong>&gt;ῑ&lt;</strong></span> <span class='ocrx_word' id='word_1_145' title='bbox 1830 1750 1910 1802; x_wconf 82' lang='lat' dir='ltr'><strong>eis</strong></span> <span class='ocrx_word' id='word_1_146' title='bbox 1951 1751 1972 1817; x_wconf 93' lang='lat'><strong>1</strong></span> <span class='ocrx_word' id='word_1_147' title='bbox 2007 1764 2100 1802; x_wconf 88' lang='lat' dir='ltr'><strong>su-</strong></span> 
     </span>
    </p>
   </div>
   <div class='ocr_carea' id='block_1_20' title="bbox 517 1841 2100 1910">
    <p class='ocr_par' dir='ltr' id='par_1_20' title="bbox 517 1841 2100 1910">
     <span class='ocr_line' id='line_1_20' title="bbox 517 1841 2100 1910; baseline 0.001 -15"><span class='ocrx_word' id='word_1_148' title='bbox 517 1858 613 1910; x_wconf 85' lang='lat' dir='ltr'><strong>per</strong></span> <span class='ocrx_word' id='word_1_149' title='bbox 644 1853 868 1896; x_wconf 86' lang='lat' dir='ltr'><strong>matrem</strong></span> <span class='ocrx_word' id='word_1_150' title='bbox 921 1844 1349 1898; x_wconf 87' lang='lat' dir='ltr'><strong>adolescentium</strong></span> <span class='ocrx_word' id='word_1_151' title='bbox 1399 1842 1467 1909; x_wconf 70' lang='grc' dir='ltr'><strong>(Γ)</strong></span> <span class='ocrx_word' id='word_1_152' title='bbox 1525 1841 1803 1896; x_wconf 89' lang='lat' dir='ltr'><strong>miseriam</strong></span> <span class='ocrx_word' id='word_1_153' title='bbox 1848 1843 1901 1896; x_wconf 90' lang='lat' dir='ltr'><strong>in</strong></span> <span class='ocrx_word' id='word_1_154' title='bbox 1938 1845 2100 1898; x_wconf 89' lang='lat' dir='ltr'><strong>meri-</strong></span> 
     </span>
    </p>
   </div>
   <div class='ocr_carea' id='block_1_21' title="bbox 516 1934 2099 2004">
    <p class='ocr_par' dir='ltr' id='par_1_21' title="bbox 516 1934 2099 2004">
     <span class='ocr_line' id='line_1_21' title="bbox 516 1934 2099 2004; baseline 0.001 -16"><span class='ocrx_word' id='word_1_155' title='bbox 516 1934 605 1988; x_wconf 88' lang='lat' dir='ltr'><strong>die</strong></span> <span class='ocrx_word' id='word_1_156' title='bbox 644 1952 658 1988; x_wconf 90' lang='lat'><strong>:</strong></span> <span class='ocrx_word' id='word_1_157' title='bbox 693 1935 851 2003; x_wconf 84' lang='lat' dir='ltr'><strong>injeci</strong></span> <span class='ocrx_word' id='word_1_158' title='bbox 882 1949 1046 2004; x_wconf 88' lang='lat' dir='ltr'><strong>super</strong></span> <span class='ocrx_word' id='word_1_159' title='bbox 1083 1951 1201 1988; x_wconf 87' lang='lat' dir='ltr'><strong>eam</strong></span> <span class='ocrx_word' id='word_1_160' title='bbox 1256 1944 1476 2004; x_wconf 74' lang='lat' dir='ltr'><strong>repente</strong></span> <span class='ocrx_word' id='word_1_161' title='bbox 1513 1936 1587 2002; x_wconf 86' lang='lat' dir='ltr'><strong>(g)</strong></span> <span class='ocrx_word' id='word_1_162' title='bbox 1621 1945 1910 1988; x_wconf 90' lang='lat' dir='ltr'><strong>tremorem</strong></span> <span class='ocrx_word' id='word_1_163' title='bbox 1939 1945 1993 1989; x_wconf 89' lang='lat' dir='ltr'><strong>et</strong></span> <span class='ocrx_word' id='word_1_164' title='bbox 2021 1935 2099 1990; x_wconf 82' lang='lat' dir='ltr'><strong>fe-</strong></span> 
     </span>
    </p>
   </div>
   <div class='ocr_carea' id='block_1_22' title="bbox 517 2025 2095 2096">
    <p class='ocr_par' dir='ltr' id='par_1_22' title="bbox 517 2025 2095 2096">
     <span class='ocr_line' id='line_1_22' title="bbox 517 2025 2095 2096; baseline 0.001 -14"><span class='ocrx_word' id='word_1_165' title='bbox 517 2027 892 2083; x_wconf 83' lang='lat' dir='ltr'><strong>stinationem.</strong></span> <span class='ocrx_word' id='word_1_166' title='bbox 919 2028 973 2081; x_wconf 88' lang='lat'><strong>9.</strong></span> <span class='ocrx_word' id='word_1_167' title='bbox 1002 2025 1184 2080; x_wconf 83' lang='lat' dir='ltr'><strong>Vacua</strong></span> <span class='ocrx_word' id='word_1_168' title='bbox 1215 2028 1354 2082; x_wconf 78' lang='lat' dir='ltr'><strong>facta</strong></span> <span class='ocrx_word' id='word_1_169' title='bbox 1392 2036 1495 2091; x_wconf 80' lang='lat' dir='ltr'><strong>est,</strong></span> <span class='ocrx_word' id='word_1_170' title='bbox 1527 2043 1649 2096; x_wconf 71' lang='lat' dir='ltr'><strong>qute</strong></span> <span class='ocrx_word' id='word_1_171' title='bbox 1685 2030 1825 2095; x_wconf 87' lang='lat' dir='ltr'><strong>parit</strong></span> <span class='ocrx_word' id='word_1_172' title='bbox 1855 2044 1896 2082; x_wconf 75' lang='lat' dir='ltr'><strong>si</strong></span> <span class='ocrx_word' id='word_1_173' title='bbox 1919 2039 2095 2096; x_wconf 83' lang='lat' dir='ltr'><strong>ptem:</strong></span> 
     </span>
    </p>
   </div>
   <div class='ocr_carea' id='block_1_23' title="bbox 517 2120 2099 2189">
    <p class='ocr_par' dir='ltr' id='par_1_23' title="bbox 517 2120 2099 2189">
     <span class='ocr_line' id='line_1_23' title="bbox 517 2120 2099 2189; baseline 0.002 -15"><span class='ocrx_word' id='word_1_174' title='bbox 517 2121 831 2189; x_wconf 86' lang='lat' dir='ltr'><strong>perturbata</strong></span> <span class='ocrx_word' id='word_1_175' title='bbox 882 2130 967 2174; x_wconf 91' lang='lat' dir='ltr'><strong>est</strong></span> <span class='ocrx_word' id='word_1_176' title='bbox 1019 2121 1197 2173; x_wconf 86' lang='lat' dir='ltr'><strong>anima</strong></span> <span class='ocrx_word' id='word_1_177' title='bbox 1233 2121 1354 2189; x_wconf 89' lang='lat' dir='ltr'><strong>ejus</strong></span> <span class='ocrx_word' id='word_1_178' title='bbox 1404 2141 1418 2174; x_wconf 91' lang='lat'><strong>:</strong></span> <span class='ocrx_word' id='word_1_179' title='bbox 1461 2120 1660 2176; x_wconf 87' lang='lat' dir='ltr'><strong>occidit</strong></span> <span class='ocrx_word' id='word_1_180' title='bbox 1711 2121 1792 2176; x_wconf 88' lang='lat' dir='ltr'><strong>sol</strong></span> <span class='ocrx_word' id='word_1_181' title='bbox 1837 2123 1908 2187; x_wconf 87' lang='lat' dir='ltr'><strong>ci,</strong></span> <span class='ocrx_word' id='word_1_182' title='bbox 1972 2137 2099 2177; x_wconf 72' lang='lat' dir='ltr'><strong>eum</strong></span> 
     </span>
    </p>
   </div>
   <div class='ocr_carea' id='block_1_24' title="bbox 515 2206 2094 2279">
    <p class='ocr_par' dir='ltr' id='par_1_24' title="bbox 515 2206 2094 2279">
     <span class='ocr_line' id='line_1_24' title="bbox 515 2206 2094 2279; baseline 0.006 -21"><span class='ocrx_word' id='word_1_183' title='bbox 515 2206 696 2259; x_wconf 90' lang='lat' dir='ltr'><strong>adhuc</strong></span> <span class='ocrx_word' id='word_1_184' title='bbox 719 2206 932 2260; x_wconf 89' lang='lat' dir='ltr'><strong>medius</strong></span> <span class='ocrx_word' id='word_1_185' title='bbox 961 2207 1079 2261; x_wconf 89' lang='lat' dir='ltr'><strong>dies</strong></span> <span class='ocrx_word' id='word_1_186' title='bbox 1103 2224 1116 2271; x_wconf 91' lang='lat'><strong>;</strong></span> <span class='ocrx_word' id='word_1_187' title='bbox 1145 2208 1387 2269; x_wconf 90' lang='lat' dir='ltr'><strong>erubuit,</strong></span> <span class='ocrx_word' id='word_1_188' title='bbox 1410 2218 1462 2264; x_wconf 89' lang='lat' dir='ltr'><strong>et</strong></span> <span class='ocrx_word' id='word_1_189' title='bbox 1492 2210 1750 2278; x_wconf 84' lang='lat' dir='ltr'><strong>probrum</strong></span> <span class='ocrx_word' id='word_1_190' title='bbox 1785 2225 1947 2279; x_wconf 88' lang='lat' dir='ltr'><strong>passa</strong></span> <span class='ocrx_word' id='word_1_191' title='bbox 1971 2220 2094 2268; x_wconf 87' lang='lat' dir='ltr'><strong>est:</strong></span> 
     </span>
    </p>
   </div>
   <div class='ocr_carea' id='block_1_25' title="bbox 515 2297 2098 2367">
    <p class='ocr_par' dir='ltr' id='par_1_25' title="bbox 515 2297 2098 2367">
     <span class='ocr_line' id='line_1_25' title="bbox 515 2297 2098 2367; baseline 0.008 -19"><span class='ocrx_word' id='word_1_192' title='bbox 515 2297 762 2366; x_wconf 84' lang='lat' dir='ltr'><strong>reliquos</strong></span> <span class='ocrx_word' id='word_1_193' title='bbox 791 2313 982 2351; x_wconf 89' lang='lat' dir='ltr'><strong>eorum</strong></span> <span class='ocrx_word' id='word_1_194' title='bbox 1031 2299 1082 2351; x_wconf 91' lang='lat' dir='ltr'><strong>in</strong></span> <span class='ocrx_word' id='word_1_195' title='bbox 1128 2299 1365 2367; x_wconf 82' lang='lat' dir='ltr'><strong>gladium</strong></span> <span class='ocrx_word' id='word_1_196' title='bbox 1418 2299 1562 2355; x_wconf 85' lang='lat' dir='ltr'><strong>dabo</strong></span> <span class='ocrx_word' id='word_1_197' title='bbox 1613 2316 1798 2356; x_wconf 91' lang='lat' dir='ltr'><strong>coram</strong></span> <span class='ocrx_word' id='word_1_198' title='bbox 1857 2303 2098 2361; x_wconf 89' lang='lat' dir='ltr'><strong>inimicis</strong></span> 
     </span>
    </p>
   </div>
   <div class='ocr_carea' id='block_1_26' title="bbox 514 2376 2098 2461">
    <p class='ocr_par' dir='ltr' id='par_1_26' title="bbox 514 2376 2098 2461">
     <span class='ocr_line' id='line_1_26' title="bbox 514 2376 2098 2461; baseline 0.006 -22"><span class='ocrx_word' id='word_1_199' title='bbox 514 2402 729 2449; x_wconf 90' lang='lat' dir='ltr'><strong>eorum,</strong></span> <span class='ocrx_word' id='word_1_200' title='bbox 781 2387 916 2440; x_wconf 89' lang='lat' dir='ltr'><strong>dicit</strong></span> <span class='ocrx_word' id='word_1_201' title='bbox 967 2386 1253 2443; x_wconf 91' lang='lat' dir='ltr'><strong>Dominus.</strong></span> <span class='ocrx_word' id='word_1_202' title='bbox 1314 2388 1401 2447; x_wconf 80' lang='grc'><strong>10.</strong></span> <span class='ocrx_word' id='word_1_203' title='bbox 1467 2376 1556 2445; x_wconf 66' lang='lat' dir='ltr'><strong>Vae</strong></span> <span class='ocrx_word' id='word_1_204' title='bbox 1601 2391 1734 2444; x_wconf 89' lang='lat' dir='ltr'><strong>mihi</strong></span> <span class='ocrx_word' id='word_1_205' title='bbox 1769 2407 1894 2461; x_wconf 77' lang='lat' dir='ltr'><strong>ego,</strong></span> <span class='ocrx_word' id='word_1_206' title='bbox 1926 2405 2098 2448; x_wconf 88' lang='lat' dir='ltr'><strong>mater</strong></span> 
     </span>
    </p>
   </div>
   <div class='ocr_carea' id='block_1_27' title="bbox 515 2477 2097 2553">
    <p class='ocr_par' dir='ltr' id='par_1_27' title="bbox 515 2477 2097 2553">
     <span class='ocr_line' id='line_1_27' title="bbox 515 2477 2097 2553; baseline 0.006 -25"><span class='ocrx_word' id='word_1_207' title='bbox 515 2491 660 2540; x_wconf 88' lang='lat' dir='ltr'><strong>mea,</strong></span> <span class='ocrx_word' id='word_1_208' title='bbox 690 2477 908 2544; x_wconf 85' lang='lat' dir='ltr'><strong>qualem</strong></span> <span class='ocrx_word' id='word_1_209' title='bbox 946 2479 1181 2546; x_wconf 76' lang='lat' dir='ltr'><strong>genuisti</strong></span> <span class='ocrx_word' id='word_1_210' title='bbox 1216 2495 1299 2534; x_wconf 89' lang='lat' dir='ltr'><strong>me</strong></span> <span class='ocrx_word' id='word_1_211' title='bbox 1333 2480 1508 2532; x_wconf 88' lang='lat' dir='ltr'><strong>virum</strong></span> <span class='ocrx_word' id='word_1_212' title='bbox 1533 2480 1610 2549; x_wconf 82' lang='lat' dir='ltr'><strong>(It)</strong></span> <span class='ocrx_word' id='word_1_213' title='bbox 1639 2481 1997 2549; x_wconf 87' lang='lat' dir='ltr'><strong>judicantem,</strong></span> <span class='ocrx_word' id='word_1_214' title='bbox 2029 2488 2097 2553; x_wconf 54' lang='grc' dir='ltr'>Χ</span> 
     </span>
    </p>
   </div>
   <div class='ocr_carea' id='block_1_28' title="bbox 511 2569 2092 2647">
    <p class='ocr_par' dir='ltr' id='par_1_28' title="bbox 511 2569 2092 2647">
     <span class='ocr_line' id='line_1_28' title="bbox 511 2569 2092 2647; baseline 0.006 -28"><span class='ocrx_word' id='word_1_215' title='bbox 511 2576 569 2620; x_wconf 83' lang='lat' dir='ltr'><strong>et</strong></span> <span class='ocrx_word' id='word_1_216' title='bbox 615 2570 790 2621; x_wconf 89' lang='lat' dir='ltr'><strong>virum</strong></span> <span class='ocrx_word' id='word_1_217' title='bbox 820 2569 840 2633; x_wconf 91' lang='lat'><strong>1</strong></span> <span class='ocrx_word' id='word_1_218' title='bbox 877 2570 941 2637; x_wconf 75' lang='grc' dir='ltr'><strong>(ἰ)</strong></span> <span class='ocrx_word' id='word_1_219' title='bbox 968 2570 1236 2624; x_wconf 87' lang='lat' dir='ltr'><strong>dicentem</strong></span> <span class='ocrx_word' id='word_1_220' title='bbox 1268 2571 1536 2640; x_wconf 85' lang='lat' dir='ltr'><strong>judicium</strong></span> <span class='ocrx_word' id='word_1_221' title='bbox 1582 2574 1734 2627; x_wconf 91' lang='lat' dir='ltr'><strong>omni</strong></span> <span class='ocrx_word' id='word_1_222' title='bbox 1786 2575 1988 2630; x_wconf 62' lang='lat' dir='ltr'><strong>terrm?</strong></span> <span class='ocrx_word' id='word_1_223' title='bbox 2022 2576 2092 2647; x_wconf 84' lang='lat' dir='ltr'><strong>(k)</strong></span> 
     </span>
    </p>
   </div>
   <div class='ocr_carea' id='block_1_29' title="bbox 513 2658 2092 2736">
    <p class='ocr_par' dir='ltr' id='par_1_29' title="bbox 513 2658 2092 2736">
     <span class='ocr_line' id='line_1_29' title="bbox 513 2658 2092 2736; baseline 0.009 -26"><span class='ocrx_word' id='word_1_224' title='bbox 513 2658 631 2712; x_wconf 85' lang='lat' dir='ltr'><strong>Non</strong></span> <span class='ocrx_word' id='word_1_225' title='bbox 696 2660 897 2724; x_wconf 79' lang='lat' dir='ltr'><strong>profui,</strong></span> <span class='ocrx_word' id='word_1_226' title='bbox 949 2673 1142 2715; x_wconf 88' lang='lat' dir='ltr'><strong>etnon</strong></span> <span class='ocrx_word' id='word_1_227' title='bbox 1193 2661 1395 2730; x_wconf 90' lang='lat' dir='ltr'><strong>profuit</strong></span> <span class='ocrx_word' id='word_1_228' title='bbox 1445 2664 1577 2718; x_wconf 89' lang='lat' dir='ltr'><strong>mihi</strong></span> <span class='ocrx_word' id='word_1_229' title='bbox 1633 2681 1734 2720; x_wconf 90' lang='lat' dir='ltr'><strong>nec</strong></span> <span class='ocrx_word' id='word_1_230' title='bbox 1778 2667 2092 2736; x_wconf 84' lang='lat' dir='ltr'><strong>quisquam.</strong></span> 
     </span>
    </p>
   </div>
   <div class='ocr_carea' id='block_1_30' title="bbox 512 2751 2093 2826">
    <p class='ocr_par' dir='ltr' id='par_1_30' title="bbox 512 2751 2093 2826">
     <span class='ocr_line' id='line_1_30' title="bbox 512 2751 2093 2826; baseline 0.007 -23"><span class='ocrx_word' id='word_1_231' title='bbox 512 2751 577 2821; x_wconf 80' lang='grc' dir='ltr'><strong>(ι)</strong></span> <span class='ocrx_word' id='word_1_232' title='bbox 613 2752 796 2806; x_wconf 80' lang='lat' dir='ltr'><strong>Robur</strong></span> <span class='ocrx_word' id='word_1_233' title='bbox 827 2770 1004 2808; x_wconf 88' lang='lat' dir='ltr'><strong>meum</strong></span> <span class='ocrx_word' id='word_1_234' title='bbox 1033 2755 1230 2808; x_wconf 83' lang='lat' dir='ltr'><strong>defecit</strong></span> <span class='ocrx_word' id='word_1_235' title='bbox 1261 2754 1314 2808; x_wconf 91' lang='lat' dir='ltr'><strong>in</strong></span> <span class='ocrx_word' id='word_1_236' title='bbox 1342 2755 1430 2822; x_wconf 91' lang='lat' dir='ltr'><strong>iis,</strong></span> <span class='ocrx_word' id='word_1_237' title='bbox 1460 2757 1554 2826; x_wconf 91' lang='lat' dir='ltr'><strong>qui</strong></span> <span class='ocrx_word' id='word_1_238' title='bbox 1582 2758 1914 2812; x_wconf 85' lang='lat' dir='ltr'><strong>maledicunt</strong></span> <span class='ocrx_word' id='word_1_239' title='bbox 1939 2761 2093 2814; x_wconf 89' lang='lat' dir='ltr'><strong>mihi.</strong></span> 
     </span>
    </p>
   </div>
   <div class='ocr_carea' id='block_1_31' title="bbox 514 2844 2093 2921">
    <p class='ocr_par' dir='ltr' id='par_1_31' title="bbox 514 2844 2093 2921">
     <span class='ocr_line' id='line_1_31' title="bbox 514 2844 2093 2921; baseline 0.006 -24"><span class='ocrx_word' id='word_1_240' title='bbox 514 2846 603 2898; x_wconf 79' lang='grc' dir='ltr'><strong>Η.</strong></span> <span class='ocrx_word' id='word_1_241' title='bbox 645 2844 786 2909; x_wconf 87' lang='lat' dir='ltr'><strong>Fiat,</strong></span> <span class='ocrx_word' id='word_1_242' title='bbox 839 2845 1089 2911; x_wconf 86' lang='lat' dir='ltr'><strong>Domine,</strong></span> <span class='ocrx_word' id='word_1_243' title='bbox 1119 2863 1244 2901; x_wconf 90' lang='lat' dir='ltr'><strong>cum</strong></span> <span class='ocrx_word' id='word_1_244' title='bbox 1277 2848 1374 2918; x_wconf 88' lang='lat' dir='ltr'><strong>(m)</strong></span> <span class='ocrx_word' id='word_1_245' title='bbox 1407 2847 1506 2916; x_wconf 88' lang='lat' dir='ltr'><strong>ipsi</strong></span> <span class='ocrx_word' id='word_1_246' title='bbox 1542 2864 1801 2919; x_wconf 88' lang='lat' dir='ltr'><strong>prospere</strong></span> <span class='ocrx_word' id='word_1_247' title='bbox 1831 2865 1998 2921; x_wconf 86' lang='lat' dir='ltr'><strong>agunt</strong></span> <span class='ocrx_word' id='word_1_248' title='bbox 2027 2857 2093 2920; x_wconf 73' lang='grc' dir='ltr'><strong>&gt;ε&lt;</strong></span> 
     </span>
    </p>
   </div>
   <div class='ocr_carea' id='block_1_32' title="bbox 515 2936 2096 3011">
    <p class='ocr_par' dir='ltr' id='par_1_32' title="bbox 515 2936 2096 3011">
     <span class='ocr_line' id='line_1_32' title="bbox 515 2936 2096 3011; baseline 0.005 -22"><span class='ocrx_word' id='word_1_249' title='bbox 515 2936 570 2990; x_wconf 93' lang='lat' dir='ltr'><strong>iu</strong></span> <span class='ocrx_word' id='word_1_250' title='bbox 604 2937 806 2990; x_wconf 90' lang='lat' dir='ltr'><strong>bonum</strong></span> <span class='ocrx_word' id='word_1_251' title='bbox 837 2938 884 3006; x_wconf 90' lang='lat'><strong>1.</strong></span> <span class='ocrx_word' id='word_1_252' title='bbox 911 2936 964 2990; x_wconf 93' lang='lat' dir='ltr'><strong>Si</strong></span> <span class='ocrx_word' id='word_1_253' title='bbox 1002 2953 1110 2992; x_wconf 90' lang='lat' dir='ltr'><strong>non</strong></span> <span class='ocrx_word' id='word_1_254' title='bbox 1149 2939 1273 2993; x_wconf 89' lang='lat' dir='ltr'><strong>steti</strong></span> <span class='ocrx_word' id='word_1_255' title='bbox 1307 2955 1494 2995; x_wconf 89' lang='lat' dir='ltr'><strong>coram</strong></span> <span class='ocrx_word' id='word_1_256' title='bbox 1538 2949 1590 2994; x_wconf 90' lang='lat' dir='ltr'><strong>te</strong></span> <span class='ocrx_word' id='word_1_257' title='bbox 1621 2941 1673 2994; x_wconf 91' lang='lat' dir='ltr'><strong>in</strong></span> <span class='ocrx_word' id='word_1_258' title='bbox 1705 2949 1949 3011; x_wconf 88' lang='lat' dir='ltr'><strong>tempore</strong></span> <span class='ocrx_word' id='word_1_259' title='bbox 1978 2959 2096 2997; x_wconf 91' lang='lat' dir='ltr'><strong>ma-</strong></span> 
     </span>
    </p>
   </div>
   <div class='ocr_carea' id='block_1_33' title="bbox 513 3031 2093 3101">
    <p class='ocr_par' dir='ltr' id='par_1_33' title="bbox 513 3031 2093 3101">
     <span class='ocr_line' id='line_1_33' title="bbox 513 3031 2093 3101; baseline 0.005 -17"><span class='ocrx_word' id='word_1_260' title='bbox 513 3031 692 3084; x_wconf 88' lang='lat' dir='ltr'><strong>lorum</strong></span> <span class='ocrx_word' id='word_1_261' title='bbox 728 3045 944 3093; x_wconf 89' lang='lat' dir='ltr'><strong>eorum,</strong></span> <span class='ocrx_word' id='word_1_262' title='bbox 1005 3040 1060 3085; x_wconf 87' lang='lat' dir='ltr'><strong>et</strong></span> <span class='ocrx_word' id='word_1_263' title='bbox 1110 3032 1162 3085; x_wconf 92' lang='lat' dir='ltr'><strong>in</strong></span> <span class='ocrx_word' id='word_1_264' title='bbox 1202 3042 1446 3101; x_wconf 88' lang='lat' dir='ltr'><strong>tempore</strong></span> <span class='ocrx_word' id='word_1_265' title='bbox 1469 3033 1781 3090; x_wconf 79' lang='lat' dir='ltr'><strong>amictionis</strong></span> <span class='ocrx_word' id='word_1_266' title='bbox 1814 3048 1878 3090; x_wconf 83' lang='lat' dir='ltr'><strong>-t-</strong></span> <span class='ocrx_word' id='word_1_267' title='bbox 1902 3051 2093 3092; x_wconf 88' lang='lat' dir='ltr'><strong>eorum</strong></span> 
     </span>
    </p>
   </div>
   <div class='ocr_carea' id='block_1_34' title="bbox 2213 557 3770 629">
    <p class='ocr_par' dir='ltr' id='par_1_34' title="bbox 2213 557 3770 629">
     <span class='ocr_line' id='line_1_34' title="bbox 2213 557 3770 629; baseline -0.004 -13"><span class='ocrx_word' id='word_1_268' title='bbox 2213 577 2356 616; x_wconf 87' lang='lat' dir='ltr'><strong>sum.</strong></span> <span class='ocrx_word' id='word_1_269' title='bbox 2412 561 2496 615; x_wconf 77' lang='lat'><strong>18.</strong></span> <span class='ocrx_word' id='word_1_270' title='bbox 2529 560 2595 629; x_wconf 80' lang='grc' dir='ltr'><strong>(ε)</strong></span> <span class='ocrx_word' id='word_1_271' title='bbox 2630 559 2812 626; x_wconf 84' lang='lat' dir='ltr'><strong>Quare</strong></span> <span class='ocrx_word' id='word_1_272' title='bbox 2855 559 2949 629; x_wconf 92' lang='lat' dir='ltr'><strong>qui</strong></span> <span class='ocrx_word' id='word_1_273' title='bbox 3000 558 3248 626; x_wconf 78' lang='lat' dir='ltr'><strong>afﬂigunt</strong></span> <span class='ocrx_word' id='word_1_274' title='bbox 3299 572 3410 622; x_wconf 83' lang='lat' dir='ltr'><strong>me,</strong></span> <span class='ocrx_word' id='word_1_275' title='bbox 3455 557 3770 612; x_wconf 86' lang='lat' dir='ltr'><strong>iuvalescuat</strong></span> 
     </span>
    </p>
   </div>
   <div class='ocr_carea' id='block_1_35' title="bbox 2211 648 3768 722">
    <p class='ocr_par' dir='ltr' id='par_1_35' title="bbox 2211 648 3768 722">
     <span class='ocr_line' id='line_1_35' title="bbox 2211 648 3768 722; baseline -0.003 -15"><span class='ocrx_word' id='word_1_276' title='bbox 2211 668 2376 721; x_wconf 86' lang='lat' dir='ltr'><strong>super</strong></span> <span class='ocrx_word' id='word_1_277' title='bbox 2419 653 2545 706; x_wconf 86' lang='lat' dir='ltr'><strong>me?</strong></span> <span class='ocrx_word' id='word_1_278' title='bbox 2599 651 2764 722; x_wconf 82' lang='lat' dir='ltr'><strong>Plaga</strong></span> <span class='ocrx_word' id='word_1_279' title='bbox 2814 668 2933 706; x_wconf 90' lang='lat' dir='ltr'><strong>mea</strong></span> <span class='ocrx_word' id='word_1_280' title='bbox 2963 652 3103 705; x_wconf 88' lang='lat' dir='ltr'><strong>dura</strong></span> <span class='ocrx_word' id='word_1_281' title='bbox 3143 672 3156 704; x_wconf 89' lang='lat'><strong>:</strong></span> <span class='ocrx_word' id='word_1_282' title='bbox 3198 650 3340 704; x_wconf 90' lang='lat' dir='ltr'><strong>unde</strong></span> <span class='ocrx_word' id='word_1_283' title='bbox 3362 648 3636 704; x_wconf 83' lang='lat' dir='ltr'><strong>sanabor?</strong></span> <span class='ocrx_word' id='word_1_284' title='bbox 3661 651 3768 702; x_wconf 88' lang='lat' dir='ltr'><strong>dum</strong></span> 
     </span>
    </p>
   </div>
   <div class='ocr_carea' id='block_1_36' title="bbox 2211 741 3773 810">
    <p class='ocr_par' dir='ltr' id='par_1_36' title="bbox 2211 741 3773 810">
     <span class='ocr_line' id='line_1_36' title="bbox 2211 741 3773 810; baseline -0.002 -12"><span class='ocrx_word' id='word_1_285' title='bbox 2211 744 2294 806; x_wconf 82' lang='lat' dir='ltr'><strong>fit,</strong></span> <span class='ocrx_word' id='word_1_286' title='bbox 2329 744 2469 798; x_wconf 88' lang='lat' dir='ltr'><strong>facta</strong></span> <span class='ocrx_word' id='word_1_287' title='bbox 2512 744 2647 798; x_wconf 89' lang='lat' dir='ltr'><strong>mihi</strong></span> <span class='ocrx_word' id='word_1_288' title='bbox 2686 751 2791 810; x_wconf 87' lang='lat' dir='ltr'><strong>est,</strong></span> <span class='ocrx_word' id='word_1_289' title='bbox 2837 752 2896 797; x_wconf 93' lang='lat' dir='ltr'><strong>ut</strong></span> <span class='ocrx_word' id='word_1_290' title='bbox 2934 758 3074 810; x_wconf 87' lang='lat' dir='ltr'><strong>aqua</strong></span> <span class='ocrx_word' id='word_1_291' title='bbox 3115 742 3373 806; x_wconf 75' lang='lat' dir='ltr'><strong>inaudax,</strong></span> <span class='ocrx_word' id='word_1_292' title='bbox 3427 741 3517 797; x_wconf 89' lang='lat' dir='ltr'><strong>cui</strong></span> <span class='ocrx_word' id='word_1_293' title='bbox 3566 756 3668 794; x_wconf 91' lang='lat' dir='ltr'><strong>non</strong></span> <span class='ocrx_word' id='word_1_294' title='bbox 3704 748 3773 795; x_wconf 68' lang='lat' dir='ltr'><strong>est</strong></span> 
     </span>
    </p>
   </div>
   <div class='ocr_carea' id='block_1_37' title="bbox 2211 831 3773 906">
    <p class='ocr_par' dir='ltr' id='par_1_37' title="bbox 2211 831 3773 906">
     <span class='ocr_line' id='line_1_37' title="bbox 2211 831 3773 906; baseline -0.003 -15"><span class='ocrx_word' id='word_1_295' title='bbox 2211 837 2370 892; x_wconf 83' lang='lat' dir='ltr'><strong>tides.</strong></span> <span class='ocrx_word' id='word_1_296' title='bbox 2423 837 2510 891; x_wconf 79' lang='lat' dir='ltr'><strong>l9.</strong></span> <span class='ocrx_word' id='word_1_297' title='bbox 2551 834 2779 906; x_wconf 80' lang='lat' dir='ltr'><strong>Propter</strong></span> <span class='ocrx_word' id='word_1_298' title='bbox 2809 835 2925 890; x_wconf 83' lang='lat' dir='ltr'><strong>hoc</strong></span> <span class='ocrx_word' id='word_1_299' title='bbox 2971 835 3089 890; x_wconf 61' lang='lat' dir='ltr'><strong>hinc</strong></span> <span class='ocrx_word' id='word_1_300' title='bbox 3133 835 3267 888; x_wconf 89' lang='lat' dir='ltr'><strong>dicit</strong></span> <span class='ocrx_word' id='word_1_301' title='bbox 3301 833 3573 887; x_wconf 90' lang='lat' dir='ltr'><strong>Dominus</strong></span> <span class='ocrx_word' id='word_1_302' title='bbox 3604 850 3618 886; x_wconf 92' lang='lat'>:</span> <span class='ocrx_word' id='word_1_303' title='bbox 3651 831 3702 886; x_wconf 88' lang='lat' dir='ltr'><strong>Si</strong></span> <span class='ocrx_word' id='word_1_304' title='bbox 3731 842 3773 886; x_wconf 85' lang='lat' dir='ltr'><strong>te</strong></span> 
     </span>
    </p>
   </div>
   <div class='ocr_carea' id='block_1_38' title="bbox 2211 924 3774 992">
    <p class='ocr_par' dir='ltr' id='par_1_38' title="bbox 2211 924 3774 992">
     <span class='ocr_line' id='line_1_38' title="bbox 2211 924 3774 992; baseline -0.003 -10"><span class='ocrx_word' id='word_1_305' title='bbox 2211 936 2612 992; x_wconf 65' lang='lat' dir='ltr'><strong>convertas,,et</strong></span> <span class='ocrx_word' id='word_1_306' title='bbox 2655 927 2938 982; x_wconf 87' lang='lat' dir='ltr'><strong>restituam</strong></span> <span class='ocrx_word' id='word_1_307' title='bbox 2979 936 3053 991; x_wconf 88' lang='lat' dir='ltr'><strong>te,</strong></span> <span class='ocrx_word' id='word_1_308' title='bbox 3081 935 3208 980; x_wconf 90' lang='lat' dir='ltr'><strong>ante</strong></span> <span class='ocrx_word' id='word_1_309' title='bbox 3230 924 3426 978; x_wconf 82' lang='lat' dir='ltr'><strong>faciem</strong></span> <span class='ocrx_word' id='word_1_310' title='bbox 3476 939 3652 978; x_wconf 86' lang='lat' dir='ltr'><strong>meam</strong></span> <span class='ocrx_word' id='word_1_311' title='bbox 3681 933 3774 978; x_wconf 74' lang='lat' dir='ltr'><strong>sta-</strong></span> 
     </span>
    </p>
   </div>
   <div class='ocr_carea' id='block_1_39' title="bbox 2208 1013 3773 1087">
    <p class='ocr_par' dir='ltr' id='par_1_39' title="bbox 2208 1013 3773 1087">
     <span class='ocr_line' id='line_1_39' title="bbox 2208 1013 3773 1087; baseline -0.003 -15"><span class='ocrx_word' id='word_1_312' title='bbox 2208 1018 2316 1073; x_wconf 86' lang='lat' dir='ltr'><strong>bis.</strong></span> <span class='ocrx_word' id='word_1_313' title='bbox 2356 1017 2421 1072; x_wconf 85' lang='lat' dir='ltr'><strong>Et</strong></span> <span class='ocrx_word' id='word_1_314' title='bbox 2468 1019 2512 1073; x_wconf 90' lang='lat' dir='ltr'><strong>si</strong></span> <span class='ocrx_word' id='word_1_315' title='bbox 2550 1019 2752 1073; x_wconf 85' lang='lat' dir='ltr'><strong>educas</strong></span> <span class='ocrx_word' id='word_1_316' title='bbox 2800 1018 3100 1087; x_wconf 87' lang='lat' dir='ltr'><strong>pretiosum</strong></span> <span class='ocrx_word' id='word_1_317' title='bbox 3161 1016 3238 1087; x_wconf 87' lang='lat' dir='ltr'><strong>(u)</strong></span> <span class='ocrx_word' id='word_1_318' title='bbox 3287 1013 3357 1070; x_wconf 76' lang='lat' dir='ltr'><strong>ab</strong></span> <span class='ocrx_word' id='word_1_319' title='bbox 3414 1031 3504 1077; x_wconf 80' lang='lat' dir='ltr'><strong>eo.</strong></span> <span class='ocrx_word' id='word_1_320' title='bbox 3551 1014 3646 1083; x_wconf 89' lang='lat' dir='ltr'><strong>qui</strong></span> <span class='ocrx_word' id='word_1_321' title='bbox 3684 1031 3773 1068; x_wconf 84' lang='lat' dir='ltr'><strong>non</strong></span> 
     </span>
    </p>
   </div>
   <div class='ocr_carea' id='block_1_40' title="bbox 2208 1105 3774 1179">
    <p class='ocr_par' dir='ltr' id='par_1_40' title="bbox 2208 1105 3774 1179">
     <span class='ocr_line' id='line_1_40' title="bbox 2208 1105 3774 1179; baseline -0.003 -17"><span class='ocrx_word' id='word_1_322' title='bbox 2208 1109 2403 1179; x_wconf 87' lang='lat' dir='ltr'><strong>dignus</strong></span> <span class='ocrx_word' id='word_1_323' title='bbox 2434 1119 2540 1173; x_wconf 89' lang='lat' dir='ltr'><strong>est,</strong></span> <span class='ocrx_word' id='word_1_324' title='bbox 2566 1109 2726 1179; x_wconf 89' lang='lat' dir='ltr'><strong>quasi</strong></span> <span class='ocrx_word' id='word_1_325' title='bbox 2761 1123 2823 1162; x_wconf 89' lang='lat' dir='ltr'><strong>os</strong></span> <span class='ocrx_word' id='word_1_326' title='bbox 2855 1123 3035 1163; x_wconf 89' lang='lat' dir='ltr'><strong>meum</strong></span> <span class='ocrx_word' id='word_1_327' title='bbox 3067 1107 3201 1161; x_wconf 87' lang='lat' dir='ltr'><strong>eris.</strong></span> <span class='ocrx_word' id='word_1_328' title='bbox 3225 1105 3294 1158; x_wconf 87' lang='lat' dir='ltr'><strong>Et</strong></span> <span class='ocrx_word' id='word_1_329' title='bbox 3328 1114 3668 1160; x_wconf 88' lang='lat' dir='ltr'><strong>revertentur</strong></span> <span class='ocrx_word' id='word_1_330' title='bbox 3691 1105 3774 1173; x_wconf 87' lang='lat' dir='ltr'><strong>ipsi</strong></span> 
     </span>
    </p>
   </div>
   <div class='ocr_carea' id='block_1_41' title="bbox 2210 1192 3775 1263">
    <p class='ocr_par' dir='ltr' id='par_1_41' title="bbox 2210 1192 3775 1263">
     <span class='ocr_line' id='line_1_41' title="bbox 2210 1192 3775 1263; baseline -0.004 -8"><span class='ocrx_word' id='word_1_331' title='bbox 2210 1201 2275 1255; x_wconf 88' lang='lat' dir='ltr'><strong>ad</strong></span> <span class='ocrx_word' id='word_1_332' title='bbox 2309 1212 2382 1263; x_wconf 69' lang='lat' dir='ltr'><strong>te,</strong></span> <span class='ocrx_word' id='word_1_333' title='bbox 2416 1210 2469 1255; x_wconf 92' lang='lat' dir='ltr'><strong>et</strong></span> <span class='ocrx_word' id='word_1_334' title='bbox 2495 1211 2552 1256; x_wconf 93' lang='lat' dir='ltr'><strong>tu</strong></span> <span class='ocrx_word' id='word_1_335' title='bbox 2587 1215 2696 1255; x_wconf 92' lang='lat' dir='ltr'><strong>non</strong></span> <span class='ocrx_word' id='word_1_336' title='bbox 2729 1201 3021 1255; x_wconf 89' lang='lat' dir='ltr'><strong>reverteris</strong></span> <span class='ocrx_word' id='word_1_337' title='bbox 3061 1200 3129 1254; x_wconf 89' lang='lat' dir='ltr'><strong>ad</strong></span> <span class='ocrx_word' id='word_1_338' title='bbox 3172 1213 3288 1254; x_wconf 91' lang='lat' dir='ltr'><strong>eos.</strong></span> <span class='ocrx_word' id='word_1_339' title='bbox 3322 1192 3413 1252; x_wconf 64' lang='grc' dir='ltr'><strong>Ξῖ).</strong></span> <span class='ocrx_word' id='word_1_340' title='bbox 3475 1196 3542 1252; x_wconf 85' lang='grc' dir='ltr'><strong>Ει</strong></span> <span class='ocrx_word' id='word_1_341' title='bbox 3571 1198 3703 1252; x_wconf 83' lang='lat' dir='ltr'><strong>dabo</strong></span> <span class='ocrx_word' id='word_1_342' title='bbox 3735 1207 3775 1250; x_wconf 87' lang='lat' dir='ltr'><strong>te</strong></span> 
     </span>
    </p>
   </div>
   <div class='ocr_carea' id='block_1_42' title="bbox 2207 1289 3773 1358">
    <p class='ocr_par' dir='ltr' id='par_1_42' title="bbox 2207 1289 3773 1358">
     <span class='ocr_line' id='line_1_42' title="bbox 2207 1289 3773 1358; baseline 0.001 -19"><span class='ocrx_word' id='word_1_343' title='bbox 2207 1291 2410 1358; x_wconf 90' lang='lat' dir='ltr'><strong>populo</strong></span> <span class='ocrx_word' id='word_1_344' title='bbox 2444 1290 2590 1352; x_wconf 89' lang='lat' dir='ltr'><strong>huic,</strong></span> <span class='ocrx_word' id='word_1_345' title='bbox 2633 1299 2690 1345; x_wconf 92' lang='lat' dir='ltr'><strong>ut</strong></span> <span class='ocrx_word' id='word_1_346' title='bbox 2736 1306 2955 1344; x_wconf 89' lang='lat' dir='ltr'><strong>murum</strong></span> <span class='ocrx_word' id='word_1_347' title='bbox 2991 1290 3118 1344; x_wconf 68' lang='lat' dir='ltr'><strong>teris</strong></span> <span class='ocrx_word' id='word_1_348' title='bbox 3162 1291 3459 1352; x_wconf 89' lang='lat' dir='ltr'><strong>munitum,</strong></span> <span class='ocrx_word' id='word_1_349' title='bbox 3517 1297 3574 1342; x_wconf 92' lang='lat' dir='ltr'><strong>et</strong></span> <span class='ocrx_word' id='word_1_350' title='bbox 3626 1289 3773 1342; x_wconf 84' lang='lat' dir='ltr'><strong>bella-</strong></span> 
     </span>
    </p>
   </div>
   <div class='ocr_carea' id='block_1_43' title="bbox 2209 1381 3774 1451">
    <p class='ocr_par' dir='ltr' id='par_1_43' title="bbox 2209 1381 3774 1451">
     <span class='ocr_line' id='line_1_43' title="bbox 2209 1381 3774 1451; baseline 0.001 -17"><span class='ocrx_word' id='word_1_351' title='bbox 2209 1382 2342 1436; x_wconf 77' lang='lat' dir='ltr'><strong>bunt</strong></span> <span class='ocrx_word' id='word_1_352' title='bbox 2365 1383 2628 1437; x_wconf 89' lang='lat' dir='ltr'><strong>adversus</strong></span> <span class='ocrx_word' id='word_1_353' title='bbox 2663 1392 2732 1446; x_wconf 87' lang='lat' dir='ltr'><strong>te,</strong></span> <span class='ocrx_word' id='word_1_354' title='bbox 2771 1391 2825 1437; x_wconf 91' lang='lat' dir='ltr'><strong>et</strong></span> <span class='ocrx_word' id='word_1_355' title='bbox 2851 1398 2960 1436; x_wconf 90' lang='lat' dir='ltr'><strong>non</strong></span> <span class='ocrx_word' id='word_1_356' title='bbox 2993 1381 3252 1451; x_wconf 83' lang='lat' dir='ltr'><strong>p&#39;oterunt</strong></span> <span class='ocrx_word' id='word_1_357' title='bbox 3281 1381 3553 1435; x_wconf 83' lang='lat' dir='ltr'><strong>adversus</strong></span> <span class='ocrx_word' id='word_1_358' title='bbox 3580 1382 3774 1450; x_wconf 69' lang='lat' dir='ltr'><strong>te,quia</strong></span> 
     </span>
    </p>
   </div>
   <div class='ocr_carea' id='block_1_44' title="bbox 2210 1472 3772 1541">
    <p class='ocr_par' dir='ltr' id='par_1_44' title="bbox 2210 1472 3772 1541">
     <span class='ocr_line' id='line_1_44' title="bbox 2210 1472 3772 1541; baseline -0.001 -14"><span class='ocrx_word' id='word_1_359' title='bbox 2210 1483 2390 1528; x_wconf 90' lang='lat' dir='ltr'><strong>tecum</strong></span> <span class='ocrx_word' id='word_1_360' title='bbox 2417 1489 2537 1529; x_wconf 90' lang='lat' dir='ltr'><strong>sum</strong></span> <span class='ocrx_word' id='word_1_361' title='bbox 2574 1473 2640 1527; x_wconf 90' lang='lat' dir='ltr'><strong>ad</strong></span> <span class='ocrx_word' id='word_1_362' title='bbox 2675 1475 3002 1529; x_wconf 71' lang='lat' dir='ltr'><strong>salvan-dum</strong></span> <span class='ocrx_word' id='word_1_363' title='bbox 3034 1483 3110 1538; x_wconf 92' lang='lat' dir='ltr'><strong>te,</strong></span> <span class='ocrx_word' id='word_1_364' title='bbox 3137 1474 3228 1527; x_wconf 70' lang='lat' dir='ltr'><strong>2i.</strong></span> <span class='ocrx_word' id='word_1_365' title='bbox 3264 1484 3318 1528; x_wconf 88' lang='lat' dir='ltr'><strong>et</strong></span> <span class='ocrx_word' id='word_1_366' title='bbox 3344 1472 3414 1527; x_wconf 88' lang='lat' dir='ltr'><strong>ad</strong></span> <span class='ocrx_word' id='word_1_367' title='bbox 3447 1472 3772 1541; x_wconf 84' lang='lat' dir='ltr'><strong>eripieudum</strong></span> 
     </span>
    </p>
   </div>
   <div class='ocr_carea' id='block_1_45' title="bbox 2209 1565 3773 1635">
    <p class='ocr_par' dir='ltr' id='par_1_45' title="bbox 2209 1565 3773 1635">
     <span class='ocr_line' id='line_1_45' title="bbox 2209 1565 3773 1635; baseline -0.001 -16"><span class='ocrx_word' id='word_1_368' title='bbox 2209 1574 2280 1628; x_wconf 80' lang='lat' dir='ltr'><strong>te,</strong></span> <span class='ocrx_word' id='word_1_369' title='bbox 2315 1569 2382 1634; x_wconf 76' lang='lat' dir='ltr'><strong>)t(</strong></span> <span class='ocrx_word' id='word_1_370' title='bbox 2417 1567 2549 1620; x_wconf 81' lang='lat' dir='ltr'><strong>dicit</strong></span> <span class='ocrx_word' id='word_1_371' title='bbox 2576 1567 2863 1630; x_wconf 88' lang='lat' dir='ltr'><strong>Dominus,</strong></span> <span class='ocrx_word' id='word_1_372' title='bbox 2886 1575 2943 1620; x_wconf 89' lang='lat' dir='ltr'><strong>et</strong></span> <span class='ocrx_word' id='word_1_373' title='bbox 2972 1565 3204 1635; x_wconf 86' lang='lat' dir='ltr'><strong>eripiam</strong></span> <span class='ocrx_word' id='word_1_374' title='bbox 3241 1575 3294 1619; x_wconf 89' lang='lat' dir='ltr'><strong>te</strong></span> <span class='ocrx_word' id='word_1_375' title='bbox 3331 1566 3447 1634; x_wconf 72' lang='lat' dir='ltr'><strong>1ex</strong></span> <span class='ocrx_word' id='word_1_376' title='bbox 3482 1578 3650 1616; x_wconf 86' lang='lat' dir='ltr'><strong>manu</strong></span> <span class='ocrx_word' id='word_1_377' title='bbox 3676 1579 3773 1617; x_wconf 84' lang='lat' dir='ltr'><strong>ma-</strong></span> 
     </span>
    </p>
   </div>
   <div class='ocr_carea' id='block_1_46' title="bbox 2208 1657 3774 1728">
    <p class='ocr_par' dir='ltr' id='par_1_46' title="bbox 2208 1657 3774 1728">
     <span class='ocr_line' id='line_1_46' title="bbox 2208 1657 3774 1728; baseline -0.001 -15"><span class='ocrx_word' id='word_1_378' title='bbox 2208 1659 2409 1721; x_wconf 91' lang='lat' dir='ltr'><strong>lorum,</strong></span> <span class='ocrx_word' id='word_1_379' title='bbox 2445 1664 2511 1728; x_wconf 59' lang='lat' dir='ltr'><strong>)a;</strong></span> <span class='ocrx_word' id='word_1_380' title='bbox 2544 1671 2597 1714; x_wconf 86' lang='lat' dir='ltr'><strong>et</strong></span> <span class='ocrx_word' id='word_1_381' title='bbox 2633 1660 2900 1715; x_wconf 79' lang='lat' dir='ltr'><strong>redimam</strong></span> <span class='ocrx_word' id='word_1_382' title='bbox 2930 1667 2982 1714; x_wconf 91' lang='lat' dir='ltr'><strong>te</strong></span> <span class='ocrx_word' id='word_1_383' title='bbox 3017 1657 3040 1726; x_wconf 81' lang='lat'><strong>1</strong></span> <span class='ocrx_word' id='word_1_384' title='bbox 3077 1674 3143 1713; x_wconf 79' lang='lat' dir='ltr'><strong>ex</strong></span> <span class='ocrx_word' id='word_1_385' title='bbox 3174 1673 3340 1712; x_wconf 88' lang='lat' dir='ltr'><strong>manu</strong></span> <span class='ocrx_word' id='word_1_386' title='bbox 3383 1657 3466 1725; x_wconf 70' lang='grc' dir='ltr'><strong>(π)</strong></span> <span class='ocrx_word' id='word_1_387' title='bbox 3507 1665 3774 1725; x_wconf 78' lang='lat' dir='ltr'><strong>corrupto-</strong></span> 
     </span>
    </p>
   </div>
   <div class='ocr_carea' id='block_1_47' title="bbox 2206 1769 2349 1805">
    <p class='ocr_par' dir='ltr' id='par_1_47' title="bbox 2206 1769 2349 1805">
     <span class='ocr_line' id='line_1_47' title="bbox 2206 1769 2349 1805; baseline 0 -1"><span class='ocrx_word' id='word_1_388' title='bbox 2206 1769 2349 1805; x_wconf 78' lang='lat' dir='ltr'><strong>l‘lllll.</strong></span> 
     </span>
    </p>
   </div>
   <div class='ocr_carea' id='block_1_48' title="bbox 2275 1840 3775 1912">
    <p class='ocr_par' dir='ltr' id='par_1_48' title="bbox 2275 1840 3775 1912">
     <span class='ocr_line' id='line_1_48' title="bbox 2275 1840 3775 1912; baseline -0.002 -16"><span class='ocrx_word' id='word_1_389' title='bbox 2275 1845 2406 1912; x_wconf 79' lang='lat' dir='ltr'><strong>(Iap.</strong></span> <span class='ocrx_word' id='word_1_390' title='bbox 2441 1840 2582 1895; x_wconf 74' lang='lat' dir='ltr'><strong>XVI.</strong></span> <span class='ocrx_word' id='word_1_391' title='bbox 2617 1843 2747 1901; x_wconf 79' lang='lat' dir='ltr'><strong>—-i.</strong></span> <span class='ocrx_word' id='word_1_392' title='bbox 2789 1843 2928 1896; x_wconf 83' lang='lat' dir='ltr'><strong>Dicit</strong></span> <span class='ocrx_word' id='word_1_393' title='bbox 2963 1842 3223 1896; x_wconf 89' lang='lat' dir='ltr'><strong>Dominus</strong></span> <span class='ocrx_word' id='word_1_394' title='bbox 3250 1840 3393 1895; x_wconf 87' lang='lat' dir='ltr'><strong>Deus</strong></span> <span class='ocrx_word' id='word_1_395' title='bbox 3419 1840 3677 1894; x_wconf 87' lang='lat' dir='ltr'><strong>lsraelis:</strong></span> <span class='ocrx_word' id='word_1_396' title='bbox 3711 1840 3775 1908; x_wconf 66' lang='grc' dir='ltr'><strong>(μ)</strong></span> 
     </span>
    </p>
   </div>
   <div class='ocr_carea' id='block_1_49' title="bbox 2203 1933 3776 2004">
    <p class='ocr_par' dir='ltr' id='par_1_49' title="bbox 2203 1933 3776 2004">
     <span class='ocr_line' id='line_1_49' title="bbox 2203 1933 3776 2004; baseline -0.003 -16"><span class='ocrx_word' id='word_1_397' title='bbox 2203 1935 2269 1989; x_wconf 85' lang='grc' dir='ltr'><strong>Ει</strong></span> <span class='ocrx_word' id='word_1_398' title='bbox 2299 1945 2353 1988; x_wconf 94' lang='lat' dir='ltr'><strong>tu</strong></span> <span class='ocrx_word' id='word_1_399' title='bbox 2393 1938 2460 2004; x_wconf 50' lang='grc' dir='ltr'><strong>β(</strong></span> <span class='ocrx_word' id='word_1_400' title='bbox 2493 1951 2560 1990; x_wconf 90' lang='lat' dir='ltr'><strong>ne</strong></span> <span class='ocrx_word' id='word_1_401' title='bbox 2591 1935 2777 2004; x_wconf 87' lang='lat' dir='ltr'><strong>capias</strong></span> <span class='ocrx_word' id='word_1_402' title='bbox 2807 1935 2900 1989; x_wconf 90' lang='lat' dir='ltr'><strong>tibi</strong></span> <span class='ocrx_word' id='word_1_403' title='bbox 2931 1950 3178 1998; x_wconf 83' lang='lat' dir='ltr'><strong>uxorem,</strong></span> <span class='ocrx_word' id='word_1_404' title='bbox 3209 1933 3263 1987; x_wconf 76' lang='lat'><strong>2.</strong></span> <span class='ocrx_word' id='word_1_405' title='bbox 3288 1943 3344 1988; x_wconf 86' lang='lat' dir='ltr'><strong>et</strong></span> <span class='ocrx_word' id='word_1_406' title='bbox 3387 1933 3410 2000; x_wconf 85' lang='lat'><strong>1</strong></span> <span class='ocrx_word' id='word_1_407' title='bbox 3453 1949 3560 1986; x_wconf 89' lang='lat' dir='ltr'><strong>non</strong></span> <span class='ocrx_word' id='word_1_408' title='bbox 3598 1933 3776 2002; x_wconf 72' lang='lat' dir='ltr'><strong>gigne-</strong></span> 
     </span>
    </p>
   </div>
   <div class='ocr_carea' id='block_1_50' title="bbox 2205 2021 3776 2096">
    <p class='ocr_par' dir='ltr' id='par_1_50' title="bbox 2205 2021 3776 2096">
     <span class='ocr_line' id='line_1_50' title="bbox 2205 2021 3776 2096; baseline -0.004 -14"><span class='ocrx_word' id='word_1_409' title='bbox 2205 2037 2293 2082; x_wconf 88' lang='lat' dir='ltr'><strong>tur</strong></span> <span class='ocrx_word' id='word_1_410' title='bbox 2321 2028 2416 2082; x_wconf 87' lang='lat' dir='ltr'><strong>tibi</strong></span> <span class='ocrx_word' id='word_1_411' title='bbox 2450 2027 2615 2092; x_wconf 88' lang='lat' dir='ltr'><strong>tilius,</strong></span> <span class='ocrx_word' id='word_1_412' title='bbox 2649 2042 2828 2096; x_wconf 91' lang='lat' dir='ltr'><strong>neque</strong></span> <span class='ocrx_word' id='word_1_413' title='bbox 2853 2027 2961 2080; x_wconf 79' lang='lat' dir='ltr'><strong>tilia</strong></span> <span class='ocrx_word' id='word_1_414' title='bbox 3000 2027 3054 2080; x_wconf 92' lang='lat' dir='ltr'><strong>in</strong></span> <span class='ocrx_word' id='word_1_415' title='bbox 3092 2026 3214 2080; x_wconf 91' lang='lat' dir='ltr'><strong>loco</strong></span> <span class='ocrx_word' id='word_1_416' title='bbox 3245 2025 3372 2080; x_wconf 88' lang='lat' dir='ltr'><strong>hoc.</strong></span> <span class='ocrx_word' id='word_1_417' title='bbox 3411 2027 3468 2079; x_wconf 77' lang='grc'><strong>5.</strong></span> <span class='ocrx_word' id='word_1_418' title='bbox 3505 2021 3646 2089; x_wconf 74' lang='lat' dir='ltr'><strong>QJia</strong></span> <span class='ocrx_word' id='word_1_419' title='bbox 3679 2023 3776 2076; x_wconf 72' lang='lat' dir='ltr'><strong>iure</strong></span> 
     </span>
    </p>
   </div>
   <div class='ocr_carea' id='block_1_51' title="bbox 2201 2117 3773 2188">
    <p class='ocr_par' dir='ltr' id='par_1_51' title="bbox 2201 2117 3773 2188">
     <span class='ocr_line' id='line_1_51' title="bbox 2201 2117 3773 2188; baseline -0.005 -13"><span class='ocrx_word' id='word_1_420' title='bbox 2201 2121 2335 2175; x_wconf 90' lang='lat' dir='ltr'><strong>dicit</strong></span> <span class='ocrx_word' id='word_1_421' title='bbox 2366 2119 2634 2174; x_wconf 86' lang='lat' dir='ltr'><strong>Dominus</strong></span> <span class='ocrx_word' id='word_1_422' title='bbox 2659 2120 2726 2174; x_wconf 92' lang='lat' dir='ltr'><strong>de</strong></span> <span class='ocrx_word' id='word_1_423' title='bbox 2749 2121 2876 2175; x_wconf 74' lang='lat' dir='ltr'><strong>[iliis</strong></span> <span class='ocrx_word' id='word_1_424' title='bbox 2904 2129 2958 2174; x_wconf 89' lang='lat' dir='ltr'><strong>et</strong></span> <span class='ocrx_word' id='word_1_425' title='bbox 2993 2119 3231 2183; x_wconf 87' lang='lat' dir='ltr'><strong>filiabus,</strong></span> <span class='ocrx_word' id='word_1_426' title='bbox 3269 2117 3361 2188; x_wconf 91' lang='lat' dir='ltr'><strong>qui</strong></span> <span class='ocrx_word' id='word_1_427' title='bbox 3393 2124 3704 2171; x_wconf 88' lang='lat' dir='ltr'><strong>nascuntur</strong></span> <span class='ocrx_word' id='word_1_428' title='bbox 3731 2117 3773 2168; x_wconf 87' lang='lat' dir='ltr'><strong>in</strong></span> 
     </span>
    </p>
   </div>
   <div class='ocr_carea' id='block_1_52' title="bbox 2201 2211 3774 2278">
    <p class='ocr_par' dir='ltr' id='par_1_52' title="bbox 2201 2211 3774 2278">
     <span class='ocr_line' id='line_1_52' title="bbox 2201 2211 3774 2278; baseline -0.003 -14"><span class='ocrx_word' id='word_1_429' title='bbox 2201 2211 2324 2265; x_wconf 89' lang='lat' dir='ltr'><strong>loco</strong></span> <span class='ocrx_word' id='word_1_430' title='bbox 2355 2211 2482 2273; x_wconf 89' lang='lat' dir='ltr'><strong>hoc,</strong></span> <span class='ocrx_word' id='word_1_431' title='bbox 2511 2221 2564 2265; x_wconf 89' lang='lat' dir='ltr'><strong>et</strong></span> <span class='ocrx_word' id='word_1_432' title='bbox 2601 2211 2668 2266; x_wconf 91' lang='lat' dir='ltr'><strong>de</strong></span> <span class='ocrx_word' id='word_1_433' title='bbox 2705 2211 2976 2264; x_wconf 88' lang='lat' dir='ltr'><strong>matribus</strong></span> <span class='ocrx_word' id='word_1_434' title='bbox 3017 2225 3234 2273; x_wconf 90' lang='lat' dir='ltr'><strong>eorum,</strong></span> <span class='ocrx_word' id='word_1_435' title='bbox 3284 2225 3410 2278; x_wconf 69' lang='lat' dir='ltr'><strong>qua:</strong></span> <span class='ocrx_word' id='word_1_436' title='bbox 3459 2215 3774 2278; x_wconf 81' lang='lat' dir='ltr'><strong>pepererunt</strong></span> 
     </span>
    </p>
   </div>
   <div class='ocr_carea' id='block_1_53' title="bbox 2203 2301 3773 2371">
    <p class='ocr_par' dir='ltr' id='par_1_53' title="bbox 2203 2301 3773 2371">
     <span class='ocr_line' id='line_1_53' title="bbox 2203 2301 3773 2371; baseline -0.003 -15"><span class='ocrx_word' id='word_1_437' title='bbox 2203 2318 2319 2366; x_wconf 90' lang='lat' dir='ltr'><strong>eos,</strong></span> <span class='ocrx_word' id='word_1_438' title='bbox 2355 2312 2409 2356; x_wconf 90' lang='lat' dir='ltr'><strong>et</strong></span> <span class='ocrx_word' id='word_1_439' title='bbox 2449 2303 2516 2357; x_wconf 88' lang='lat' dir='ltr'><strong>de</strong></span> <span class='ocrx_word' id='word_1_440' title='bbox 2565 2303 2812 2371; x_wconf 84' lang='lat' dir='ltr'><strong>patribus</strong></span> <span class='ocrx_word' id='word_1_441' title='bbox 2842 2317 3056 2366; x_wconf 91' lang='lat' dir='ltr'><strong>eorum,</strong></span> <span class='ocrx_word' id='word_1_442' title='bbox 3104 2301 3197 2371; x_wconf 90' lang='lat' dir='ltr'><strong>qui</strong></span> <span class='ocrx_word' id='word_1_443' title='bbox 3247 2309 3564 2370; x_wconf 82' lang='lat' dir='ltr'><strong>genuerunt</strong></span> <span class='ocrx_word' id='word_1_444' title='bbox 3611 2314 3700 2353; x_wconf 62' lang='lat' dir='ltr'><strong>eo:</strong></span> <span class='ocrx_word' id='word_1_445' title='bbox 3730 2301 3773 2351; x_wconf 78' lang='lat' dir='ltr'><strong>iii</strong></span> 
     </span>
    </p>
   </div>
   <div class='ocr_carea' id='block_1_54' title="bbox 2201 2390 3773 2449">
    <p class='ocr_par' dir='ltr' id='par_1_54' title="bbox 2201 2390 3773 2449">
     <span class='ocr_line' id='line_1_54' title="bbox 2201 2390 3773 2449; baseline -0.006 -1"><span class='ocrx_word' id='word_1_446' title='bbox 2201 2403 2346 2448; x_wconf 87' lang='lat' dir='ltr'><strong>terra</strong></span> <span class='ocrx_word' id='word_1_447' title='bbox 2377 2393 2478 2448; x_wconf 86' lang='lat' dir='ltr'><strong>hac</strong></span> <span class='ocrx_word' id='word_1_448' title='bbox 2510 2412 2523 2448; x_wconf 91' lang='lat'>:</span> <span class='ocrx_word' id='word_1_449' title='bbox 2563 2395 2618 2449; x_wconf 74' lang='grc' dir='ltr'><strong>ι.</strong></span> <span class='ocrx_word' id='word_1_450' title='bbox 2662 2394 2717 2446; x_wconf 93' lang='lat' dir='ltr'><strong>lu</strong></span> <span class='ocrx_word' id='word_1_451' title='bbox 2768 2401 2944 2448; x_wconf 89' lang='lat' dir='ltr'><strong>morte</strong></span> <span class='ocrx_word' id='word_1_452' title='bbox 2985 2393 3322 2446; x_wconf 88' lang='lat' dir='ltr'><strong>vehementis</strong></span> <span class='ocrx_word' id='word_1_453' title='bbox 3355 2390 3642 2444; x_wconf 87' lang='lat' dir='ltr'><strong>cruciatus</strong></span> <span class='ocrx_word' id='word_1_454' title='bbox 3674 2406 3773 2441; x_wconf 87' lang='lat' dir='ltr'><strong>mo-</strong></span> 
     </span>
    </p>
   </div>
   <div class='ocr_carea' id='block_1_55' title="bbox 2203 2481 3774 2554">
    <p class='ocr_par' dir='ltr' id='par_1_55' title="bbox 2203 2481 3774 2554">
     <span class='ocr_line' id='line_1_55' title="bbox 2203 2481 3774 2554; baseline -0.003 -16"><span class='ocrx_word' id='word_1_455' title='bbox 2203 2485 2412 2538; x_wconf 85' lang='lat' dir='ltr'><strong>rientur</strong></span> <span class='ocrx_word' id='word_1_456' title='bbox 2464 2503 2477 2538; x_wconf 89' lang='lat'>:</span> <span class='ocrx_word' id='word_1_457' title='bbox 2536 2500 2643 2539; x_wconf 89' lang='lat' dir='ltr'><strong>non</strong></span> <span class='ocrx_word' id='word_1_458' title='bbox 2698 2485 3046 2554; x_wconf 71' lang='lat' dir='ltr'><strong>plangentur,</strong></span> <span class='ocrx_word' id='word_1_459' title='bbox 3095 2497 3274 2554; x_wconf 89' lang='lat' dir='ltr'><strong>neque</strong></span> <span class='ocrx_word' id='word_1_460' title='bbox 3306 2481 3646 2552; x_wconf 85' lang='lat' dir='ltr'><strong>scpelientur</strong></span> <span class='ocrx_word' id='word_1_461' title='bbox 3683 2499 3697 2533; x_wconf 87' lang='lat'>:</span> <span class='ocrx_word' id='word_1_462' title='bbox 3729 2482 3774 2534; x_wconf 88' lang='lat' dir='ltr'><strong>in</strong></span> 
     </span>
    </p>
   </div>
   <div class='ocr_carea' id='block_1_56' title="bbox 2203 2571 3774 2643">
    <p class='ocr_par' dir='ltr' id='par_1_56' title="bbox 2203 2571 3774 2643">
     <span class='ocr_line' id='line_1_56' title="bbox 2203 2571 3774 2643; baseline -0.003 -13"><span class='ocrx_word' id='word_1_463' title='bbox 2203 2577 2497 2631; x_wconf 85' lang='lat' dir='ltr'><strong>ludibrium</strong></span> <span class='ocrx_word' id='word_1_464' title='bbox 2529 2592 2694 2643; x_wconf 88' lang='lat' dir='ltr'><strong>super</strong></span> <span class='ocrx_word' id='word_1_465' title='bbox 2739 2575 2880 2630; x_wconf 79' lang='lat' dir='ltr'><strong>facie</strong></span> <span class='ocrx_word' id='word_1_466' title='bbox 2924 2583 3082 2630; x_wconf 65' lang='lat' dir='ltr'><strong>terra:</strong></span> <span class='ocrx_word' id='word_1_467' title='bbox 3113 2583 3276 2628; x_wconf 86' lang='lat' dir='ltr'><strong>erunt</strong></span> <span class='ocrx_word' id='word_1_468' title='bbox 3323 2591 3338 2626; x_wconf 89' lang='lat'><strong>:</strong></span> <span class='ocrx_word' id='word_1_469' title='bbox 3375 2573 3430 2625; x_wconf 90' lang='lat' dir='ltr'><strong>in</strong></span> <span class='ocrx_word' id='word_1_470' title='bbox 3467 2571 3654 2642; x_wconf 86' lang='lat' dir='ltr'><strong>gladio</strong></span> <span class='ocrx_word' id='word_1_471' title='bbox 3698 2586 3774 2625; x_wconf 80' lang='lat' dir='ltr'><strong>ca-</strong></span> 
     </span>
    </p>
   </div>
   <div class='ocr_carea' id='block_1_57' title="bbox 2201 2658 3773 2733">
    <p class='ocr_par' dir='ltr' id='par_1_57' title="bbox 2201 2658 3773 2733">
     <span class='ocr_line' id='line_1_57' title="bbox 2201 2658 3773 2733; baseline -0.004 -10"><span class='ocrx_word' id='word_1_472' title='bbox 2201 2658 2350 2733; x_wconf 76' lang='lat' dir='ltr'><strong>dent,</strong></span> <span class='ocrx_word' id='word_1_473' title='bbox 2386 2679 2441 2722; x_wconf 87' lang='lat' dir='ltr'><strong>et</strong></span> <span class='ocrx_word' id='word_1_474' title='bbox 2471 2669 2525 2722; x_wconf 93' lang='lat' dir='ltr'><strong>iu</strong></span> <span class='ocrx_word' id='word_1_475' title='bbox 2570 2667 2714 2722; x_wconf 79' lang='lat' dir='ltr'><strong>fame</strong></span> <span class='ocrx_word' id='word_1_476' title='bbox 2745 2661 3144 2722; x_wconf 68' lang='lat' dir='ltr'><strong>consumentut‘</strong></span> <span class='ocrx_word' id='word_1_477' title='bbox 3177 2683 3190 2718; x_wconf 71' lang='grc' dir='ltr'>ε</span> <span class='ocrx_word' id='word_1_478' title='bbox 3221 2674 3276 2720; x_wconf 81' lang='lat' dir='ltr'><strong>et</strong></span> <span class='ocrx_word' id='word_1_479' title='bbox 3319 2673 3484 2719; x_wconf 87' lang='lat' dir='ltr'><strong>erunt</strong></span> <span class='ocrx_word' id='word_1_480' title='bbox 3522 2663 3773 2718; x_wconf 80' lang='lat' dir='ltr'><strong>cadavera</strong></span> 
     </span>
    </p>
   </div>
   <div class='ocr_carea' id='block_1_58' title="bbox 2201 2755 3776 2828">
    <p class='ocr_par' dir='ltr' id='par_1_58' title="bbox 2201 2755 3776 2828">
     <span class='ocr_line' id='line_1_58' title="bbox 2201 2755 3776 2828; baseline -0.004 -14"><span class='ocrx_word' id='word_1_481' title='bbox 2201 2777 2392 2814; x_wconf 88' lang='lat' dir='ltr'><strong>eorum</strong></span> <span class='ocrx_word' id='word_1_482' title='bbox 2427 2760 2479 2813; x_wconf 93' lang='lat' dir='ltr'><strong>in</strong></span> <span class='ocrx_word' id='word_1_483' title='bbox 2507 2761 2690 2814; x_wconf 89' lang='lat' dir='ltr'><strong>cibum</strong></span> <span class='ocrx_word' id='word_1_484' title='bbox 2725 2759 3039 2814; x_wconf 84' lang='lat' dir='ltr'><strong>volucribus</strong></span> <span class='ocrx_word' id='word_1_485' title='bbox 3081 2758 3229 2821; x_wconf 70' lang='lat' dir='ltr'><strong>cmli,</strong></span> <span class='ocrx_word' id='word_1_486' title='bbox 3259 2765 3314 2810; x_wconf 88' lang='lat' dir='ltr'><strong>ct</strong></span> <span class='ocrx_word' id='word_1_487' title='bbox 3343 2756 3420 2828; x_wconf 65' lang='grc' dir='ltr'><strong>(ι)</strong></span> <span class='ocrx_word' id='word_1_488' title='bbox 3454 2755 3652 2810; x_wconf 86' lang='lat' dir='ltr'><strong>bestiis</strong></span> <span class='ocrx_word' id='word_1_489' title='bbox 3681 2766 3776 2809; x_wconf 81' lang='lat' dir='ltr'><strong>ter-</strong></span> 
     </span>
    </p>
   </div>
   <div class='ocr_carea' id='block_1_59' title="bbox 2202 2840 3774 2919">
    <p class='ocr_par' dir='ltr' id='par_1_59' title="bbox 2202 2840 3774 2919">
     <span class='ocr_line' id='line_1_59' title="bbox 2202 2840 3774 2919; baseline -0.004 -15"><span class='ocrx_word' id='word_1_490' title='bbox 2202 2867 2294 2904; x_wconf 65' lang='lat' dir='ltr'><strong>ra).</strong></span> <span class='ocrx_word' id='word_1_491' title='bbox 2324 2852 2376 2905; x_wconf 77' lang='lat'><strong>5.</strong></span> <span class='ocrx_word' id='word_1_492' title='bbox 2407 2851 2482 2919; x_wconf 76' lang='lat' dir='ltr'><strong>(a)</strong></span> <span class='ocrx_word' id='word_1_493' title='bbox 2519 2850 2644 2904; x_wconf 75' lang='lat' dir='ltr'><strong>llaec</strong></span> <span class='ocrx_word' id='word_1_494' title='bbox 2665 2840 2795 2904; x_wconf 87' lang='lat' dir='ltr'><strong>dicit</strong></span> <span class='ocrx_word' id='word_1_495' title='bbox 2823 2848 3086 2902; x_wconf 83' lang='lat' dir='ltr'><strong>Dominus</strong></span> <span class='ocrx_word' id='word_1_496' title='bbox 3115 2867 3129 2903; x_wconf 87' lang='lat'><strong>:</strong></span> <span class='ocrx_word' id='word_1_497' title='bbox 3165 2847 3245 2902; x_wconf 82' lang='lat' dir='ltr'><strong>Ne</strong></span> <span class='ocrx_word' id='word_1_498' title='bbox 3275 2848 3608 2918; x_wconf 85' lang='lat' dir='ltr'><strong>ingrediaris</strong></span> <span class='ocrx_word' id='word_1_499' title='bbox 3635 2847 3704 2917; x_wconf 85' lang='lat' dir='ltr'><strong>(b)</strong></span> <span class='ocrx_word' id='word_1_500' title='bbox 3727 2847 3774 2898; x_wconf 92' lang='lat' dir='ltr'><strong>in</strong></span> 
     </span>
    </p>
   </div>
   <div class='ocr_carea' id='block_1_60' title="bbox 2201 2941 3776 3020">
    <p class='ocr_par' dir='ltr' id='par_1_60' title="bbox 2201 2941 3776 3020">
     <span class='ocr_line' id='line_1_60' title="bbox 2201 2941 3776 3020; baseline -0.004 -22"><span class='ocrx_word' id='word_1_501' title='bbox 2201 2953 2434 2998; x_wconf 87' lang='lat' dir='ltr'><strong>turmam</strong></span> <span class='ocrx_word' id='word_1_502' title='bbox 2464 2957 2678 3007; x_wconf 90' lang='lat' dir='ltr'><strong>eorum,</strong></span> <span class='ocrx_word' id='word_1_503' title='bbox 2709 2957 2886 3011; x_wconf 88' lang='lat' dir='ltr'><strong>neque</strong></span> <span class='ocrx_word' id='word_1_504' title='bbox 2907 2941 3163 3020; x_wconf 64' lang='lat' dir='ltr'><strong>abeasad</strong></span> <span class='ocrx_word' id='word_1_505' title='bbox 3186 2941 3578 3012; x_wconf 82' lang='lat' dir='ltr'><strong>plangendum,</strong></span> <span class='ocrx_word' id='word_1_506' title='bbox 3611 2955 3776 3008; x_wconf 84' lang='lat' dir='ltr'><strong>neque</strong></span> 
     </span>
    </p>
   </div>
   <div class='ocr_carea' id='block_1_61' title="bbox 2200 3032 3777 3104">
    <p class='ocr_par' dir='ltr' id='par_1_61' title="bbox 2200 3032 3777 3104">
     <span class='ocr_line' id='line_1_61' title="bbox 2200 3032 3777 3104; baseline -0.004 -15"><span class='ocrx_word' id='word_1_507' title='bbox 2200 3037 2385 3104; x_wconf 69' lang='lat' dir='ltr'><strong>lugeas</strong></span> <span class='ocrx_word' id='word_1_508' title='bbox 2421 3050 2518 3090; x_wconf 89' lang='lat' dir='ltr'><strong>eos</strong></span> <span class='ocrx_word' id='word_1_509' title='bbox 2555 3055 2567 3088; x_wconf 91' lang='lat'>:</span> <span class='ocrx_word' id='word_1_510' title='bbox 2606 3035 2734 3104; x_wconf 82' lang='lat' dir='ltr'><strong>quia</strong></span> <span class='ocrx_word' id='word_1_511' title='bbox 2780 3033 2988 3088; x_wconf 89' lang='lat' dir='ltr'><strong>removi</strong></span> <span class='ocrx_word' id='word_1_512' title='bbox 3021 3049 3206 3102; x_wconf 82' lang='lat' dir='ltr'><strong>pacem</strong></span> <span class='ocrx_word' id='word_1_513' title='bbox 3261 3048 3441 3088; x_wconf 88' lang='lat' dir='ltr'><strong>meam</strong></span> <span class='ocrx_word' id='word_1_514' title='bbox 3507 3047 3538 3086; x_wconf 88' lang='lat' dir='ltr'><strong>a</strong></span> <span class='ocrx_word' id='word_1_515' title='bbox 3582 3032 3777 3102; x_wconf 73' lang='lat' dir='ltr'><strong>pOpuio</strong></span> 
     </span>
    </p>
   </div>
   <div class='ocr_carea' id='block_1_62' title="bbox 513 3123 3776 3203">
    <p class='ocr_par' dir='ltr' id='par_1_62' title="bbox 513 3123 3776 3203">
     <span class='ocr_line' id='line_1_62' title="bbox 513 3123 3776 3203; baseline 0 -27"><span class='ocrx_word' id='word_1_516' title='bbox 513 3123 569 3177; x_wconf 92' lang='lat' dir='ltr'><strong>in</strong></span> <span class='ocrx_word' id='word_1_517' title='bbox 605 3123 796 3191; x_wconf 89' lang='lat' dir='ltr'><strong>bona1</strong></span> <span class='ocrx_word' id='word_1_518' title='bbox 830 3123 1093 3179; x_wconf 88' lang='lat' dir='ltr'><strong>adversus</strong></span> <span class='ocrx_word' id='word_1_519' title='bbox 1119 3125 1424 3178; x_wconf 89' lang='lat' dir='ltr'><strong>inimicum.</strong></span> <span class='ocrx_word' id='word_1_520' title='bbox 1462 3125 1548 3178; x_wconf 71' lang='grc'><strong>1-2..</strong></span> <span class='ocrx_word' id='word_1_521' title='bbox 1590 3125 1668 3194; x_wconf 83' lang='lat' dir='ltr'><strong>(n)</strong></span> <span class='ocrx_word' id='word_1_522' title='bbox 1699 3125 1757 3179; x_wconf 86' lang='lat' dir='ltr'><strong>Si</strong></span> <span class='ocrx_word' id='word_1_523' title='bbox 1790 3142 2086 3198; x_wconf 85' lang='lat' dir='ltr'><strong>cognosce-</strong></span> <span class='ocrx_word' id='word_1_524' title='bbox 2118 3144 2162 3203; x_wconf 75' lang='grc' dir='ltr'>α</span> <span class='ocrx_word' id='word_1_525' title='bbox 2201 3130 2302 3183; x_wconf 90' lang='lat' dir='ltr'><strong>hoc</strong></span> <span class='ocrx_word' id='word_1_526' title='bbox 2357 3127 2464 3183; x_wconf 88' lang='lat' dir='ltr'><strong>hoc</strong></span> <span class='ocrx_word' id='word_1_527' title='bbox 2524 3128 2609 3197; x_wconf 81' lang='grc'><strong>(⁶),</strong></span> <span class='ocrx_word' id='word_1_528' title='bbox 2675 3126 2808 3190; x_wconf 90' lang='lat' dir='ltr'><strong>dicit</strong></span> <span class='ocrx_word' id='word_1_529' title='bbox 2871 3124 3160 3188; x_wconf 88' lang='lat' dir='ltr'><strong>Dominus,</strong></span> <span class='ocrx_word' id='word_1_530' title='bbox 3212 3128 3282 3192; x_wconf 62' lang='lat' dir='ltr'><strong>3K</strong></span> <span class='ocrx_word' id='word_1_531' title='bbox 3321 3127 3776 3188; x_wconf 84' lang='lat' dir='ltr'><strong>misericordiam,</strong></span> 
     </span>
    </p>
   </div>
   <div class='ocr_carea' id='block_1_63' title="bbox 511 3214 2090 3285">
    <p class='ocr_par' dir='ltr' id='par_1_63' title="bbox 511 3214 2090 3285">
     <span class='ocr_line' id='line_1_63' title="bbox 511 3214 2090 3285; baseline 0.006 -18"><span class='ocrx_word' id='word_1_532' title='bbox 511 3225 603 3268; x_wconf 90' lang='lat' dir='ltr'><strong>tur</strong></span> <span class='ocrx_word' id='word_1_533' title='bbox 623 3216 698 3285; x_wconf 90' lang='grc' dir='ltr'><strong>(ο)</strong></span> <span class='ocrx_word' id='word_1_534' title='bbox 730 3214 957 3280; x_wconf 88' lang='lat' dir='ltr'><strong>ferrum,</strong></span> <span class='ocrx_word' id='word_1_535' title='bbox 987 3225 1040 3270; x_wconf 91' lang='lat' dir='ltr'><strong>et</strong></span> <span class='ocrx_word' id='word_1_536' title='bbox 1069 3217 1466 3285; x_wconf 88' lang='lat' dir='ltr'><strong>operimentum</strong></span> <span class='ocrx_word' id='word_1_537' title='bbox 1503 3220 1627 3273; x_wconf 76' lang='lat' dir='ltr'><strong>ieris</strong></span> <span class='ocrx_word' id='word_1_538' title='bbox 1680 3218 1849 3274; x_wconf 86' lang='lat' dir='ltr'><strong>robur</strong></span> <span class='ocrx_word' id='word_1_539' title='bbox 1898 3223 2090 3277; x_wconf 83' lang='lat' dir='ltr'><strong>tuum?</strong></span> 
     </span>
    </p>
   </div>
   <div class='ocr_carea' id='block_1_64' title="bbox 516 3305 2090 3376">
    <p class='ocr_par' dir='ltr' id='par_1_64' title="bbox 516 3305 2090 3376">
     <span class='ocr_line' id='line_1_64' title="bbox 516 3305 2090 3376; baseline 0.004 -18"><span class='ocrx_word' id='word_1_540' title='bbox 516 3305 604 3359; x_wconf 75' lang='grc'><strong>15.</strong></span> <span class='ocrx_word' id='word_1_541' title='bbox 640 3305 708 3358; x_wconf 88' lang='lat' dir='ltr'><strong>Et</strong></span> <span class='ocrx_word' id='word_1_542' title='bbox 747 3306 1035 3359; x_wconf 88' lang='lat' dir='ltr'><strong>thesauros</strong></span> <span class='ocrx_word' id='word_1_543' title='bbox 1081 3315 1203 3360; x_wconf 92' lang='lat' dir='ltr'><strong>tuos</strong></span> <span class='ocrx_word' id='word_1_544' title='bbox 1247 3307 1298 3360; x_wconf 94' lang='lat' dir='ltr'><strong>in</strong></span> <span class='ocrx_word' id='word_1_545' title='bbox 1335 3307 1699 3376; x_wconf 90' lang='lat' dir='ltr'><strong>direptionem</strong></span> <span class='ocrx_word' id='word_1_546' title='bbox 1733 3309 1900 3371; x_wconf 88' lang='lat' dir='ltr'><strong>dabo,</strong></span> <span class='ocrx_word' id='word_1_547' title='bbox 1935 3326 2090 3364; x_wconf 89' lang='lat' dir='ltr'><strong>com-</strong></span> 
     </span>
    </p>
   </div>
   <div class='ocr_carea' id='block_1_65' title="bbox 512 3397 2088 3466">
    <p class='ocr_par' dir='ltr' id='par_1_65' title="bbox 512 3397 2088 3466">
     <span class='ocr_line' id='line_1_65' title="bbox 512 3397 2088 3466; baseline 0.003 -16"><span class='ocrx_word' id='word_1_548' title='bbox 512 3397 871 3458; x_wconf 83' lang='lat' dir='ltr'><strong>mutationem</strong></span> <span class='ocrx_word' id='word_1_549' title='bbox 899 3406 1118 3465; x_wconf 88' lang='lat' dir='ltr'><strong>propter</strong></span> <span class='ocrx_word' id='word_1_550' title='bbox 1142 3399 1322 3450; x_wconf 91' lang='lat' dir='ltr'><strong>omnia</strong></span> <span class='ocrx_word' id='word_1_551' title='bbox 1351 3402 1573 3466; x_wconf 74' lang='lat' dir='ltr'><strong>peccata</strong></span> <span class='ocrx_word' id='word_1_552' title='bbox 1597 3408 1710 3462; x_wconf 88' lang='lat' dir='ltr'><strong>tua,</strong></span> <span class='ocrx_word' id='word_1_553' title='bbox 1735 3409 1791 3454; x_wconf 88' lang='lat' dir='ltr'><strong>et</strong></span> <span class='ocrx_word' id='word_1_554' title='bbox 1821 3401 1878 3453; x_wconf 91' lang='lat' dir='ltr'><strong>in</strong></span> <span class='ocrx_word' id='word_1_555' title='bbox 1907 3402 2088 3455; x_wconf 81' lang='lat' dir='ltr'><strong>omni-</strong></span> 
     </span>
    </p>
   </div>
   <div class='ocr_carea' id='block_1_66' title="bbox 507 3486 2090 3550">
    <p class='ocr_par' dir='ltr' id='par_1_66' title="bbox 507 3486 2090 3550">
     <span class='ocr_line' id='line_1_66' title="bbox 507 3486 2090 3550; baseline 0.005 -10"><span class='ocrx_word' id='word_1_556' title='bbox 507 3487 616 3550; x_wconf 85' lang='lat' dir='ltr'><strong>bus</strong></span> <span class='ocrx_word' id='word_1_557' title='bbox 645 3486 892 3540; x_wconf 88' lang='lat' dir='ltr'><strong>terminis</strong></span> <span class='ocrx_word' id='word_1_558' title='bbox 921 3487 1048 3540; x_wconf 91' lang='lat' dir='ltr'><strong>tuis.</strong></span> <span class='ocrx_word' id='word_1_559' title='bbox 1101 3487 1187 3541; x_wconf 73' lang='grc' dir='ltr'><strong>Η.</strong></span> <span class='ocrx_word' id='word_1_560' title='bbox 1243 3487 1308 3541; x_wconf 86' lang='lat' dir='ltr'><strong>Et</strong></span> <span class='ocrx_word' id='word_1_561' title='bbox 1360 3490 1566 3542; x_wconf 87' lang='lat' dir='ltr'><strong>servire</strong></span> <span class='ocrx_word' id='word_1_562' title='bbox 1611 3499 1664 3544; x_wconf 91' lang='lat' dir='ltr'><strong>te</strong></span> <span class='ocrx_word' id='word_1_563' title='bbox 1715 3489 1912 3544; x_wconf 78' lang='lat' dir='ltr'><strong>faciam</strong></span> <span class='ocrx_word' id='word_1_564' title='bbox 1949 3492 2090 3548; x_wconf 89' lang='lat' dir='ltr'><strong>inter</strong></span> 
     </span>
    </p>
   </div>
   <div class='ocr_carea' id='block_1_67' title="bbox 511 3577 2088 3652">
    <p class='ocr_par' dir='ltr' id='par_1_67' title="bbox 511 3577 2088 3652">
     <span class='ocr_line' id='line_1_67' title="bbox 511 3577 2088 3652; baseline 0.004 -20"><span class='ocrx_word' id='word_1_565' title='bbox 511 3579 768 3632; x_wconf 89' lang='lat' dir='ltr'><strong>inimicos</strong></span> <span class='ocrx_word' id='word_1_566' title='bbox 802 3587 949 3644; x_wconf 89' lang='lat' dir='ltr'><strong>tuos,</strong></span> <span class='ocrx_word' id='word_1_567' title='bbox 1005 3577 1060 3630; x_wconf 90' lang='lat' dir='ltr'><strong>in</strong></span> <span class='ocrx_word' id='word_1_568' title='bbox 1113 3587 1282 3642; x_wconf 85' lang='lat' dir='ltr'><strong>terra,</strong></span> <span class='ocrx_word' id='word_1_569' title='bbox 1317 3595 1480 3649; x_wconf 88' lang='lat' dir='ltr'><strong>quam</strong></span> <span class='ocrx_word' id='word_1_570' title='bbox 1524 3597 1632 3635; x_wconf 90' lang='lat' dir='ltr'><strong>non</strong></span> <span class='ocrx_word' id='word_1_571' title='bbox 1686 3582 1882 3637; x_wconf 87' lang='lat' dir='ltr'><strong>novisti</strong></span> <span class='ocrx_word' id='word_1_572' title='bbox 1916 3602 1928 3637; x_wconf 91' lang='lat'><strong>:</strong></span> <span class='ocrx_word' id='word_1_573' title='bbox 1960 3586 2088 3652; x_wconf 88' lang='lat' dir='ltr'><strong>quia</strong></span> 
     </span>
    </p>
   </div>
   <div class='ocr_carea' id='block_1_68' title="bbox 508 3669 2085 3741">
    <p class='ocr_par' dir='ltr' id='par_1_68' title="bbox 508 3669 2085 3741">
     <span class='ocr_line' id='line_1_68' title="bbox 508 3669 2085 3741; baseline 0.001 -15"><span class='ocrx_word' id='word_1_574' title='bbox 508 3670 653 3737; x_wconf 80' lang='lat' dir='ltr'><strong>ignis</strong></span> <span class='ocrx_word' id='word_1_575' title='bbox 690 3684 955 3723; x_wconf 89' lang='lat' dir='ltr'><strong>accensus</strong></span> <span class='ocrx_word' id='word_1_576' title='bbox 1007 3684 1070 3723; x_wconf 81' lang='lat' dir='ltr'><strong>ex</strong></span> <span class='ocrx_word' id='word_1_577' title='bbox 1126 3669 1310 3723; x_wconf 86' lang='lat' dir='ltr'><strong>furore</strong></span> <span class='ocrx_word' id='word_1_578' title='bbox 1347 3686 1487 3735; x_wconf 84' lang='lat' dir='ltr'><strong>meo,</strong></span> <span class='ocrx_word' id='word_1_579' title='bbox 1525 3687 1688 3741; x_wconf 90' lang='lat' dir='ltr'><strong>super</strong></span> <span class='ocrx_word' id='word_1_580' title='bbox 1731 3688 1828 3729; x_wconf 89' lang='lat' dir='ltr'><strong>vos</strong></span> <span class='ocrx_word' id='word_1_581' title='bbox 1855 3675 2085 3730; x_wconf 88' lang='lat' dir='ltr'><strong>ardebit.</strong></span> 
     </span>
    </p>
   </div>
   <div class='ocr_carea' id='block_1_69' title="bbox 512 3760 2092 3830">
    <p class='ocr_par' dir='ltr' id='par_1_69' title="bbox 512 3760 2092 3830">
     <span class='ocr_line' id='line_1_69' title="bbox 512 3760 2092 3830; baseline 0.002 -14"><span class='ocrx_word' id='word_1_582' title='bbox 512 3762 599 3818; x_wconf 79' lang='grc'><strong>15.</strong></span> <span class='ocrx_word' id='word_1_583' title='bbox 634 3764 702 3830; x_wconf 60' lang='lat' dir='ltr'>x</span> <span class='ocrx_word' id='word_1_584' title='bbox 735 3761 814 3815; x_wconf 90' lang='lat' dir='ltr'><strong>Tu</strong></span> <span class='ocrx_word' id='word_1_585' title='bbox 843 3762 1062 3825; x_wconf 85' lang='lat' dir='ltr'><strong>novisti,</strong></span> <span class='ocrx_word' id='word_1_586' title='bbox 1098 3760 1325 3816; x_wconf 89' lang='lat' dir='ltr'><strong>Domine</strong></span> <span class='ocrx_word' id='word_1_587' title='bbox 1355 3763 1376 3830; x_wconf 91' lang='lat'><strong>1</strong></span> <span class='ocrx_word' id='word_1_588' title='bbox 1412 3781 1423 3815; x_wconf 90' lang='lat'>:</span> <span class='ocrx_word' id='word_1_589' title='bbox 1459 3765 1749 3818; x_wconf 85' lang='lat' dir='ltr'><strong>recordare</strong></span> <span class='ocrx_word' id='word_1_590' title='bbox 1780 3766 1906 3825; x_wconf 87' lang='lat' dir='ltr'><strong>mei.</strong></span> <span class='ocrx_word' id='word_1_591' title='bbox 1937 3775 1991 3820; x_wconf 90' lang='lat' dir='ltr'><strong>et</strong></span> <span class='ocrx_word' id='word_1_592' title='bbox 2017 3768 2092 3819; x_wconf 90' lang='lat' dir='ltr'><strong>vi-</strong></span> 
     </span>
    </p>
   </div>
   <div class='ocr_carea' id='block_1_70' title="bbox 509 3854 2086 3928">
    <p class='ocr_par' dir='ltr' id='par_1_70' title="bbox 509 3854 2086 3928">
     <span class='ocr_line' id='line_1_70' title="bbox 509 3854 2086 3928; baseline 0.004 -22"><span class='ocrx_word' id='word_1_593' title='bbox 509 3855 614 3907; x_wconf 83' lang='lat' dir='ltr'><strong>sita</strong></span> <span class='ocrx_word' id='word_1_594' title='bbox 651 3854 862 3924; x_wconf 74' lang='lat' dir='ltr'><strong>me,(p)</strong></span> <span class='ocrx_word' id='word_1_595' title='bbox 917 3862 972 3908; x_wconf 92' lang='lat' dir='ltr'><strong>et</strong></span> <span class='ocrx_word' id='word_1_596' title='bbox 1021 3854 1298 3923; x_wconf 88' lang='lat' dir='ltr'><strong>impunem</strong></span> <span class='ocrx_word' id='word_1_597' title='bbox 1349 3855 1562 3910; x_wconf 88' lang='lat' dir='ltr'><strong>dimitte</strong></span> <span class='ocrx_word' id='word_1_598' title='bbox 1607 3872 1693 3910; x_wconf 90' lang='lat' dir='ltr'><strong>me</strong></span> <span class='ocrx_word' id='word_1_599' title='bbox 1725 3857 1934 3921; x_wconf 91' lang='lat' dir='ltr'><strong>abhis,</strong></span> <span class='ocrx_word' id='word_1_600' title='bbox 1993 3861 2086 3928; x_wconf 89' lang='lat' dir='ltr'><strong>qui</strong></span> 
     </span>
    </p>
   </div>
   <div class='ocr_carea' id='block_1_71' title="bbox 509 3946 2084 4016">
    <p class='ocr_par' dir='ltr' id='par_1_71' title="bbox 509 3946 2084 4016">
     <span class='ocr_line' id='line_1_71' title="bbox 509 3946 2084 4016; baseline 0.003 -17"><span class='ocrx_word' id='word_1_601' title='bbox 509 3953 916 4014; x_wconf 85' lang='lat' dir='ltr'><strong>persequuntur</strong></span> <span class='ocrx_word' id='word_1_602' title='bbox 943 3960 1030 3999; x_wconf 91' lang='lat' dir='ltr'><strong>me</strong></span> <span class='ocrx_word' id='word_1_603' title='bbox 1064 3963 1076 3999; x_wconf 94' lang='lat'>:</span> <span class='ocrx_word' id='word_1_604' title='bbox 1115 3962 1220 3999; x_wconf 92' lang='lat' dir='ltr'><strong>non</strong></span> <span class='ocrx_word' id='word_1_605' title='bbox 1260 3946 1310 3998; x_wconf 92' lang='lat' dir='ltr'><strong>in</strong></span> <span class='ocrx_word' id='word_1_606' title='bbox 1339 3946 1806 4016; x_wconf 82' lang='lat' dir='ltr'><strong>longanimitatcm</strong></span> <span class='ocrx_word' id='word_1_607' title='bbox 1841 3952 1904 4014; x_wconf 47' lang='grc' dir='ltr'><strong>ἃ(</strong></span> <span class='ocrx_word' id='word_1_608' title='bbox 1941 3959 2084 4004; x_wconf 91' lang='lat' dir='ltr'><strong>tuam</strong></span> 
     </span>
    </p>
   </div>
   <div class='ocr_carea' id='block_1_72' title="bbox 506 4038 2086 4113">
    <p class='ocr_par' dir='ltr' id='par_1_72' title="bbox 506 4038 2086 4113">
     <span class='ocr_line' id='line_1_72' title="bbox 506 4038 2086 4113; baseline 0.003 -20"><span class='ocrx_word' id='word_1_609' title='bbox 506 4038 779 4107; x_wconf 88' lang='lat' dir='ltr'><strong>suscipias</strong></span> <span class='ocrx_word' id='word_1_610' title='bbox 814 4053 901 4092; x_wconf 90' lang='lat' dir='ltr'><strong>me</strong></span> <span class='ocrx_word' id='word_1_611' title='bbox 931 4039 980 4108; x_wconf 94' lang='lat'><strong>1.</strong></span> <span class='ocrx_word' id='word_1_612' title='bbox 1032 4041 1203 4103; x_wconf 89' lang='lat' dir='ltr'><strong>Scito,</strong></span> <span class='ocrx_word' id='word_1_613' title='bbox 1257 4038 1402 4109; x_wconf 88' lang='lat' dir='ltr'><strong>quod</strong></span> <span class='ocrx_word' id='word_1_614' title='bbox 1437 4039 1622 4109; x_wconf 88' lang='lat' dir='ltr'><strong>accepi</strong></span> <span class='ocrx_word' id='word_1_615' title='bbox 1659 4055 1758 4109; x_wconf 88' lang='lat' dir='ltr'><strong>pro</strong></span> <span class='ocrx_word' id='word_1_616' title='bbox 1788 4050 1841 4095; x_wconf 90' lang='lat' dir='ltr'><strong>te</strong></span> <span class='ocrx_word' id='word_1_617' title='bbox 1886 4057 2086 4113; x_wconf 87' lang='lat' dir='ltr'><strong>oppro-</strong></span> 
     </span>
    </p>
   </div>
   <div class='ocr_carea' id='block_1_73' title="bbox 506 4130 2088 4202">
    <p class='ocr_par' dir='ltr' id='par_1_73' title="bbox 506 4130 2088 4202">
     <span class='ocr_line' id='line_1_73' title="bbox 506 4130 2088 4202; baseline 0.002 -18"><span class='ocrx_word' id='word_1_618' title='bbox 506 4130 688 4184; x_wconf 88' lang='lat' dir='ltr'><strong>brium</strong></span> <span class='ocrx_word' id='word_1_619' title='bbox 730 4130 836 4185; x_wconf 68' lang='grc'><strong>16.</strong></span> <span class='ocrx_word' id='word_1_620' title='bbox 885 4131 954 4185; x_wconf 87' lang='lat' dir='ltr'><strong>ab</strong></span> <span class='ocrx_word' id='word_1_621' title='bbox 1002 4132 1108 4197; x_wconf 89' lang='lat' dir='ltr'><strong>his,</strong></span> <span class='ocrx_word' id='word_1_622' title='bbox 1138 4133 1212 4200; x_wconf 86' lang='lat' dir='ltr'><strong>(q)</strong></span> <span class='ocrx_word' id='word_1_623' title='bbox 1241 4133 1332 4202; x_wconf 90' lang='lat' dir='ltr'><strong>qui</strong></span> <span class='ocrx_word' id='word_1_624' title='bbox 1368 4131 1710 4202; x_wconf 68' lang='lat' dir='ltr'><strong>praavaricati</strong></span> <span class='ocrx_word' id='word_1_625' title='bbox 1738 4142 1865 4187; x_wconf 91' lang='lat' dir='ltr'><strong>sunt</strong></span> <span class='ocrx_word' id='word_1_626' title='bbox 1897 4134 1949 4187; x_wconf 93' lang='lat' dir='ltr'><strong>in</strong></span> <span class='ocrx_word' id='word_1_627' title='bbox 1977 4151 2088 4188; x_wconf 82' lang='lat' dir='ltr'><strong>ser-</strong></span> 
     </span>
    </p>
   </div>
   <div class='ocr_carea' id='block_1_74' title="bbox 505 4223 2082 4280">
    <p class='ocr_par' dir='ltr' id='par_1_74' title="bbox 505 4223 2082 4280">
     <span class='ocr_line' id='line_1_74' title="bbox 505 4223 2082 4280; baseline 0.002 -4"><span class='ocrx_word' id='word_1_628' title='bbox 505 4238 698 4278; x_wconf 84' lang='lat' dir='ltr'><strong>mones</strong></span> <span class='ocrx_word' id='word_1_629' title='bbox 727 4233 852 4278; x_wconf 90' lang='lat' dir='ltr'><strong>tuos</strong></span> <span class='ocrx_word' id='word_1_630' title='bbox 885 4241 898 4276; x_wconf 92' lang='lat'><strong>:</strong></span> <span class='ocrx_word' id='word_1_631' title='bbox 934 4239 1257 4278; x_wconf 89' lang='lat' dir='ltr'><strong>consumma</strong></span> <span class='ocrx_word' id='word_1_632' title='bbox 1288 4239 1403 4278; x_wconf 90' lang='lat' dir='ltr'><strong>eos.</strong></span> <span class='ocrx_word' id='word_1_633' title='bbox 1443 4223 1510 4278; x_wconf 89' lang='lat' dir='ltr'><strong>Et</strong></span> <span class='ocrx_word' id='word_1_634' title='bbox 1549 4225 1655 4279; x_wconf 91' lang='lat' dir='ltr'><strong>erit</strong></span> <span class='ocrx_word' id='word_1_635' title='bbox 1682 4226 1904 4279; x_wconf 88' lang='lat' dir='ltr'><strong>verbum</strong></span> <span class='ocrx_word' id='word_1_636' title='bbox 1932 4239 2082 4280; x_wconf 90' lang='lat' dir='ltr'><strong>tuum</strong></span> 
     </span>
    </p>
   </div>
   <div class='ocr_carea' id='block_1_75' title="bbox 505 4313 2083 4385">
    <p class='ocr_par' dir='ltr' id='par_1_75' title="bbox 505 4313 2083 4385">
     <span class='ocr_line' id='line_1_75' title="bbox 505 4313 2083 4385; baseline 0.001 -17"><span class='ocrx_word' id='word_1_637' title='bbox 505 4314 640 4368; x_wconf 90' lang='lat' dir='ltr'><strong>mihi</strong></span> <span class='ocrx_word' id='word_1_638' title='bbox 674 4314 725 4366; x_wconf 92' lang='lat' dir='ltr'><strong>in</strong></span> <span class='ocrx_word' id='word_1_639' title='bbox 756 4314 1039 4384; x_wconf 85' lang='lat' dir='ltr'><strong>gaudium,</strong></span> <span class='ocrx_word' id='word_1_640' title='bbox 1092 4321 1147 4368; x_wconf 91' lang='lat' dir='ltr'><strong>et</strong></span> <span class='ocrx_word' id='word_1_641' title='bbox 1191 4313 1245 4368; x_wconf 90' lang='lat' dir='ltr'><strong>in</strong></span> <span class='ocrx_word' id='word_1_642' title='bbox 1281 4313 1522 4384; x_wconf 57' lang='lat' dir='ltr'><strong>laetitiam</strong></span> <span class='ocrx_word' id='word_1_643' title='bbox 1559 4315 1742 4370; x_wconf 88' lang='lat' dir='ltr'><strong>cordis</strong></span> <span class='ocrx_word' id='word_1_644' title='bbox 1774 4315 1917 4381; x_wconf 87' lang='lat' dir='ltr'><strong>mei;</strong></span> <span class='ocrx_word' id='word_1_645' title='bbox 1958 4317 2083 4385; x_wconf 91' lang='lat' dir='ltr'><strong>quia</strong></span> 
     </span>
    </p>
   </div>
   <div class='ocr_carea' id='block_1_76' title="bbox 505 4405 2083 4478">
    <p class='ocr_par' dir='ltr' id='par_1_76' title="bbox 505 4405 2083 4478">
     <span class='ocr_line' id='line_1_76' title="bbox 505 4405 2083 4478; baseline 0.003 -20"><span class='ocrx_word' id='word_1_646' title='bbox 505 4407 820 4477; x_wconf 85' lang='lat' dir='ltr'><strong>invocatum</strong></span> <span class='ocrx_word' id='word_1_647' title='bbox 850 4415 934 4460; x_wconf 90' lang='lat' dir='ltr'><strong>est</strong></span> <span class='ocrx_word' id='word_1_648' title='bbox 971 4421 1166 4460; x_wconf 92' lang='lat' dir='ltr'><strong>nomen</strong></span> <span class='ocrx_word' id='word_1_649' title='bbox 1197 4414 1347 4459; x_wconf 92' lang='lat' dir='ltr'><strong>tuum</strong></span> <span class='ocrx_word' id='word_1_650' title='bbox 1389 4421 1554 4478; x_wconf 85' lang='lat' dir='ltr'><strong>super</strong></span> <span class='ocrx_word' id='word_1_651' title='bbox 1601 4423 1707 4470; x_wconf 87' lang='lat' dir='ltr'><strong>me,</strong></span> <span class='ocrx_word' id='word_1_652' title='bbox 1762 4405 1986 4462; x_wconf 85' lang='lat' dir='ltr'><strong>Domine</strong></span> <span class='ocrx_word' id='word_1_653' title='bbox 2014 4411 2083 4477; x_wconf 52' lang='grc' dir='ltr'>Χ</span> 
     </span>
    </p>
   </div>
   <div class='ocr_carea' id='block_1_77' title="bbox 502 4496 2078 4568">
    <p class='ocr_par' dir='ltr' id='par_1_77' title="bbox 502 4496 2078 4568">
     <span class='ocr_line' id='line_1_77' title="bbox 502 4496 2078 4568; baseline 0.003 -18"><span class='ocrx_word' id='word_1_654' title='bbox 502 4497 647 4552; x_wconf 87' lang='lat' dir='ltr'><strong>Deus</strong></span> <span class='ocrx_word' id='word_1_655' title='bbox 677 4499 698 4567; x_wconf 93' lang='lat'><strong>1</strong></span> <span class='ocrx_word' id='word_1_656' title='bbox 735 4499 1102 4568; x_wconf 90' lang='lat' dir='ltr'><strong>omnipotens.</strong></span> <span class='ocrx_word' id='word_1_657' title='bbox 1137 4498 1224 4551; x_wconf 78' lang='grc' dir='ltr'><strong>Π.</strong></span> <span class='ocrx_word' id='word_1_658' title='bbox 1258 4496 1377 4552; x_wconf 87' lang='lat' dir='ltr'><strong>Non</strong></span> <span class='ocrx_word' id='word_1_659' title='bbox 1421 4497 1535 4553; x_wconf 89' lang='lat' dir='ltr'><strong>sedi</strong></span> <span class='ocrx_word' id='word_1_660' title='bbox 1587 4498 1639 4551; x_wconf 90' lang='lat' dir='ltr'><strong>in</strong></span> <span class='ocrx_word' id='word_1_661' title='bbox 1684 4514 1949 4554; x_wconf 86' lang='lat' dir='ltr'><strong>consessu</strong></span> <span class='ocrx_word' id='word_1_662' title='bbox 1981 4515 2078 4554; x_wconf 87' lang='lat' dir='ltr'><strong>eo-</strong></span> 
     </span>
    </p>
   </div>
   <div class='ocr_carea' id='block_1_78' title="bbox 503 4587 2070 4659">
    <p class='ocr_par' dir='ltr' id='par_1_78' title="bbox 503 4587 2070 4659">
     <span class='ocr_line' id='line_1_78' title="bbox 503 4587 2070 4659; baseline 0.002 -18"><span class='ocrx_word' id='word_1_663' title='bbox 503 4605 646 4656; x_wconf 89' lang='lat' dir='ltr'><strong>rum,</strong></span> <span class='ocrx_word' id='word_1_664' title='bbox 678 4605 802 4644; x_wconf 90' lang='lat' dir='ltr'><strong>cum</strong></span> <span class='ocrx_word' id='word_1_665' title='bbox 829 4589 1042 4654; x_wconf 90' lang='lat' dir='ltr'><strong>ludunt,</strong></span> <span class='ocrx_word' id='word_1_666' title='bbox 1070 4589 1164 4644; x_wconf 93' lang='lat' dir='ltr'><strong>sed</strong></span> <span class='ocrx_word' id='word_1_667' title='bbox 1191 4589 1260 4659; x_wconf 85' lang='lat' dir='ltr'><strong>(r)</strong></span> <span class='ocrx_word' id='word_1_668' title='bbox 1282 4588 1476 4643; x_wconf 90' lang='lat' dir='ltr'><strong>erubui</strong></span> <span class='ocrx_word' id='word_1_669' title='bbox 1512 4603 1541 4641; x_wconf 90' lang='lat' dir='ltr'><strong>a</strong></span> <span class='ocrx_word' id='word_1_670' title='bbox 1563 4587 1705 4643; x_wconf 86' lang='lat' dir='ltr'><strong>facie</strong></span> <span class='ocrx_word' id='word_1_671' title='bbox 1727 4604 1925 4646; x_wconf 87' lang='lat' dir='ltr'><strong>manus</strong></span> <span class='ocrx_word' id='word_1_672' title='bbox 1947 4600 2070 4646; x_wconf 65' lang='lat' dir='ltr'><strong>tua).</strong></span> 
     </span>
    </p>
   </div>
   <div class='ocr_carea' id='block_1_79' title="bbox 573 4761 2439 4834">
    <p class='ocr_par' dir='ltr' id='par_1_79' title="bbox 573 4761 2439 4834">
     <span class='ocr_line' id='line_1_79' title="bbox 573 4761 2439 4834; baseline -0.001 -15"><span class='ocrx_word' id='word_1_673' title='bbox 573 4765 649 4834; x_wconf 85' lang='lat' dir='ltr'><strong>(a)</strong></span> <span class='ocrx_word' id='word_1_674' title='bbox 685 4766 774 4830; x_wconf 84' lang='lat' dir='ltr'><strong>A.,</strong></span> <span class='ocrx_word' id='word_1_675' title='bbox 814 4767 866 4821; x_wconf 92' lang='lat' dir='ltr'><strong>in</strong></span> <span class='ocrx_word' id='word_1_676' title='bbox 897 4765 1303 4822; x_wconf 82' lang='lat' dir='ltr'><strong>eribrationem.</strong></span> <span class='ocrx_word' id='word_1_677' title='bbox 1342 4761 1424 4826; x_wconf 82' lang='lat'><strong>8.,</strong></span> <span class='ocrx_word' id='word_1_678' title='bbox 1462 4763 1515 4816; x_wconf 92' lang='lat' dir='ltr'><strong>in</strong></span> <span class='ocrx_word' id='word_1_679' title='bbox 1561 4778 1728 4816; x_wconf 90' lang='lat' dir='ltr'><strong>unum</strong></span> <span class='ocrx_word' id='word_1_680' title='bbox 1755 4763 2005 4833; x_wconf 86' lang='lat' dir='ltr'><strong>(errorem</strong></span> <span class='ocrx_word' id='word_1_681' title='bbox 2035 4763 2120 4816; x_wconf 84' lang='lat' dir='ltr'><strong>hic</strong></span> <span class='ocrx_word' id='word_1_682' title='bbox 2151 4762 2439 4833; x_wconf 76' lang='lat' dir='ltr'><strong>suspicor).</strong></span> 
     </span>
    </p>
   </div>
   <div class='ocr_carea' id='block_1_80' title="bbox 500 4834 2279 4906">
    <p class='ocr_par' dir='ltr' id='par_1_80' title="bbox 500 4834 2279 4906">
     <span class='ocr_line' id='line_1_80' title="bbox 500 4834 2279 4906; baseline -0.002 -17"><span class='ocrx_word' id='word_1_683' title='bbox 500 4852 648 4906; x_wconf 84' lang='lat' dir='ltr'><strong>pere.</strong></span> <span class='ocrx_word' id='word_1_684' title='bbox 687 4836 1090 4906; x_wconf 23' lang='lat' dir='ltr'><strong>Etidispergam</strong></span> <span class='ocrx_word' id='word_1_685' title='bbox 1117 4850 1230 4888; x_wconf 84' lang='lat' dir='ltr'><strong>eos.</strong></span> <span class='ocrx_word' id='word_1_686' title='bbox 1269 4834 1353 4906; x_wconf 55' lang='grc'><strong>8..</strong></span> <span class='ocrx_word' id='word_1_687' title='bbox 1389 4835 1566 4906; x_wconf 63' lang='lat' dir='ltr'><strong>lassus</strong></span> <span class='ocrx_word' id='word_1_688' title='bbox 1588 4850 1708 4886; x_wconf 83' lang='lat' dir='ltr'><strong>sum</strong></span> <span class='ocrx_word' id='word_1_689' title='bbox 1741 4848 1805 4886; x_wconf 93' lang='lat' dir='ltr'><strong>eo</strong></span> <span class='ocrx_word' id='word_1_690' title='bbox 1828 4835 1969 4906; x_wconf 85' lang='lat' dir='ltr'><strong>quod</strong></span> <span class='ocrx_word' id='word_1_691' title='bbox 1984 4835 2279 4906; x_wconf 63' lang='lat' dir='ltr'><strong>transfero.</strong></span> 
     </span>
    </p>
   </div>
   <div class='ocr_carea' id='block_1_81' title="bbox 1926 4901 2954 4973">
    <p class='ocr_par' dir='ltr' id='par_1_81' title="bbox 1926 4901 2954 4973">
     <span class='ocr_line' id='line_1_81' title="bbox 1926 4901 2954 4973; baseline -0.005 -13"><span class='ocrx_word' id='word_1_692' title='bbox 1926 4903 1999 4973; x_wconf 83' lang='lat' dir='ltr'><strong>(g)</strong></span> <span class='ocrx_word' id='word_1_693' title='bbox 2041 4902 2124 4970; x_wconf 93' lang='grc'><strong>8.,</strong></span> <span class='ocrx_word' id='word_1_694' title='bbox 2157 4901 2434 4959; x_wconf 83' lang='lat' dir='ltr'><strong>civitatein</strong></span> <span class='ocrx_word' id='word_1_695' title='bbox 2467 4913 2520 4956; x_wconf 91' lang='lat' dir='ltr'><strong>et</strong></span> <span class='ocrx_word' id='word_1_696' title='bbox 2556 4901 2954 4956; x_wconf 83' lang='lat' dir='ltr'><strong>festinationes.</strong></span> 
     </span>
    </p>
   </div>
   <div class='ocr_carea' id='block_1_82' title="bbox 2173 4972 3503 5042">
    <p class='ocr_par' dir='ltr' id='par_1_82' title="bbox 2173 4972 3503 5042">
     <span class='ocr_line' id='line_1_82' title="bbox 2173 4972 3503 5042; baseline 0.004 -16"><span class='ocrx_word' id='word_1_697' title='bbox 2173 4974 2236 5042; x_wconf 85' lang='grc' dir='ltr'><strong>(ι)</strong></span> <span class='ocrx_word' id='word_1_698' title='bbox 2277 4973 2520 5041; x_wconf 81' lang='lat' dir='ltr'><strong>Quisque</strong></span> <span class='ocrx_word' id='word_1_699' title='bbox 2556 4973 2828 5026; x_wconf 88' lang='lat' dir='ltr'><strong>maledicit</strong></span> <span class='ocrx_word' id='word_1_700' title='bbox 2864 4972 3024 5035; x_wconf 92' lang='lat' dir='ltr'><strong>mihi,</strong></span> <span class='ocrx_word' id='word_1_701' title='bbox 3051 4974 3184 5028; x_wconf 90' lang='lat' dir='ltr'><strong>dicit</strong></span> <span class='ocrx_word' id='word_1_702' title='bbox 3217 4972 3503 5031; x_wconf 83' lang='lat' dir='ltr'><strong>Dominus.</strong></span> 
     </span>
    </p>
   </div>
   <div class='ocr_carea' id='block_1_83' title="bbox 503 4901 1820 4975">
    <p class='ocr_par' dir='ltr' id='par_1_83' title="bbox 503 4901 1820 4975">
     <span class='ocr_line' id='line_1_83' title="bbox 503 4901 1820 4975; baseline -0.004 -17"><span class='ocrx_word' id='word_1_703' title='bbox 503 4901 573 4975; x_wconf 72' lang='lat' dir='ltr'><strong>(c)</strong></span> <span class='ocrx_word' id='word_1_704' title='bbox 617 4905 707 4966; x_wconf 86' lang='lat' dir='ltr'><strong>A.,</strong></span> <span class='ocrx_word' id='word_1_705' title='bbox 750 4905 830 4968; x_wconf 85' lang='lat'><strong>8.,</strong></span> <span class='ocrx_word' id='word_1_706' title='bbox 869 4901 898 4958; x_wconf 72' lang='grc' dir='ltr'><strong>ἐι</strong></span> <span class='ocrx_word' id='word_1_707' title='bbox 937 4901 1040 4960; x_wconf 78' lang='lat' dir='ltr'><strong>viis</strong></span> <span class='ocrx_word' id='word_1_708' title='bbox 1071 4906 1205 4959; x_wconf 91' lang='lat' dir='ltr'><strong>suis.</strong></span> <span class='ocrx_word' id='word_1_709' title='bbox 1283 4905 1350 4974; x_wconf 64' lang='grc' dir='ltr'><strong>(Γ)</strong></span> <span class='ocrx_word' id='word_1_710' title='bbox 1378 4901 1460 4962; x_wconf 85' lang='grc'><strong>8.,</strong></span> <span class='ocrx_word' id='word_1_711' title='bbox 1496 4912 1820 4975; x_wconf 86' lang='lat' dir='ltr'><strong>vastatores.</strong></span> 
     </span>
    </p>
   </div>
   <div class='ocr_carea' id='block_1_84' title="bbox 503 4974 2073 5045">
    <p class='ocr_par' dir='ltr' id='par_1_84' title="bbox 503 4974 2073 5045">
     <span class='ocr_line' id='line_1_84' title="bbox 503 4974 2073 5045; baseline -0.001 -16"><span class='ocrx_word' id='word_1_712' title='bbox 503 4977 756 5029; x_wconf 85' lang='lat' dir='ltr'><strong>utilitate.</strong></span> <span class='ocrx_word' id='word_1_713' title='bbox 835 4975 908 5045; x_wconf 78' lang='lat' dir='ltr'><strong>(fr)</strong></span> <span class='ocrx_word' id='word_1_714' title='bbox 944 4974 1060 5030; x_wconf 83' lang='lat' dir='ltr'><strong>Non</strong></span> <span class='ocrx_word' id='word_1_715' title='bbox 1100 4975 1386 5040; x_wconf 71' lang='lat' dir='ltr'><strong>foeneravi,</strong></span> <span class='ocrx_word' id='word_1_716' title='bbox 1419 4989 1518 5045; x_wconf 88' lang='lat' dir='ltr'><strong>nec</strong></span> <span class='ocrx_word' id='word_1_717' title='bbox 1550 4974 1888 5028; x_wconf 84' lang='lat' dir='ltr'><strong>fcenerarunt</strong></span> <span class='ocrx_word' id='word_1_718' title='bbox 1918 4974 2073 5028; x_wconf 91' lang='lat' dir='ltr'><strong>mihi.</strong></span> 
     </span>
    </p>
   </div>
   <div class='ocr_carea' id='block_1_85' title="bbox 503 5042 3177 5109">
    <p class='ocr_par' dir='ltr' id='par_1_85' title="bbox 503 5042 3177 5109">
     <span class='ocr_line' id='line_1_85' title="bbox 503 5042 3177 5109; baseline -0.001 -9"><span class='ocrx_word' id='word_1_719' title='bbox 503 5063 608 5100; x_wconf 88' lang='lat' dir='ltr'><strong>non</strong></span> <span class='ocrx_word' id='word_1_720' title='bbox 661 5047 706 5098; x_wconf 92' lang='lat' dir='ltr'><strong>si</strong></span> <span class='ocrx_word' id='word_1_721' title='bbox 740 5042 1018 5099; x_wconf 84' lang='lat' dir='ltr'><strong>residuum</strong></span> <span class='ocrx_word' id='word_1_722' title='bbox 1055 5055 1206 5100; x_wconf 89' lang='lat' dir='ltr'><strong>tuum</strong></span> <span class='ocrx_word' id='word_1_723' title='bbox 1235 5057 1353 5101; x_wconf 87' lang='lat' dir='ltr'><strong>erat</strong></span> <span class='ocrx_word' id='word_1_724' title='bbox 1405 5044 1534 5097; x_wconf 91' lang='lat' dir='ltr'><strong>mihi</strong></span> <span class='ocrx_word' id='word_1_725' title='bbox 1572 5045 1626 5096; x_wconf 92' lang='lat' dir='ltr'><strong>in</strong></span> <span class='ocrx_word' id='word_1_726' title='bbox 1670 5045 1892 5106; x_wconf 88' lang='lat' dir='ltr'><strong>bonum,</strong></span> <span class='ocrx_word' id='word_1_727' title='bbox 1927 5046 1971 5098; x_wconf 91' lang='lat' dir='ltr'><strong>si</strong></span> <span class='ocrx_word' id='word_1_728' title='bbox 2005 5059 2113 5098; x_wconf 89' lang='lat' dir='ltr'><strong>non</strong></span> <span class='ocrx_word' id='word_1_729' title='bbox 2145 5046 2362 5098; x_wconf 88' lang='lat' dir='ltr'><strong>occurri</strong></span> <span class='ocrx_word' id='word_1_730' title='bbox 2401 5043 2495 5095; x_wconf 91' lang='lat' dir='ltr'><strong>tibi</strong></span> <span class='ocrx_word' id='word_1_731' title='bbox 2527 5042 2578 5094; x_wconf 94' lang='lat' dir='ltr'><strong>in</strong></span> <span class='ocrx_word' id='word_1_732' title='bbox 2615 5051 2852 5109; x_wconf 89' lang='lat' dir='ltr'><strong>tempore</strong></span> <span class='ocrx_word' id='word_1_733' title='bbox 2883 5043 3177 5098; x_wconf 86' lang='lat' dir='ltr'><strong>malorum.</strong></span> 
     </span>
    </p>
   </div>
   <div class='ocr_carea' id='block_1_86' title="bbox 1685 5111 3771 5182">
    <p class='ocr_par' dir='ltr' id='par_1_86' title="bbox 1685 5111 3771 5182">
     <span class='ocr_line' id='line_1_86' title="bbox 1685 5111 3771 5182; baseline 0.002 -16"><span class='ocrx_word' id='word_1_734' title='bbox 1685 5115 1759 5182; x_wconf 88' lang='grc' dir='ltr'><strong>(ο)</strong></span> <span class='ocrx_word' id='word_1_735' title='bbox 1802 5117 1892 5176; x_wconf 84' lang='grc' dir='ltr'><strong>Α.,</strong></span> <span class='ocrx_word' id='word_1_736' title='bbox 1929 5115 2131 5168; x_wconf 88' lang='lat' dir='ltr'><strong>ferrmn</strong></span> <span class='ocrx_word' id='word_1_737' title='bbox 2163 5113 2309 5167; x_wconf 86' lang='lat' dir='ltr'><strong>ferro</strong></span> <span class='ocrx_word' id='word_1_738' title='bbox 2333 5114 2400 5167; x_wconf 89' lang='lat' dir='ltr'><strong>ab</strong></span> <span class='ocrx_word' id='word_1_739' title='bbox 2420 5113 2697 5182; x_wconf 86' lang='lat' dir='ltr'><strong>aquilone,</strong></span> <span class='ocrx_word' id='word_1_740' title='bbox 2725 5121 2779 5166; x_wconf 90' lang='lat' dir='ltr'><strong>et</strong></span> <span class='ocrx_word' id='word_1_741' title='bbox 2815 5113 2930 5167; x_wconf 80' lang='lat' dir='ltr'><strong>aes?</strong></span> <span class='ocrx_word' id='word_1_742' title='bbox 2959 5111 3145 5166; x_wconf 90' lang='lat' dir='ltr'><strong>Robur</strong></span> <span class='ocrx_word' id='word_1_743' title='bbox 3177 5111 3350 5178; x_wconf 86' lang='lat' dir='ltr'><strong>tuum,</strong></span> <span class='ocrx_word' id='word_1_744' title='bbox 3381 5125 3440 5171; x_wconf 88' lang='lat' dir='ltr'><strong>et</strong></span> <span class='ocrx_word' id='word_1_745' title='bbox 3471 5111 3771 5174; x_wconf 71' lang='lat' dir='ltr'><strong>thesauros</strong></span> 
     </span>
    </p>
   </div>
   <div class='ocr_carea' id='block_1_87' title="bbox 500 5113 1606 5185">
    <p class='ocr_par' dir='ltr' id='par_1_87' title="bbox 500 5113 1606 5185">
     <span class='ocr_line' id='line_1_87' title="bbox 500 5113 1606 5185; baseline -0.002 -16"><span class='ocrx_word' id='word_1_746' title='bbox 500 5116 926 5185; x_wconf 78' lang='lat' dir='ltr'><strong>consociabitur.</strong></span> <span class='ocrx_word' id='word_1_747' title='bbox 957 5115 1043 5181; x_wconf 88' lang='grc'><strong>8.,</strong></span> <span class='ocrx_word' id='word_1_748' title='bbox 1073 5118 1334 5185; x_wconf 89' lang='lat' dir='ltr'><strong>numquid</strong></span> <span class='ocrx_word' id='word_1_749' title='bbox 1373 5113 1606 5168; x_wconf 87' lang='lat' dir='ltr'><strong>nocebit.</strong></span> 
     </span>
    </p>
   </div>
   <div class='ocr_carea' id='block_1_88' title="bbox 2193 3217 3778 3287">
    <p class='ocr_par' dir='ltr' id='par_1_88' title="bbox 2193 3217 3778 3287">
     <span class='ocr_line' id='line_1_88' title="bbox 2193 3217 3778 3287; baseline -0.004 -12"><span class='ocrx_word' id='word_1_750' title='bbox 2193 3230 2249 3275; x_wconf 93' lang='lat' dir='ltr'><strong>et</strong></span> <span class='ocrx_word' id='word_1_751' title='bbox 2319 3221 2852 3276; x_wconf 88' lang='lat' dir='ltr'><strong>commiserationem</strong></span> <span class='ocrx_word' id='word_1_752' title='bbox 2912 3238 2925 3273; x_wconf 87' lang='lat'><strong>:</strong></span> <span class='ocrx_word' id='word_1_753' title='bbox 2998 3217 3054 3272; x_wconf 91' lang='lat'><strong>6.</strong></span> <span class='ocrx_word' id='word_1_754' title='bbox 3122 3228 3175 3272; x_wconf 90' lang='lat' dir='ltr'><strong>et</strong></span> <span class='ocrx_word' id='word_1_755' title='bbox 3243 3219 3547 3272; x_wconf 80' lang='lat' dir='ltr'><strong>morientur</strong></span> <span class='ocrx_word' id='word_1_756' title='bbox 3620 3234 3778 3287; x_wconf 79' lang='lat' dir='ltr'><strong>gran-</strong></span> 
     </span>
    </p>
   </div>
   <div class='ocr_carea' id='block_1_89' title="bbox 2191 3305 3779 3378">
    <p class='ocr_par' dir='ltr' id='par_1_89' title="bbox 2191 3305 3779 3378">
     <span class='ocr_line' id='line_1_89' title="bbox 2191 3305 3779 3378; baseline -0.005 -13"><span class='ocrx_word' id='word_1_757' title='bbox 2191 3311 2288 3365; x_wconf 89' lang='lat' dir='ltr'><strong>des</strong></span> <span class='ocrx_word' id='word_1_758' title='bbox 2341 3318 2396 3365; x_wconf 87' lang='lat' dir='ltr'><strong>et</strong></span> <span class='ocrx_word' id='word_1_759' title='bbox 2450 3309 2600 3378; x_wconf 78' lang='lat' dir='ltr'><strong>parvi</strong></span> <span class='ocrx_word' id='word_1_760' title='bbox 2653 3309 2910 3362; x_wconf 79' lang='lat' dir='ltr'><strong>interra</strong></span> <span class='ocrx_word' id='word_1_761' title='bbox 2973 3308 3094 3370; x_wconf 90' lang='lat' dir='ltr'><strong>hac,</strong></span> <span class='ocrx_word' id='word_1_762' title='bbox 3161 3322 3268 3361; x_wconf 89' lang='lat' dir='ltr'><strong>non</strong></span> <span class='ocrx_word' id='word_1_763' title='bbox 3333 3307 3668 3376; x_wconf 88' lang='lat' dir='ltr'><strong>sepelientur</strong></span> <span class='ocrx_word' id='word_1_764' title='bbox 3722 3305 3779 3372; x_wconf 89' lang='lat'><strong>1,</strong></span> 
     </span>
    </p>
   </div>
   <div class='ocr_carea' id='block_1_90' title="bbox 2191 3399 3784 3472">
    <p class='ocr_par' dir='ltr' id='par_1_90' title="bbox 2191 3399 3784 3472">
     <span class='ocr_line' id='line_1_90' title="bbox 2191 3399 3784 3472; baseline -0.006 -17"><span class='ocrx_word' id='word_1_765' title='bbox 2191 3417 2371 3472; x_wconf 88' lang='lat' dir='ltr'><strong>neque</strong></span> <span class='ocrx_word' id='word_1_766' title='bbox 2428 3402 2684 3471; x_wconf 82' lang='lat' dir='ltr'><strong>plangent</strong></span> <span class='ocrx_word' id='word_1_767' title='bbox 2745 3416 2909 3469; x_wconf 89' lang='lat' dir='ltr'><strong>super</strong></span> <span class='ocrx_word' id='word_1_768' title='bbox 2971 3400 3074 3464; x_wconf 87' lang='lat' dir='ltr'><strong>eis,</strong></span> <span class='ocrx_word' id='word_1_769' title='bbox 3142 3414 3320 3468; x_wconf 88' lang='lat' dir='ltr'><strong>neque</strong></span> <span class='ocrx_word' id='word_1_770' title='bbox 3378 3399 3583 3452; x_wconf 88' lang='lat' dir='ltr'><strong>facient</strong></span> <span class='ocrx_word' id='word_1_771' title='bbox 3649 3400 3784 3450; x_wconf 73' lang='lat' dir='ltr'><strong>inc:-</strong></span> 
     </span>
    </p>
   </div>
   <div class='ocr_carea' id='block_1_91' title="bbox 2189 3490 3782 3562">
    <p class='ocr_par' dir='ltr' id='par_1_91' title="bbox 2189 3490 3782 3562">
     <span class='ocr_line' id='line_1_91' title="bbox 2189 3490 3782 3562; baseline -0.002 -17"><span class='ocrx_word' id='word_1_772' title='bbox 2189 3507 2391 3554; x_wconf 80' lang='lat' dir='ltr'><strong>suras.</strong></span> <span class='ocrx_word' id='word_1_773' title='bbox 2451 3508 2626 3561; x_wconf 89' lang='lat' dir='ltr'><strong>neque</strong></span> <span class='ocrx_word' id='word_1_774' title='bbox 2696 3493 2768 3562; x_wconf 88' lang='lat' dir='ltr'><strong>(c)</strong></span> <span class='ocrx_word' id='word_1_775' title='bbox 2831 3491 3059 3554; x_wconf 91' lang='lat' dir='ltr'><strong>radent,</strong></span> <span class='ocrx_word' id='word_1_776' title='bbox 3118 3492 3186 3558; x_wconf 79' lang='lat' dir='ltr'><strong>)i(</strong></span> <span class='ocrx_word' id='word_1_777' title='bbox 3258 3505 3438 3558; x_wconf 82' lang='lat' dir='ltr'><strong>neque</strong></span> <span class='ocrx_word' id='word_1_778' title='bbox 3503 3490 3782 3544; x_wconf 71' lang='lat' dir='ltr'><strong>deﬂcbunt</strong></span> 
     </span>
    </p>
   </div>
   <div class='ocr_carea' id='block_1_92' title="bbox 2189 3578 3784 3650">
    <p class='ocr_par' dir='ltr' id='par_1_92' title="bbox 2189 3578 3784 3650">
     <span class='ocr_line' id='line_1_92' title="bbox 2189 3578 3784 3650; baseline -0.001 -16"><span class='ocrx_word' id='word_1_779' title='bbox 2189 3596 2306 3646; x_wconf 89' lang='lat' dir='ltr'><strong>eos,</strong></span> <span class='ocrx_word' id='word_1_780' title='bbox 2351 3597 2456 3634; x_wconf 90' lang='lat' dir='ltr'><strong>non</strong></span> <span class='ocrx_word' id='word_1_781' title='bbox 2518 3582 2854 3650; x_wconf 80' lang='lat' dir='ltr'><strong>sepelientur</strong></span> <span class='ocrx_word' id='word_1_782' title='bbox 2887 3580 2947 3647; x_wconf 87' lang='lat'><strong>1,</strong></span> <span class='ocrx_word' id='word_1_783' title='bbox 2982 3581 3036 3633; x_wconf 88' lang='lat'><strong>7.</strong></span> <span class='ocrx_word' id='word_1_784' title='bbox 3075 3594 3253 3647; x_wconf 85' lang='lat' dir='ltr'><strong>neque</strong></span> <span class='ocrx_word' id='word_1_785' title='bbox 3297 3578 3582 3649; x_wconf 79' lang='lat' dir='ltr'><strong>frangetur</strong></span> <span class='ocrx_word' id='word_1_786' title='bbox 3625 3583 3784 3648; x_wconf 75' lang='lat' dir='ltr'><strong>panis</strong></span> 
     </span>
    </p>
   </div>
   <div class='ocr_carea' id='block_1_93' title="bbox 2191 3660 3778 3750">
    <p class='ocr_par' dir='ltr' id='par_1_93' title="bbox 2191 3660 3778 3750">
     <span class='ocr_line' id='line_1_93' title="bbox 2191 3660 3778 3750; baseline -0.002 -23"><span class='ocrx_word' id='word_1_787' title='bbox 2191 3672 2244 3727; x_wconf 91' lang='lat' dir='ltr'><strong>in</strong></span> <span class='ocrx_word' id='word_1_788' title='bbox 2301 3673 2449 3726; x_wconf 89' lang='lat' dir='ltr'><strong>luctu</strong></span> <span class='ocrx_word' id='word_1_789' title='bbox 2491 3687 2683 3726; x_wconf 87' lang='lat' dir='ltr'><strong>eorum</strong></span> <span class='ocrx_word' id='word_1_790' title='bbox 2725 3673 2776 3725; x_wconf 90' lang='lat' dir='ltr'><strong>in</strong></span> <span class='ocrx_word' id='word_1_791' title='bbox 2826 3660 3259 3750; x_wconf 64' lang='lat' dir='ltr'><strong>consolationem</strong></span> <span class='ocrx_word' id='word_1_792' title='bbox 3307 3687 3474 3740; x_wconf 70' lang='lat' dir='ltr'><strong>super</strong></span> <span class='ocrx_word' id='word_1_793' title='bbox 3517 3682 3778 3725; x_wconf 86' lang='lat' dir='ltr'><strong>mortuo:</strong></span> 
     </span>
    </p>
   </div>
   <div class='ocr_carea' id='block_1_94' title="bbox 2191 3763 3782 3834">
    <p class='ocr_par' dir='ltr' id='par_1_94' title="bbox 2191 3763 3782 3834">
     <span class='ocr_line' id='line_1_94' title="bbox 2191 3763 3782 3834; baseline -0.001 -17"><span class='ocrx_word' id='word_1_794' title='bbox 2191 3779 2298 3818; x_wconf 87' lang='lat' dir='ltr'><strong>non</strong></span> <span class='ocrx_word' id='word_1_795' title='bbox 2335 3763 2598 3832; x_wconf 86' lang='lat' dir='ltr'><strong>potabunt</strong></span> <span class='ocrx_word' id='word_1_796' title='bbox 2631 3779 2756 3817; x_wconf 73' lang='lat' dir='ltr'><strong>eum</strong></span> <span class='ocrx_word' id='word_1_797' title='bbox 2793 3764 2963 3818; x_wconf 90' lang='lat' dir='ltr'><strong>calice</strong></span> <span class='ocrx_word' id='word_1_798' title='bbox 2994 3765 3399 3818; x_wconf 85' lang='lat' dir='ltr'><strong>consolationis</strong></span> <span class='ocrx_word' id='word_1_799' title='bbox 3431 3779 3598 3832; x_wconf 87' lang='lat' dir='ltr'><strong>super</strong></span> <span class='ocrx_word' id='word_1_800' title='bbox 3627 3774 3782 3834; x_wconf 80' lang='lat' dir='ltr'><strong>patre</strong></span> 
     </span>
    </p>
   </div>
   <div class='ocr_carea' id='block_1_95' title="bbox 2189 3854 3779 3925">
    <p class='ocr_par' dir='ltr' id='par_1_95' title="bbox 2189 3854 3779 3925">
     <span class='ocr_line' id='line_1_95' title="bbox 2189 3854 3779 3925; baseline -0.003 -14"><span class='ocrx_word' id='word_1_801' title='bbox 2189 3856 2329 3925; x_wconf 87' lang='lat' dir='ltr'><strong>ejus,</strong></span> <span class='ocrx_word' id='word_1_802' title='bbox 2359 3865 2415 3909; x_wconf 87' lang='lat' dir='ltr'><strong>et</strong></span> <span class='ocrx_word' id='word_1_803' title='bbox 2453 3863 2626 3910; x_wconf 90' lang='lat' dir='ltr'><strong>matre</strong></span> <span class='ocrx_word' id='word_1_804' title='bbox 2655 3855 2796 3924; x_wconf 91' lang='lat' dir='ltr'><strong>ejus.</strong></span> <span class='ocrx_word' id='word_1_805' title='bbox 2831 3855 2885 3909; x_wconf 91' lang='lat'><strong>8.</strong></span> <span class='ocrx_word' id='word_1_806' title='bbox 2923 3855 2980 3910; x_wconf 83' lang='lat' dir='ltr'><strong>in</strong></span> <span class='ocrx_word' id='word_1_807' title='bbox 3013 3855 3237 3909; x_wconf 91' lang='lat' dir='ltr'><strong>domum</strong></span> <span class='ocrx_word' id='word_1_808' title='bbox 3269 3854 3513 3910; x_wconf 76' lang='lat' dir='ltr'><strong>convivii</strong></span> <span class='ocrx_word' id='word_1_809' title='bbox 3549 3870 3659 3906; x_wconf 90' lang='lat' dir='ltr'><strong>non</strong></span> <span class='ocrx_word' id='word_1_810' title='bbox 3698 3855 3779 3906; x_wconf 78' lang='lat' dir='ltr'><strong>in-</strong></span> 
     </span>
    </p>
   </div>
   <div class='ocr_carea' id='block_1_96' title="bbox 2190 3945 3781 4017">
    <p class='ocr_par' dir='ltr' id='par_1_96' title="bbox 2190 3945 3781 4017">
     <span class='ocr_line' id='line_1_96' title="bbox 2190 3945 3781 4017; baseline -0.001 -17"><span class='ocrx_word' id='word_1_811' title='bbox 2190 3946 2481 4017; x_wconf 82' lang='lat' dir='ltr'><strong>gredieris,</strong></span> <span class='ocrx_word' id='word_1_812' title='bbox 2506 3953 2565 3999; x_wconf 95' lang='lat' dir='ltr'><strong>ut</strong></span> <span class='ocrx_word' id='word_1_813' title='bbox 2594 3947 2787 4000; x_wconf 88' lang='lat' dir='ltr'><strong>sedeas</strong></span> <span class='ocrx_word' id='word_1_814' title='bbox 2813 3961 2938 4000; x_wconf 89' lang='lat' dir='ltr'><strong>cum</strong></span> <span class='ocrx_word' id='word_1_815' title='bbox 2975 3947 3056 4000; x_wconf 90' lang='lat' dir='ltr'><strong>eis</strong></span> <span class='ocrx_word' id='word_1_816' title='bbox 3093 3947 3158 4000; x_wconf 90' lang='lat' dir='ltr'><strong>ad</strong></span> <span class='ocrx_word' id='word_1_817' title='bbox 3198 3945 3496 4008; x_wconf 89' lang='lat' dir='ltr'><strong>edendum,</strong></span> <span class='ocrx_word' id='word_1_818' title='bbox 3522 3955 3575 3999; x_wconf 87' lang='lat' dir='ltr'><strong>et</strong></span> <span class='ocrx_word' id='word_1_819' title='bbox 3606 3948 3672 3998; x_wconf 90' lang='lat' dir='ltr'><strong>ad</strong></span> <span class='ocrx_word' id='word_1_820' title='bbox 3712 3945 3781 3998; x_wconf 81' lang='lat' dir='ltr'><strong>bi-</strong></span> 
     </span>
    </p>
   </div>
   <div class='ocr_carea' id='block_1_97' title="bbox 2188 4037 3776 4104">
    <p class='ocr_par' dir='ltr' id='par_1_97' title="bbox 2188 4037 3776 4104">
     <span class='ocr_line' id='line_1_97' title="bbox 2188 4037 3776 4104; baseline -0.001 -10"><span class='ocrx_word' id='word_1_821' title='bbox 2188 4039 2448 4094; x_wconf 84' lang='lat' dir='ltr'><strong>bendum.</strong></span> <span class='ocrx_word' id='word_1_822' title='bbox 2483 4038 2536 4093; x_wconf 90' lang='lat'><strong>9.</strong></span> <span class='ocrx_word' id='word_1_823' title='bbox 2572 4037 2712 4104; x_wconf 84' lang='lat' dir='ltr'><strong>Quia</strong></span> <span class='ocrx_word' id='word_1_824' title='bbox 2747 4038 2862 4093; x_wconf 66' lang='lat' dir='ltr'><strong>haec</strong></span> <span class='ocrx_word' id='word_1_825' title='bbox 2890 4038 3021 4094; x_wconf 84' lang='lat' dir='ltr'><strong>dicit</strong></span> <span class='ocrx_word' id='word_1_826' title='bbox 3053 4038 3320 4092; x_wconf 87' lang='lat' dir='ltr'><strong>Dominus</strong></span> <span class='ocrx_word' id='word_1_827' title='bbox 3345 4039 3612 4092; x_wconf 84' lang='lat' dir='ltr'><strong>virtutum</strong></span> <span class='ocrx_word' id='word_1_828' title='bbox 3639 4038 3776 4093; x_wconf 69' lang='lat' dir='ltr'><strong>Deus</strong></span> 
     </span>
    </p>
   </div>
   <div class='ocr_carea' id='block_1_98' title="bbox 2186 4128 3772 4200">
    <p class='ocr_par' dir='ltr' id='par_1_98' title="bbox 2186 4128 3772 4200">
     <span class='ocr_line' id='line_1_98' title="bbox 2186 4128 3772 4200; baseline -0.002 -16"><span class='ocrx_word' id='word_1_829' title='bbox 2186 4129 2406 4186; x_wconf 87' lang='lat' dir='ltr'><strong>lsraelis</strong></span> <span class='ocrx_word' id='word_1_830' title='bbox 2439 4149 2452 4183; x_wconf 87' lang='lat'><strong>:</strong></span> <span class='ocrx_word' id='word_1_831' title='bbox 2485 4128 2621 4184; x_wconf 86' lang='lat' dir='ltr'><strong>Ecce</strong></span> <span class='ocrx_word' id='word_1_832' title='bbox 2641 4144 2742 4200; x_wconf 78' lang='lat' dir='ltr'><strong>ego</strong></span> <span class='ocrx_word' id='word_1_833' title='bbox 2775 4131 2986 4184; x_wconf 87' lang='lat' dir='ltr'><strong>irritam</strong></span> <span class='ocrx_word' id='word_1_834' title='bbox 3022 4129 3166 4184; x_wconf 84' lang='lat' dir='ltr'><strong>facio</strong></span> <span class='ocrx_word' id='word_1_835' title='bbox 3198 4131 3263 4184; x_wconf 91' lang='lat' dir='ltr'><strong>de</strong></span> <span class='ocrx_word' id='word_1_836' title='bbox 3290 4133 3416 4184; x_wconf 91' lang='lat' dir='ltr'><strong>loco</strong></span> <span class='ocrx_word' id='word_1_837' title='bbox 3451 4131 3559 4185; x_wconf 91' lang='lat' dir='ltr'><strong>hoc</strong></span> <span class='ocrx_word' id='word_1_838' title='bbox 3589 4147 3772 4185; x_wconf 76' lang='lat' dir='ltr'><strong>coram</strong></span> 
     </span>
    </p>
   </div>
   <div class='ocr_carea' id='block_1_99' title="bbox 2187 4221 3768 4293">
    <p class='ocr_par' dir='ltr' id='par_1_99' title="bbox 2187 4221 3768 4293">
     <span class='ocr_line' id='line_1_99' title="bbox 2187 4221 3768 4293; baseline -0.003 -15"><span class='ocrx_word' id='word_1_839' title='bbox 2187 4223 2364 4278; x_wconf 77' lang='lat' dir='ltr'><strong>Oculis</strong></span> <span class='ocrx_word' id='word_1_840' title='bbox 2391 4221 2614 4288; x_wconf 84' lang='lat' dir='ltr'><strong>vestris,</strong></span> <span class='ocrx_word' id='word_1_841' title='bbox 2659 4230 2714 4276; x_wconf 87' lang='lat' dir='ltr'><strong>et</strong></span> <span class='ocrx_word' id='word_1_842' title='bbox 2747 4222 2800 4276; x_wconf 89' lang='lat' dir='ltr'><strong>in</strong></span> <span class='ocrx_word' id='word_1_843' title='bbox 2832 4222 3026 4278; x_wconf 89' lang='lat' dir='ltr'><strong>diebus</strong></span> <span class='ocrx_word' id='word_1_844' title='bbox 3066 4225 3285 4288; x_wconf 87' lang='lat' dir='ltr'><strong>vestris,</strong></span> <span class='ocrx_word' id='word_1_845' title='bbox 3338 4239 3531 4278; x_wconf 86' lang='lat' dir='ltr'><strong>vocem</strong></span> <span class='ocrx_word' id='word_1_846' title='bbox 3568 4225 3768 4293; x_wconf 79' lang='lat' dir='ltr'><strong>gaudii,</strong></span> 
     </span>
    </p>
   </div>
   <div class='ocr_carea' id='block_1_100' title="bbox 2186 4312 3769 4382">
    <p class='ocr_par' dir='ltr' id='par_1_100' title="bbox 2186 4312 3769 4382">
     <span class='ocr_line' id='line_1_100' title="bbox 2186 4312 3769 4382; baseline -0.002 -13"><span class='ocrx_word' id='word_1_847' title='bbox 2186 4323 2239 4369; x_wconf 88' lang='lat' dir='ltr'><strong>et</strong></span> <span class='ocrx_word' id='word_1_848' title='bbox 2265 4328 2452 4368; x_wconf 86' lang='lat' dir='ltr'><strong>vocem</strong></span> <span class='ocrx_word' id='word_1_849' title='bbox 2486 4312 2702 4378; x_wconf 64' lang='lat' dir='ltr'><strong>lattitiaz,</strong></span> <span class='ocrx_word' id='word_1_850' title='bbox 2747 4327 2936 4367; x_wconf 86' lang='lat' dir='ltr'><strong>vocem</strong></span> <span class='ocrx_word' id='word_1_851' title='bbox 2982 4313 3194 4382; x_wconf 83' lang='lat' dir='ltr'><strong>sponsi,</strong></span> <span class='ocrx_word' id='word_1_852' title='bbox 3227 4322 3281 4366; x_wconf 80' lang='lat' dir='ltr'><strong>ct</strong></span> <span class='ocrx_word' id='word_1_853' title='bbox 3311 4329 3508 4367; x_wconf 87' lang='lat' dir='ltr'><strong>vocem</strong></span> <span class='ocrx_word' id='word_1_854' title='bbox 3536 4330 3769 4382; x_wconf 62' lang='lat' dir='ltr'><strong>sponsat.</strong></span> 
     </span>
    </p>
   </div>
   <div class='ocr_carea' id='block_1_101' title="bbox 2189 4404 3772 4475">
    <p class='ocr_par' dir='ltr' id='par_1_101' title="bbox 2189 4404 3772 4475">
     <span class='ocr_line' id='line_1_101' title="bbox 2189 4404 3772 4475; baseline -0.003 -15"><span class='ocrx_word' id='word_1_855' title='bbox 2189 4406 2274 4460; x_wconf 75' lang='lat' dir='ltr'><strong>i0.</strong></span> <span class='ocrx_word' id='word_1_856' title='bbox 2315 4405 2382 4458; x_wconf 84' lang='lat' dir='ltr'><strong>Et</strong></span> <span class='ocrx_word' id='word_1_857' title='bbox 2406 4405 2532 4468; x_wconf 88' lang='lat' dir='ltr'><strong>erit,</strong></span> <span class='ocrx_word' id='word_1_858' title='bbox 2565 4405 2783 4475; x_wconf 88' lang='lat' dir='ltr'><strong>quando</strong></span> <span class='ocrx_word' id='word_1_859' title='bbox 2817 4405 3229 4458; x_wconf 79' lang='lat' dir='ltr'><strong>annuntiaveris</strong></span> <span class='ocrx_word' id='word_1_860' title='bbox 3257 4404 3463 4473; x_wconf 89' lang='lat' dir='ltr'><strong>populo</strong></span> <span class='ocrx_word' id='word_1_861' title='bbox 3493 4405 3626 4464; x_wconf 77' lang='lat' dir='ltr'><strong>huic</strong></span> <span class='ocrx_word' id='word_1_862' title='bbox 3650 4421 3772 4457; x_wconf 83' lang='lat' dir='ltr'><strong>om-</strong></span> 
     </span>
    </p>
   </div>
   <div class='ocr_carea' id='block_1_102' title="bbox 2117 4478 3772 4561">
    <p class='ocr_par' dir='ltr' id='par_1_102' title="bbox 2117 4478 3772 4561">
     <span class='ocr_line' id='line_1_102' title="bbox 2117 4478 3772 4561; baseline -0.001 -10"><span class='ocrx_word' id='word_1_863' title='bbox 2117 4478 2159 4532; x_wconf 74' lang='grc' dir='ltr'><strong>θ</strong></span> <span class='ocrx_word' id='word_1_864' title='bbox 2188 4498 2275 4551; x_wconf 91' lang='lat' dir='ltr'><strong>nia</strong></span> <span class='ocrx_word' id='word_1_865' title='bbox 2320 4497 2484 4551; x_wconf 89' lang='lat' dir='ltr'><strong>verba</strong></span> <span class='ocrx_word' id='word_1_866' title='bbox 2530 4496 2664 4561; x_wconf 77' lang='lat' dir='ltr'><strong>hzec,</strong></span> <span class='ocrx_word' id='word_1_867' title='bbox 2719 4504 2774 4550; x_wconf 88' lang='lat' dir='ltr'><strong>et</strong></span> <span class='ocrx_word' id='word_1_868' title='bbox 2830 4495 3062 4549; x_wconf 83' lang='lat' dir='ltr'><strong>dixerint</strong></span> <span class='ocrx_word' id='word_1_869' title='bbox 3095 4496 3161 4548; x_wconf 87' lang='lat' dir='ltr'><strong>ad</strong></span> <span class='ocrx_word' id='word_1_870' title='bbox 3195 4504 3246 4549; x_wconf 90' lang='lat' dir='ltr'><strong>te</strong></span> <span class='ocrx_word' id='word_1_871' title='bbox 3279 4513 3292 4547; x_wconf 90' lang='lat'><strong>:</strong></span> <span class='ocrx_word' id='word_1_872' title='bbox 3331 4495 3520 4560; x_wconf 88' lang='lat' dir='ltr'><strong>Quare</strong></span> <span class='ocrx_word' id='word_1_873' title='bbox 3559 4496 3772 4549; x_wconf 87' lang='lat' dir='ltr'><strong>locutus</strong></span> 
     </span>
    </p>
   </div>
   <div class='ocr_carea' id='block_1_103' title="bbox 2183 4581 3771 4656">
    <p class='ocr_par' dir='ltr' id='par_1_103' title="bbox 2183 4581 3771 4656">
     <span class='ocr_line' id='line_1_103' title="bbox 2183 4581 3771 4656; baseline -0.004 -14"><span class='ocrx_word' id='word_1_874' title='bbox 2183 4597 2268 4642; x_wconf 89' lang='lat' dir='ltr'><strong>est</strong></span> <span class='ocrx_word' id='word_1_875' title='bbox 2305 4585 2566 4641; x_wconf 89' lang='lat' dir='ltr'><strong>Dominus</strong></span> <span class='ocrx_word' id='word_1_876' title='bbox 2596 4600 2760 4656; x_wconf 89' lang='lat' dir='ltr'><strong>super</strong></span> <span class='ocrx_word' id='word_1_877' title='bbox 2804 4599 2905 4639; x_wconf 88' lang='lat' dir='ltr'><strong>nos</strong></span> <span class='ocrx_word' id='word_1_878' title='bbox 2944 4585 3128 4639; x_wconf 89' lang='lat' dir='ltr'><strong>omnia</strong></span> <span class='ocrx_word' id='word_1_879' title='bbox 3176 4581 3318 4638; x_wconf 85' lang='lat' dir='ltr'><strong>mala</strong></span> <span class='ocrx_word' id='word_1_880' title='bbox 3367 4600 3569 4655; x_wconf 69' lang='lat' dir='ltr'><strong>magna</strong></span> <span class='ocrx_word' id='word_1_881' title='bbox 3615 4582 3771 4638; x_wconf 70' lang='lat' dir='ltr'><strong>haec?</strong></span> 
     </span>
    </p>
   </div>
   <div class='ocr_carea' id='block_1_104' title="bbox 2545 4761 3774 4830">
    <p class='ocr_par' dir='ltr' id='par_1_104' title="bbox 2545 4761 3774 4830">
     <span class='ocr_line' id='line_1_104' title="bbox 2545 4761 3774 4830; baseline 0.006 -16"><span class='ocrx_word' id='word_1_882' title='bbox 2545 4761 2617 4830; x_wconf 88' lang='lat' dir='ltr'><strong>(b)</strong></span> <span class='ocrx_word' id='word_1_883' title='bbox 2658 4761 2746 4826; x_wconf 85' lang='lat' dir='ltr'><strong>A.,</strong></span> <span class='ocrx_word' id='word_1_884' title='bbox 2779 4761 2955 4816; x_wconf 86' lang='lat' dir='ltr'><strong>lassus</strong></span> <span class='ocrx_word' id='word_1_885' title='bbox 2990 4776 3110 4814; x_wconf 91' lang='lat' dir='ltr'><strong>sum</strong></span> <span class='ocrx_word' id='word_1_886' title='bbox 3153 4763 3591 4819; x_wconf 81' lang='lat' dir='ltr'><strong>conSolationem</strong></span> <span class='ocrx_word' id='word_1_887' title='bbox 3623 4769 3774 4821; x_wconf 62' lang='lat' dir='ltr'><strong>acri»</strong></span> 
     </span>
    </p>
   </div>
   <div class='ocr_carea' id='block_1_105' title="bbox 3454 4834 3769 4904">
    <p class='ocr_par' dir='ltr' id='par_1_105' title="bbox 3454 4834 3769 4904">
     <span class='ocr_line' id='line_1_105' title="bbox 3454 4834 3769 4904; baseline 0.016 -18"><span class='ocrx_word' id='word_1_888' title='bbox 3454 4834 3769 4904; x_wconf 59' lang='lat' dir='ltr'><strong>(dLTerrze.</strong></span> 
     </span>
    </p>
   </div>
   <div class='ocr_carea' id='block_1_106' title="bbox 3465 4908 3773 4976">
    <p class='ocr_par' dir='ltr' id='par_1_106' title="bbox 3465 4908 3773 4976">
     <span class='ocr_line' id='line_1_106' title="bbox 3465 4908 3773 4976; baseline 0.006 -18"><span class='ocrx_word' id='word_1_889' title='bbox 3465 4908 3526 4976; x_wconf 69' lang='grc' dir='ltr'><strong>(ἱ)</strong></span> <span class='ocrx_word' id='word_1_890' title='bbox 3548 4909 3773 4970; x_wconf 77' lang='lat' dir='ltr'><strong>A.,sine</strong></span> 
     </span>
    </p>
   </div>
   <div class='ocr_carea' id='block_1_107' title="bbox 3584 4978 3770 5045">
    <p class='ocr_par' dir='ltr' id='par_1_107' title="bbox 3584 4978 3770 5045">
     <span class='ocr_line' id='line_1_107' title="bbox 3584 4978 3770 5045; baseline 0.011 -16"><span class='ocrx_word' id='word_1_891' title='bbox 3584 4979 3687 5045; x_wconf 79' lang='lat' dir='ltr'><strong>(nt)</strong></span> <span class='ocrx_word' id='word_1_892' title='bbox 3714 4978 3770 5031; x_wconf 82' lang='lat' dir='ltr'><strong>Si</strong></span> 
     </span>
    </p>
   </div>
   <div class='ocr_carea' id='block_1_108' title="bbox 3257 5048 3769 5115">
    <p class='ocr_par' dir='ltr' id='par_1_108' title="bbox 3257 5048 3769 5115">
     <span class='ocr_line' id='line_1_108' title="bbox 3257 5048 3769 5115; baseline 0.006 -18"><span class='ocrx_word' id='word_1_893' title='bbox 3257 5053 3336 5114; x_wconf 59' lang='lat' dir='ltr'><strong>in)</strong></span> <span class='ocrx_word' id='word_1_894' title='bbox 3375 5048 3470 5107; x_wconf 83' lang='grc' dir='ltr'><strong>Α..</strong></span> <span class='ocrx_word' id='word_1_895' title='bbox 3495 5049 3769 5115; x_wconf 89' lang='lat' dir='ltr'><strong>numquid</strong></span> 
     </span>
    </p>
   </div>
   <div class='ocr_carea' id='block_1_109' title="bbox 2358 4831 3373 4904">
    <p class='ocr_par' dir='ltr' id='par_1_109' title="bbox 2358 4831 3373 4904">
     <span class='ocr_line' id='line_1_109' title="bbox 2358 4831 3373 4904; baseline 0.002 -19"><span class='ocrx_word' id='word_1_896' title='bbox 2358 4831 2429 4904; x_wconf 72' lang='lat' dir='ltr'><strong>(c)</strong></span> <span class='ocrx_word' id='word_1_897' title='bbox 2446 4831 2509 4885; x_wconf 85' lang='lat' dir='ltr'><strong>Et</strong></span> <span class='ocrx_word' id='word_1_898' title='bbox 2543 4834 2850 4904; x_wconf 73' lang='lat' dir='ltr'><strong>dispi-rgam</strong></span> <span class='ocrx_word' id='word_1_899' title='bbox 2878 4847 2972 4886; x_wconf 82' lang='lat' dir='ltr'><strong>eos</strong></span> <span class='ocrx_word' id='word_1_900' title='bbox 2995 4832 3047 4884; x_wconf 87' lang='lat' dir='ltr'><strong>in</strong></span> <span class='ocrx_word' id='word_1_901' title='bbox 3069 4837 3373 4904; x_wconf 79' lang='lat' dir='ltr'><strong>desertum.</strong></span> 
     </span>
    </p>
   </div>
   <div class='ocr_carea' id='block_1_110' title="bbox 3034 4903 3384 4970">
    <p class='ocr_par' dir='ltr' id='par_1_110' title="bbox 3034 4903 3384 4970">
     <span class='ocr_line' id='line_1_110' title="bbox 3034 4903 3384 4970; baseline 0.02 -18"><span class='ocrx_word' id='word_1_902' title='bbox 3034 4903 3220 4970; x_wconf 51' lang='grc' dir='ltr'><strong>(μυχίη</strong></span> <span class='ocrx_word' id='word_1_903' title='bbox 3253 4905 3384 4959; x_wconf 87' lang='lat' dir='ltr'><strong>litis.</strong></span> 
     </span>
    </p>
   </div>
   <div class='ocr_carea' id='block_1_111' title="bbox 499 5181 3771 5252">
    <p class='ocr_par' dir='ltr' id='par_1_111' title="bbox 499 5181 3771 5252">
     <span class='ocr_line' id='line_1_111' title="bbox 499 5181 3771 5252; baseline 0 -12"><span class='ocrx_word' id='word_1_904' title='bbox 499 5195 625 5240; x_wconf 87' lang='lat' dir='ltr'><strong>tuos</strong></span> <span class='ocrx_word' id='word_1_905' title='bbox 653 5187 704 5239; x_wconf 92' lang='lat' dir='ltr'><strong>in</strong></span> <span class='ocrx_word' id='word_1_906' title='bbox 734 5182 1090 5252; x_wconf 71' lang='lat' dir='ltr'><strong>direptionem</strong></span> <span class='ocrx_word' id='word_1_907' title='bbox 1121 5181 1284 5248; x_wconf 82' lang='lat' dir='ltr'><strong>dabo,</strong></span> <span class='ocrx_word' id='word_1_908' title='bbox 1319 5203 1424 5240; x_wconf 91' lang='lat' dir='ltr'><strong>non</strong></span> <span class='ocrx_word' id='word_1_909' title='bbox 1462 5185 1515 5237; x_wconf 93' lang='lat' dir='ltr'><strong>in</strong></span> <span class='ocrx_word' id='word_1_910' title='bbox 1553 5181 2007 5240; x_wconf 85' lang='lat' dir='ltr'><strong>commutatione.</strong></span> <span class='ocrx_word' id='word_1_911' title='bbox 2050 5182 2135 5246; x_wconf 84' lang='grc'><strong>8.,</strong></span> <span class='ocrx_word' id='word_1_912' title='bbox 2170 5186 2374 5238; x_wconf 80' lang='lat' dir='ltr'><strong>ferrum</strong></span> <span class='ocrx_word' id='word_1_913' title='bbox 2407 5181 2550 5236; x_wconf 87' lang='lat' dir='ltr'><strong>ferro</strong></span> <span class='ocrx_word' id='word_1_914' title='bbox 2579 5184 2645 5235; x_wconf 88' lang='lat' dir='ltr'><strong>ab</strong></span> <span class='ocrx_word' id='word_1_915' title='bbox 2682 5183 2960 5248; x_wconf 84' lang='lat' dir='ltr'><strong>aquilone,</strong></span> <span class='ocrx_word' id='word_1_916' title='bbox 3009 5195 3062 5235; x_wconf 87' lang='lat' dir='ltr'><strong>et</strong></span> <span class='ocrx_word' id='word_1_917' title='bbox 3109 5185 3221 5239; x_wconf 73' lang='lat' dir='ltr'><strong>aes?</strong></span> <span class='ocrx_word' id='word_1_918' title='bbox 3256 5184 3448 5241; x_wconf 87' lang='lat' dir='ltr'><strong>Robur</strong></span> <span class='ocrx_word' id='word_1_919' title='bbox 3495 5196 3681 5251; x_wconf 89' lang='lat' dir='ltr'><strong>tuum,</strong></span> <span class='ocrx_word' id='word_1_920' title='bbox 3718 5198 3771 5241; x_wconf 85' lang='lat' dir='ltr'><strong>et</strong></span> 
     </span>
    </p>
   </div>
   <div class='ocr_carea' id='block_1_112' title="bbox 498 5255 1835 5325">
    <p class='ocr_par' dir='ltr' id='par_1_112' title="bbox 498 5255 1835 5325">
     <span class='ocr_line' id='line_1_112' title="bbox 498 5255 1835 5325; baseline -0.004 -14"><span class='ocrx_word' id='word_1_921' title='bbox 498 5260 791 5311; x_wconf 87' lang='lat' dir='ltr'><strong>thesauros</strong></span> <span class='ocrx_word' id='word_1_922' title='bbox 821 5263 946 5309; x_wconf 89' lang='lat' dir='ltr'><strong>tuos</strong></span> <span class='ocrx_word' id='word_1_923' title='bbox 978 5256 1031 5312; x_wconf 90' lang='lat' dir='ltr'><strong>in</strong></span> <span class='ocrx_word' id='word_1_924' title='bbox 1067 5258 1298 5325; x_wconf 76' lang='lat' dir='ltr'><strong>praedam</strong></span> <span class='ocrx_word' id='word_1_925' title='bbox 1331 5257 1474 5309; x_wconf 87' lang='lat' dir='ltr'><strong>dabo</strong></span> <span class='ocrx_word' id='word_1_926' title='bbox 1514 5270 1612 5322; x_wconf 89' lang='lat' dir='ltr'><strong>pro</strong></span> <span class='ocrx_word' id='word_1_927' title='bbox 1648 5255 1835 5307; x_wconf 88' lang='lat' dir='ltr'><strong>nihilo.</strong></span> 
     </span>
    </p>
   </div>
   <div class='ocr_carea' id='block_1_113' title="bbox 1937 5253 2918 5323">
    <p class='ocr_par' dir='ltr' id='par_1_113' title="bbox 1937 5253 2918 5323">
     <span class='ocr_line' id='line_1_113' title="bbox 1937 5253 2918 5323; baseline -0.002 -17"><span class='ocrx_word' id='word_1_928' title='bbox 1937 5256 2014 5323; x_wconf 86' lang='lat' dir='ltr'><strong>(p)</strong></span> <span class='ocrx_word' id='word_1_929' title='bbox 2053 5255 2144 5318; x_wconf 76' lang='lat' dir='ltr'><strong>A.,</strong></span> <span class='ocrx_word' id='word_1_930' title='bbox 2179 5254 2264 5316; x_wconf 87' lang='grc'><strong>8.,</strong></span> <span class='ocrx_word' id='word_1_931' title='bbox 2299 5253 2385 5307; x_wconf 85' lang='lat' dir='ltr'><strong>fac</strong></span> <span class='ocrx_word' id='word_1_932' title='bbox 2418 5253 2571 5306; x_wconf 81' lang='lat' dir='ltr'><strong>nobis</strong></span> <span class='ocrx_word' id='word_1_933' title='bbox 2607 5253 2918 5323; x_wconf 76' lang='lat' dir='ltr'><strong>vindictam.</strong></span> 
     </span>
    </p>
   </div>
   <div class='ocr_carea' id='block_1_114' title="bbox 2997 5255 3771 5322">
    <p class='ocr_par' dir='ltr' id='par_1_114' title="bbox 2997 5255 3771 5322">
     <span class='ocr_line' id='line_1_114' title="bbox 2997 5255 3771 5322; baseline -0.004 -9"><span class='ocrx_word' id='word_1_934' title='bbox 2997 5256 3070 5322; x_wconf 80' lang='grc'><strong>((1)</strong></span> <span class='ocrx_word' id='word_1_935' title='bbox 3111 5258 3201 5319; x_wconf 84' lang='grc' dir='ltr'><strong>Α.,</strong></span> <span class='ocrx_word' id='word_1_936' title='bbox 3235 5255 3439 5311; x_wconf 88' lang='lat' dir='ltr'><strong>inventi</strong></span> <span class='ocrx_word' id='word_1_937' title='bbox 3481 5267 3613 5311; x_wconf 89' lang='lat' dir='ltr'><strong>sunt</strong></span> <span class='ocrx_word' id='word_1_938' title='bbox 3647 5275 3771 5312; x_wconf 82' lang='lat' dir='ltr'><strong>ser-</strong></span> 
     </span>
    </p>
   </div>
   <div class='ocr_carea' id='block_1_115' title="bbox 497 5321 3768 5392">
    <p class='ocr_par' dir='ltr' id='par_1_115' title="bbox 497 5321 3768 5392">
     <span class='ocr_line' id='line_1_115' title="bbox 497 5321 3768 5392; baseline 0.001 -13"><span class='ocrx_word' id='word_1_939' title='bbox 497 5343 691 5381; x_wconf 85' lang='lat' dir='ltr'><strong>mones</strong></span> <span class='ocrx_word' id='word_1_940' title='bbox 717 5327 818 5388; x_wconf 89' lang='lat' dir='ltr'><strong>Iui,</strong></span> <span class='ocrx_word' id='word_1_941' title='bbox 849 5333 902 5380; x_wconf 89' lang='lat' dir='ltr'><strong>et</strong></span> <span class='ocrx_word' id='word_1_942' title='bbox 932 5321 1140 5379; x_wconf 81' lang='lat' dir='ltr'><strong>comedi</strong></span> <span class='ocrx_word' id='word_1_943' title='bbox 1165 5343 1281 5388; x_wconf 90' lang='lat' dir='ltr'><strong>eos,</strong></span> <span class='ocrx_word' id='word_1_944' title='bbox 1309 5321 1592 5387; x_wconf 85' lang='lat' dir='ltr'><strong>etfactum</strong></span> <span class='ocrx_word' id='word_1_945' title='bbox 1621 5337 1703 5378; x_wconf 90' lang='lat' dir='ltr'><strong>est</strong></span> <span class='ocrx_word' id='word_1_946' title='bbox 1733 5321 2134 5378; x_wconf 79' lang='lat' dir='ltr'><strong>verbumtuum</strong></span> <span class='ocrx_word' id='word_1_947' title='bbox 2171 5325 2300 5378; x_wconf 89' lang='lat' dir='ltr'><strong>mihi</strong></span> <span class='ocrx_word' id='word_1_948' title='bbox 2336 5325 2387 5377; x_wconf 89' lang='lat' dir='ltr'><strong>in</strong></span> <span class='ocrx_word' id='word_1_949' title='bbox 2429 5323 2709 5392; x_wconf 84' lang='lat' dir='ltr'><strong>gaudium.</strong></span> <span class='ocrx_word' id='word_1_950' title='bbox 2744 5321 2827 5384; x_wconf 90' lang='grc'><strong>8.,</strong></span> <span class='ocrx_word' id='word_1_951' title='bbox 2859 5321 3062 5376; x_wconf 85' lang='lat' dir='ltr'><strong>inventi</strong></span> <span class='ocrx_word' id='word_1_952' title='bbox 3094 5323 3316 5380; x_wconf 87' lang='lat' dir='ltr'><strong>fuerunt</strong></span> <span class='ocrx_word' id='word_1_953' title='bbox 3358 5343 3654 5383; x_wconf 86' lang='lat' dir='ltr'><strong>sermones</strong></span> <span class='ocrx_word' id='word_1_954' title='bbox 3688 5329 3768 5382; x_wconf 85' lang='lat' dir='ltr'><strong>tui</strong></span> 
     </span>
    </p>
   </div>
   <div class='ocr_carea' id='block_1_116' title="bbox 498 5394 2450 5462">
    <p class='ocr_par' dir='ltr' id='par_1_116' title="bbox 498 5394 2450 5462">
     <span class='ocr_line' id='line_1_116' title="bbox 498 5394 2450 5462; baseline -0.003 -12"><span class='ocrx_word' id='word_1_955' title='bbox 498 5397 819 5452; x_wconf 82' lang='lat' dir='ltr'><strong>alimentum</strong></span> <span class='ocrx_word' id='word_1_956' title='bbox 855 5395 1008 5457; x_wconf 87' lang='lat' dir='ltr'><strong>mihi,</strong></span> <span class='ocrx_word' id='word_1_957' title='bbox 1042 5406 1097 5449; x_wconf 89' lang='lat' dir='ltr'><strong>et</strong></span> <span class='ocrx_word' id='word_1_958' title='bbox 1132 5395 1332 5452; x_wconf 81' lang='lat' dir='ltr'><strong>factum</strong></span> <span class='ocrx_word' id='word_1_959' title='bbox 1358 5406 1442 5450; x_wconf 89' lang='lat' dir='ltr'><strong>est</strong></span> <span class='ocrx_word' id='word_1_960' title='bbox 1484 5396 1706 5449; x_wconf 88' lang='lat' dir='ltr'><strong>verbum</strong></span> <span class='ocrx_word' id='word_1_961' title='bbox 1739 5406 1890 5448; x_wconf 89' lang='lat' dir='ltr'><strong>tuum</strong></span> <span class='ocrx_word' id='word_1_962' title='bbox 1921 5394 2051 5447; x_wconf 91' lang='lat' dir='ltr'><strong>mihi</strong></span> <span class='ocrx_word' id='word_1_963' title='bbox 2087 5394 2142 5462; x_wconf 81' lang='lat' dir='ltr'><strong>in</strong></span> <span class='ocrx_word' id='word_1_964' title='bbox 2167 5395 2450 5462; x_wconf 85' lang='lat' dir='ltr'><strong>gaudium.</strong></span> 
     </span>
    </p>
   </div>
   <div class='ocr_carea' id='block_1_117' title="bbox 1851 5461 2429 5532">
    <p class='ocr_par' dir='ltr' id='par_1_117' title="bbox 1851 5461 2429 5532">
     <span class='ocr_line' id='line_1_117' title="bbox 1851 5461 2429 5532; baseline 0 -17"><span class='ocrx_word' id='word_1_965' title='bbox 1851 5464 1920 5532; x_wconf 73' lang='grc' dir='ltr'><strong>(δ)</strong></span> <span class='ocrx_word' id='word_1_966' title='bbox 1961 5464 2049 5530; x_wconf 77' lang='grc' dir='ltr'><strong>Α.,</strong></span> <span class='ocrx_word' id='word_1_967' title='bbox 2085 5461 2188 5526; x_wconf 49' lang='grc'><strong>8,</strong></span> <span class='ocrx_word' id='word_1_968' title='bbox 2211 5465 2429 5516; x_wconf 84' lang='lat' dir='ltr'><strong>robore.</strong></span> 
     </span>
    </p>
   </div>
   <div class='ocr_carea' id='block_1_118' title="bbox 496 5533 3005 5608">
    <p class='ocr_par' dir='ltr' id='par_1_118' title="bbox 496 5533 3005 5608">
     <span class='ocr_line' id='line_1_118' title="bbox 496 5533 3005 5608; baseline -0.001 -20"><span class='ocrx_word' id='word_1_969' title='bbox 496 5549 552 5608; x_wconf 71' lang='lat' dir='ltr'><strong>et</strong></span> <span class='ocrx_word' id='word_1_970' title='bbox 579 5538 731 5608; x_wconf 76' lang='lat' dir='ltr'><strong>plaga</strong></span> <span class='ocrx_word' id='word_1_971' title='bbox 768 5553 884 5591; x_wconf 89' lang='lat' dir='ltr'><strong>mea</strong></span> <span class='ocrx_word' id='word_1_972' title='bbox 916 5538 1033 5592; x_wconf 81' lang='lat' dir='ltr'><strong>sine</strong></span> <span class='ocrx_word' id='word_1_973' title='bbox 1075 5533 1379 5598; x_wconf 76' lang='lat' dir='ltr'><strong>curatione,</strong></span> <span class='ocrx_word' id='word_1_974' title='bbox 1419 5553 1528 5608; x_wconf 83' lang='lat' dir='ltr'><strong>non</strong></span> <span class='ocrx_word' id='word_1_975' title='bbox 1582 5550 1740 5608; x_wconf 83' lang='lat' dir='ltr'><strong>passa</strong></span> <span class='ocrx_word' id='word_1_976' title='bbox 1776 5545 1860 5588; x_wconf 89' lang='lat' dir='ltr'><strong>est</strong></span> <span class='ocrx_word' id='word_1_977' title='bbox 1890 5549 2101 5608; x_wconf 87' lang='lat' dir='ltr'><strong>moram</strong></span> <span class='ocrx_word' id='word_1_978' title='bbox 2135 5534 2210 5608; x_wconf 82' lang='lat' dir='ltr'><strong>ad</strong></span> <span class='ocrx_word' id='word_1_979' title='bbox 2242 5533 2618 5608; x_wconf 73' lang='lat' dir='ltr'><strong>accipiendum</strong></span> <span class='ocrx_word' id='word_1_980' title='bbox 2647 5533 3005 5608; x_wconf 84' lang='lat' dir='ltr'><strong>curationem.</strong></span> 
     </span>
    </p>
   </div>
   <div class='ocr_carea' id='block_1_119' title="bbox 1992 5602 2093 5674">
    <p class='ocr_par' dir='ltr' id='par_1_119' title="bbox 1992 5606 2068 5674">
     <span class='ocr_line' id='line_1_119' title="bbox 1992 5606 2068 5674; baseline 0 -1"><span class='ocrx_word' id='word_1_981' title='bbox 1992 5606 2068 5674; x_wconf 72' lang='lat'><strong>(9)</strong></span> 
     </span>
    </p>
   </div>
   <div class='ocr_carea' id='block_1_120' title="bbox 2201 5602 3760 5674">
    <p class='ocr_par' dir='ltr' id='par_1_120' title="bbox 2235 5602 3760 5671">
     <span class='ocr_line' id='line_1_120' title="bbox 2235 5602 3760 5671; baseline 0.001 -13"><span class='ocrx_word' id='word_1_982' title='bbox 2235 5602 2317 5671; x_wconf 87' lang='grc'><strong>8.,</strong></span> <span class='ocrx_word' id='word_1_983' title='bbox 2350 5614 2402 5657; x_wconf 86' lang='lat' dir='ltr'><strong>et</strong></span> <span class='ocrx_word' id='word_1_984' title='bbox 2426 5602 2627 5658; x_wconf 84' lang='lat' dir='ltr'><strong>factum</strong></span> <span class='ocrx_word' id='word_1_985' title='bbox 2661 5609 2744 5656; x_wconf 87' lang='lat' dir='ltr'><strong>cst</strong></span> <span class='ocrx_word' id='word_1_986' title='bbox 2777 5603 3000 5657; x_wconf 88' lang='lat' dir='ltr'><strong>verbum</strong></span> <span class='ocrx_word' id='word_1_987' title='bbox 3033 5602 3244 5658; x_wconf 89' lang='lat' dir='ltr'><strong>Domini</strong></span> <span class='ocrx_word' id='word_1_988' title='bbox 3286 5609 3353 5661; x_wconf 90' lang='lat' dir='ltr'><strong>ad</strong></span> <span class='ocrx_word' id='word_1_989' title='bbox 3388 5623 3500 5668; x_wconf 86' lang='lat' dir='ltr'><strong>me.</strong></span> <span class='ocrx_word' id='word_1_990' title='bbox 3541 5610 3760 5662; x_wconf 83' lang='lat' dir='ltr'><strong>dicens.</strong></span> 
     </span>
    </p>
   </div>
   <div class='ocr_carea' id='block_1_121' title="bbox 1298 5675 2128 5747">
    <p class='ocr_par' dir='ltr' id='par_1_121' title="bbox 1298 5675 2128 5747">
     <span class='ocr_line' id='line_1_121' title="bbox 1298 5675 2128 5747; baseline -0.001 -17"><span class='ocrx_word' id='word_1_991' title='bbox 1298 5678 1374 5747; x_wconf 89' lang='lat' dir='ltr'><strong>(a)</strong></span> <span class='ocrx_word' id='word_1_992' title='bbox 1438 5675 1641 5742; x_wconf 75' lang='lat' dir='ltr'><strong>Reliqui</strong></span> <span class='ocrx_word' id='word_1_993' title='bbox 1660 5713 1680 5747; x_wconf 72' lang='lat'><strong>,_</strong></span> <span class='ocrx_word' id='word_1_994' title='bbox 1700 5675 1958 5747; x_wconf 85' lang='lat' dir='ltr'><strong>quoniam</strong></span> <span class='ocrx_word' id='word_1_995' title='bbox 1996 5679 2128 5730; x_wconf 73' lang='lat' dir='ltr'><strong>lucc.</strong></span> 
     </span>
    </p>
   </div>
   <div class='ocr_carea' id='block_1_122' title="bbox 497 5466 1772 5536">
    <p class='ocr_par' dir='ltr' id='par_1_122' title="bbox 497 5466 1772 5536">
     <span class='ocr_line' id='line_1_122' title="bbox 497 5466 1772 5536; baseline -0.002 -15"><span class='ocrx_word' id='word_1_996' title='bbox 497 5466 583 5530; x_wconf 87' lang='grc'><strong>8.,</strong></span> <span class='ocrx_word' id='word_1_997' title='bbox 609 5478 659 5521; x_wconf 84' lang='lat' dir='ltr'><strong>et</strong></span> <span class='ocrx_word' id='word_1_998' title='bbox 697 5471 909 5521; x_wconf 79' lang='lat' dir='ltr'><strong>hetatus</strong></span> <span class='ocrx_word' id='word_1_999' title='bbox 940 5482 1061 5520; x_wconf 89' lang='lat' dir='ltr'><strong>sum</strong></span> <span class='ocrx_word' id='word_1_1000' title='bbox 1091 5480 1311 5536; x_wconf 81' lang='lat' dir='ltr'><strong>propter</strong></span> <span class='ocrx_word' id='word_1_1001' title='bbox 1344 5482 1564 5518; x_wconf 89' lang='lat' dir='ltr'><strong>manum</strong></span> <span class='ocrx_word' id='word_1_1002' title='bbox 1602 5474 1772 5517; x_wconf 90' lang='lat' dir='ltr'><strong>tuam.</strong></span> 
     </span>
    </p>
   </div>
   <div class='ocr_carea' id='block_1_123' title="bbox 436 5604 1888 5674">
    <p class='ocr_par' dir='ltr' id='par_1_123' title="bbox 436 5604 1888 5674">
     <span class='ocr_line' id='line_1_123' title="bbox 436 5604 1888 5674; baseline -0.003 -14"><span class='ocrx_word' id='word_1_1003' title='bbox 436 5655 450 5668; x_wconf 41' lang='grc' dir='ltr'><strong>κ</strong></span> <span class='ocrx_word' id='word_1_1004' title='bbox 497 5604 584 5667; x_wconf 90' lang='grc'><strong>8.,</strong></span> <span class='ocrx_word' id='word_1_1005' title='bbox 613 5623 642 5660; x_wconf 90' lang='lat' dir='ltr'><strong>a</strong></span> <span class='ocrx_word' id='word_1_1006' title='bbox 673 5604 921 5662; x_wconf 77' lang='lat' dir='ltr'><strong>mendico</strong></span> <span class='ocrx_word' id='word_1_1007' title='bbox 961 5610 1244 5663; x_wconf 72' lang='lat' dir='ltr'><strong>obscmno.</strong></span> <span class='ocrx_word' id='word_1_1008' title='bbox 1321 5607 1398 5674; x_wconf 85' lang='lat' dir='ltr'><strong>(:r)</strong></span> <span class='ocrx_word' id='word_1_1009' title='bbox 1437 5605 1525 5668; x_wconf 84' lang='grc' dir='ltr'><strong>Α.,</strong></span> <span class='ocrx_word' id='word_1_1010' title='bbox 1563 5604 1888 5658; x_wconf 83' lang='lat' dir='ltr'><strong>validorum.</strong></span> 
     </span>
    </p>
   </div>
   <div class='ocr_carea' id='block_1_124' title="bbox 496 5744 2057 5820">
    <p class='ocr_par' dir='ltr' id='par_1_124' title="bbox 496 5744 2057 5820">
     <span class='ocr_line' id='line_1_124' title="bbox 496 5744 2057 5820; baseline -0.001 -20"><span class='ocrx_word' id='word_1_1011' title='bbox 496 5747 616 5803; x_wconf 65' lang='lat' dir='ltr'><strong>tilio</strong></span> <span class='ocrx_word' id='word_1_1012' title='bbox 666 5756 846 5804; x_wconf 76' lang='lat' dir='ltr'><strong>textus</strong></span> <span class='ocrx_word' id='word_1_1013' title='bbox 878 5749 1105 5820; x_wconf 85' lang='lat' dir='ltr'><strong>Syriaci.</strong></span> <span class='ocrx_word' id='word_1_1014' title='bbox 1141 5744 1363 5802; x_wconf 37' lang='lat' dir='ltr'><strong>Dmcn.’</strong></span> <span class='ocrx_word' id='word_1_1015' title='bbox 1423 5748 1472 5818; x_wconf 75' lang='grc' dir='ltr'><strong>τ)</strong></span> <span class='ocrx_word' id='word_1_1016' title='bbox 1512 5747 1597 5811; x_wconf 80' lang='grc' dir='ltr'><strong>Α.,</strong></span> <span class='ocrx_word' id='word_1_1017' title='bbox 1635 5744 1955 5816; x_wconf 88' lang='lat' dir='ltr'><strong>glabrabunt</strong></span> <span class='ocrx_word' id='word_1_1018' title='bbox 1979 5761 2057 5800; x_wconf 86' lang='lat' dir='ltr'><strong>se.</strong></span> 
     </span>
    </p>
   </div>
   <div class='ocr_carea' id='block_1_125' title="bbox 2529 5393 3767 5461">
    <p class='ocr_par' dir='ltr' id='par_1_125' title="bbox 2529 5393 3767 5461">
     <span class='ocr_line' id='line_1_125' title="bbox 2529 5393 3767 5461; baseline 0.001 -13"><span class='ocrx_word' id='word_1_1019' title='bbox 2529 5393 2598 5461; x_wconf 76' lang='grc' dir='ltr'><strong>(ι’)</strong></span> <span class='ocrx_word' id='word_1_1020' title='bbox 2631 5393 2728 5461; x_wconf 66' lang='grc' dir='ltr'><strong>Α..</strong></span> <span class='ocrx_word' id='word_1_1021' title='bbox 2762 5402 2817 5446; x_wconf 89' lang='lat' dir='ltr'><strong>et</strong></span> <span class='ocrx_word' id='word_1_1022' title='bbox 2849 5393 3122 5460; x_wconf 88' lang='lat' dir='ltr'><strong>superbivi</strong></span> <span class='ocrx_word' id='word_1_1023' title='bbox 3156 5410 3185 5447; x_wconf 91' lang='lat' dir='ltr'><strong>a</strong></span> <span class='ocrx_word' id='word_1_1024' title='bbox 3221 5395 3359 5451; x_wconf 85' lang='lat' dir='ltr'><strong>facie</strong></span> <span class='ocrx_word' id='word_1_1025' title='bbox 3391 5413 3597 5452; x_wconf 85' lang='lat' dir='ltr'><strong>manus</strong></span> <span class='ocrx_word' id='word_1_1026' title='bbox 3634 5407 3767 5452; x_wconf 69' lang='lat' dir='ltr'><strong>tuae.</strong></span> 
     </span>
    </p>
   </div>
   <div class='ocr_carea' id='block_1_126' title="bbox 2509 5460 3765 5532">
    <p class='ocr_par' dir='ltr' id='par_1_126' title="bbox 2509 5460 3765 5532">
     <span class='ocr_line' id='line_1_126' title="bbox 2509 5460 3765 5532; baseline 0.006 -18"><span class='ocrx_word' id='word_1_1027' title='bbox 2509 5460 2586 5532; x_wconf 60' lang='grc' dir='ltr'><strong>(ι)</strong></span> <span class='ocrx_word' id='word_1_1028' title='bbox 2617 5460 2699 5521; x_wconf 87' lang='grc'><strong>8..</strong></span> <span class='ocrx_word' id='word_1_1029' title='bbox 2731 5477 2902 5530; x_wconf 89' lang='lat' dir='ltr'><strong>quare</strong></span> <span class='ocrx_word' id='word_1_1030' title='bbox 2947 5461 3049 5515; x_wconf 85' lang='lat' dir='ltr'><strong>fuit</strong></span> <span class='ocrx_word' id='word_1_1031' title='bbox 3093 5465 3246 5518; x_wconf 81' lang='lat' dir='ltr'><strong>dolor</strong></span> <span class='ocrx_word' id='word_1_1032' title='bbox 3277 5482 3434 5524; x_wconf 90' lang='lat' dir='ltr'><strong>meus</strong></span> <span class='ocrx_word' id='word_1_1033' title='bbox 3467 5478 3765 5529; x_wconf 79' lang='lat' dir='ltr'><strong>constans,</strong></span> 
     </span>
    </p>
   </div>
   <div class='ocr_carea' id='block_1_127' title="bbox 3082 5535 3761 5601">
    <p class='ocr_par' dir='ltr' id='par_1_127' title="bbox 3082 5535 3761 5601">
     <span class='ocr_line' id='line_1_127' title="bbox 3082 5535 3761 5601; baseline 0.004 -16"><span class='ocrx_word' id='word_1_1034' title='bbox 3082 5538 3158 5599; x_wconf 69' lang='grc' dir='ltr'><strong>(τι)</strong></span> <span class='ocrx_word' id='word_1_1035' title='bbox 3201 5535 3290 5601; x_wconf 80' lang='grc' dir='ltr'><strong>Α.,</strong></span> <span class='ocrx_word' id='word_1_1036' title='bbox 3343 5539 3414 5592; x_wconf 90' lang='lat' dir='ltr'><strong>ab</strong></span> <span class='ocrx_word' id='word_1_1037' title='bbox 3461 5539 3761 5594; x_wconf 64' lang='lat' dir='ltr'><strong>obscaeno.</strong></span> 
     </span>
    </p>
   </div>
   <div class='ocr_carea' id='block_1_128' title="bbox 2211 5674 3765 5750">
    <p class='ocr_par' dir='ltr' id='par_1_128' title="bbox 2211 5674 3765 5750">
     <span class='ocr_line' id='line_1_128' title="bbox 2211 5674 3765 5750; baseline 0.005 -24"><span class='ocrx_word' id='word_1_1038' title='bbox 2211 5677 2284 5746; x_wconf 82' lang='lat' dir='ltr'><strong>(b)</strong></span> <span class='ocrx_word' id='word_1_1039' title='bbox 2327 5677 2417 5740; x_wconf 79' lang='grc' dir='ltr'><strong>Α.,</strong></span> <span class='ocrx_word' id='word_1_1040' title='bbox 2454 5675 2520 5730; x_wconf 79' lang='lat' dir='ltr'><strong>ad</strong></span> <span class='ocrx_word' id='word_1_1041' title='bbox 2555 5675 2773 5728; x_wconf 89' lang='lat' dir='ltr'><strong>domum</strong></span> <span class='ocrx_word' id='word_1_1042' title='bbox 2815 5674 3142 5744; x_wconf 84' lang='lat' dir='ltr'><strong>epulationis</strong></span> <span class='ocrx_word' id='word_1_1043' title='bbox 3177 5691 3390 5732; x_wconf 86' lang='lat' dir='ltr'><strong>eorum.</strong></span> <span class='ocrx_word' id='word_1_1044' title='bbox 3475 5680 3542 5749; x_wconf 82' lang='grc'><strong>(⁹)</strong></span> <span class='ocrx_word' id='word_1_1045' title='bbox 3583 5675 3765 5750; x_wconf 69' lang='grc' dir='ltr'><strong>Βεροο</strong></span> 
     </span>
    </p>
   </div>
  </div>
