3902 6466
473 330 611 386 2551

1641 324 1870 382 CODEX
1913 324 2588 387 SYRO-llEXAPLARlS.

3598 341 3733 398 2352

476 456 529 502 et
562 460 632 501 ne
676 441 899 515 gestetis
929 440 1173 497 sarcinas
1218 441 1272 495 in
1327 442 1414 496 die
1452 442 1830 507 sabbatorum,
1881 460 2058 515 neque
2086 461 2132 517 Α
2162 461 2260 518 pro
2288 448 2469 513 bonis,
2504 464 2625 520 qua:
2645 447 2861 506 locutus
2891 464 3013 505 sum
3044 451 3222 504 facere
3247 424 3348 506 eis.
3391 452 3477 508 11.
3503 453 3569 508 Et
3597 472 3736 513 nunc

476 535 831 609 egrediamini
868 534 1044 604 portis
1060 532 1367 588 Jerusalem
1400 550 1414 587 :
1443 533 1537 587 22.
1581 549 1759 605 neque
1814 535 2060 592 educatis

477 629 728 685 sarcinas
758 642 792 681 ο
828 625 1091 681 domibus
1121 624 1322 680 vestris
1368 624 1425 679 in
1465 625 1555 681 die
1592 622 1971 693 sabbatorum,
2006 636 2063 684 et

478 734 644 773 omne
672 732 812 787 opus
852 732 963 772 non
1008 715 1219 772 facietis
1252 734 1267 771 :
1295 726 1350 771 et
1377 717 1718 773 sanctiﬁcata
1751 718 1896 773 diem
1930 719 2057 775 sab-

480 811 757 873 batorum,
794 808 941 863 sicut
964 808 1194 876 praecepi
1224 809 1473 877 patribus
1493 810 1693 864 vestris
1720 818 1808 865 :et
1838 825 1947 865 non
1970 824 2061 865 au-

479 902 757 966 diverunt,
793 915 893 954 nec
925 899 1255 955 inclinarunt
1280 899 1349 971 (e)
1387 914 1547 955 aures
1569 915 1722 966 suas,
1751 902 1843 956 25.
1883 912 1940 956 et
1960 902 2061 957 ob-

480 994 755 1048 durarunt
799 993 1000 1046 collum
1052 1007 1212 1048 suum
1264 1007 1325 1047 +
1376 994 1498 1062 plus
1527 1008 1693 1062 quam
1735 1005 1922 1064 patres
1962 1010 2059 1051 eo-

483 1100 607 1138 rum
650 1083 713 1151 ζ,
763 1098 831 1136 ne
869 1083 1120 1138 audirent
1142 1098 1247 1147 me,
1277 1092 1333 1138 et
1370 1099 1438 1139 ne
1480 1085 1791 1155 acciperent
1816 1087 2064 1157 discipli-

484 1190 639 1230 nam.
671 1175 764 1228 24.
800 1174 864 1228 Ει
895 1175 1020 1235 crit,
1075 1174 1123 1230 si
1171 1174 1444 1229 audiendo
1472 1176 1759 1233 audieritis
1788 1192 1898 1243 me,
1930 1178 2065 1234 dicit

485 1265 774 1332 Dominus,
802 1278 861 1321 ut
884 1281 988 1321 non
1020 1265 1265 1322 inferatis
1299 1267 1547 1324 sarcinas
1573 1285 1672 1339 per
1701 1279 1888 1339 portas
1911 1271 2064 1327 urbis

485 1357 651 1427 hujus
680 1359 732 1411 in
764 1359 851 1413 die
876 1359 1256 1424 sabbatorum,
1284 1366 1338 1412 et
1358 1359 1425 1413 ad
1449 1361 1899 1416 sanctificandum
1918 1362 2063 1417 diem

482 1450 862 1511 Gabbatorum,
923 1460 978 1504 ut
1036 1465 1145 1505 non
1193 1451 1409 1507 faciatis
1452 1453 1507 1506 in
1558 1468 1625 1508 eo
1674 1468 1838 1509 omne
1887 1469 2063 1523 opus;

482 1542 579 1596 25.
607 1544 771 1598 etiam
803 1543 1179 1612 ingrediantur
1206 1558 1304 1613 per
1344 1554 1532 1614 portas
1581 1545 1733 1600 urbis
1769 1546 1936 1615 hujus
1978 1560 2066 1601 re-

487 1646 605 1698 ges,
636 1641 691 1684 et
741 1632 1012 1699 principes
1058 1630 1311 1686 sedentes
1349 1647 1513 1701 super
1559 1634 1700 1688 solio
1735 1633 1974 1699 Davidis,
2011 1644 2067 1689 et

2161 539 2251 594 dic
2281 540 2359 594 ad.
2379 540 2529 596 viros
2558 539 2732 604 Judae,
2771 550 2825 596 et
2854 540 2921 595 ad
2952 552 3071 607 eos,
3100 541 3192 611 qui
3224 528 3475 598 habitant
3504 545 3560 599 in
3589 544 3739 601 Jeru-

2161 630 2353 698 salem,
2387 634 2455 699 χ(
2499 628 2684 687 dicens
2717 649 2731 685 :
2772 630 2850 687 ita
2888 631 3022 687 dicit
3051 630 3315 688 Dominus
3351 634 3375 702 ζ
3417 653 3431 688 :
3478 631 3619 689 Ecce
3646 652 3741 708 ego

2164 736 2290 777 creo
2320 736 2491 791 super
2511 736 2616 778 vos
2643 723 2809 789 mala,
2831 731 2886 778 ct
2911 724 3091 794 cogito
3124 738 3289 794 super
3323 739 3422 781 vos
3462 727 3742 797 cogitatio-

2163 828 2311 867 nem.
2345 814 2673 869 Revertatur
2694 815 2861 884 igitur
2881 816 3258 886 unusquisque
3282 831 3314 870 a
3345 817 3432 870 via
3463 832 3568 872 sua
3586 819 3741 885 mala,

2164 909 2221 955 et
2270 902 2585 972 pulchriora
2632 902 2795 958 facite
2828 904 3006 959 studia
3039 914 3256 969 vestra,
3307 908 3377 973 Χ
3406 913 3459 961 et
3493 907 3617 962 vias
3664 922 3748 962 ve-

2166 1000 2309 1046 stras
2336 993 2380 1061 ζ.
2414 992 2502 1048 12.
2533 991 2601 1047 Et
2637 994 2894 1049 dixerunt
2921 1011 2933 1046 :
2974 994 3049 1064 (ῃ)
3080 994 3320 1049 Viriliter
3347 1010 3600 1066 agemus;
3627 998 3747 1065 quia

2165 1091 2292 1152 post
2341 1084 2655 1139 aversiones
2699 1094 2917 1139 nostras
2963 1084 3205 1149 ibimus,
3251 1094 3309 1141 et
3374 1087 3750 1157 unusquisque

2165 1188 2252 1237 ea,
2314 1174 2386 1242 (ι)
2444 1189 2565 1244 quae
2612 1176 2825 1246 placent
2871 1176 3021 1230 cordi
3073 1177 3194 1245 ejus
3248 1177 3419 1241 malo,
3459 1175 3745 1232 faciemus.

2167 1268 2253 1320 15.
2304 1267 2533 1336 Propter
2578 1268 2682 1322 hoc
2716 1266 2831 1322 haec
2875 1267 3008 1322 dicit
3056 1267 3370 1325 Dominus:
3420 1266 3750 1341 Inter-rogate

2167 1371 2313 1411 nunc
2338 1357 2390 1410 in
2416 1358 2692 1427 gentibus,
2723 1358 2848 1427 quis
2884 1358 3092 1413 audivit
3130 1359 3262 1415 talia
3293 1360 3609 1424 horribilia,
3638 1377 3750 1432 qua!

2166 1448 2294 1504 fecit
2322 1449 2478 1505 valde
2527 1450 2683 1521 virgo
2729 1449 2985 1507 lsraelisl
3018 1452 3104 1506 14.
3140 1452 3220 1535 (ς)
3268 1450 3413 1509 Num
3447 1454 3701 1511 deﬁcient
3723 1472 3748 1511 a

2168 1551 2318 1611 petra
2351 1542 2539 1609 ubera,
2567 1551 2663 1596 aut
2690 1542 2781 1596 nix
2809 1557 2839 1595 a
2874 1542 3129 1598 Libano?
3152 1552 3245 1599 aut
3281 1544 3587 1600 declinabit
3619 1561 3748 1616 aqua

2167 1633 2430 1687 violenter
2467 1633 2700 1688 abducta
2729 1635 2930 1689 vento?
2976 1634 3066 1689 15.
3103 1634 3243 1702 Quia
3286 1636 3447 1692 obliti
3482 1648 3622 1692 sunt
3653 1640 3750 1691 mci

485 1722 627 1775 vecti
653 1735 816 1789 super
845 1721 1103 1777 curribus
1148 1730 1203 1777 et
1231 1724 1389 1793 equis
1416 1725 1553 1788 suis,
1586 1734 1640 1779 et
1666 1725 1939 1794 principes
1971 1740 2066 1779 eo-
2094 1751 2140 1815 B
2168 1722 2403 1792 pOpulus
2431 1736 2586 1777 meus
2626 1740 2639 1776 :
2671 1724 2726 1776 in
2760 1738 2959 1777 vanum
3002 1724 3349 1790 adoluerunt,
3394 1726 3471 1796 (ὁ)
3513 1733 3575 1782 et
3613 1726 3753 1781 infir-

486 1826 633 1874 rum,
664 1810 732 1880 (f)
766 1812 866 1866 viri
890 1810 1063 1877 Judaa,
1096 1813 1260 1868 etiam
1296 1814 1373 1868 illi
1397 1815 1491 1884 qui
1529 1815 1777 1869 habitant
1817 1816 1871 1870 in
1901 1814 2061 1871 Jeru-

487 1902 680 1967 salem,
705 1904 779 1973 (g)
808 1913 863 1959 et
903 1903 1238 1960 habitabitur
1267 1905 1398 1959 urbs
1438 1907 1554 1961 haec
1576 1908 1629 1960 in
1655 1907 1936 1961 saeculum.
1974 1906 2063 1961 26.

486 1992 556 2048 Et
578 1996 794 2049 venient
816 2009 883 2051 cx
911 1996 1139 2051 urbibus
1170 1994 1345 2062 Judte,
1370 2006 1424 2052 et
1451 2013 1519 2051 ex
1544 1998 1868 2053 circuitibus
1909 1996 2067 2053 Jeru-

487 2090 681 2151 salem,
714 2096 767 2141 ct
808 2103 872 2141 ex
914 2095 1058 2141 terra
1100 2087 1406 2156 Benjamin,
1445 2098 1498 2142 et
1523 2104 1586 2142 ex
1621 2090 1698 2159 (In)
1733 2089 1975 2158 planitie,
2013 2097 2068 2143 et

486 2196 557 2235 ex
596 2188 802 2245 monte,
851 2188 905 2233 et
950 2193 1017 2233 ex
1055 2190 1142 2241 ea,
1188 2195 1312 2248 quae.
1362 2181 1428 2233 ad
1472 2179 1780 2246 meridiem,
1834 2180 2067 2235 ferentes

502 2272 846 2334 holocausta,
907 2281 963 2326 et
1003 2270 1064 2341 (ξ)
1113 2270 1486 2341 thymiamata,
1526 2271 1690 2341 et-(k)
1744 2287 1966 2336 manna,
2013 2280 2069 2327 et

490 2366 642 2426 thus,
673 2372 729 2417 et
756 2361 1046 2416 afferentes
1099 2364 1162 2425 (ι)
1206 2363 1417 2418 laudem
1466 2363 1521 2415 in
1556 2364 1779 2417 domum
1831 2363 2065 2417 Domini.

490 2455 582 2509 27.
633 2454 703 2508 Et
747 2454 795 2508 si
854 2469 964 2508 non
1019 2451 1308 2508 audieritis
1346 2470 1454 2519 me,
1502 2455 1567 2508 ad
1618 2454 2067 2510 sanctificandum

492 2546 639 2600 diem
677 2546 1053 2606 sabbatorum.
1097 2557 1158 2599 ut
1207 2560 1275 2599 ne
1326 2546 1555 2616 gestetis
1600 2547 1867 2610 sarcinas,
1900 2556 1948 2601 et
1986 2547 2071 2601 in-

493 2638 816 2706 grediamini
854 2639 909 2691 in
937 2638 1109 2707 portis
1128 2636 1431 2692 Jerusalem
1475 2638 1528 2691 in
1560 2639 1652 2692 die
1692 2639 2068 2703 sabbatorum,

490 2732 658 2785 etiam
684 2729 978 2785 acuendam
1014 2728 1194 2798 ignem
1236 2728 1292 2782 in
1336 2729 1508 2798 portis
1539 2730 1682 2797 ejus,
1710 2738 1764 2784 et
1789 2730 2073 2786 devorabit

494 2822 592 2894 (αι)
619 2821 825 2890 plateas
855 2818 1187 2884 Jerusalem,
1219 2829 1275 2873 et
1293 2832 1400 2872 non
1426 2818 1823 2889 exstinguetur.

2173 1814 2471 1866 mabuntur
2506 1812 2559 1865 in
2587 1811 2693 1866 viis
2730 1812 2848 1866 suis
2876 1811 3107 1868 funiculi
3133 1814 3474 1884 sempiterni,
3500 1815 3575 1870 ad
3612 1816 3753 1872 ince-

2174 1904 2410 1959 dendum
2466 1904 2522 1957 in
2575 1905 2810 1970 semitis,
2848 1904 3050 1974 quibus
3092 1919 3199 1961 non
3248 1914 3335 1962 est
3375 1905 3466 1961 via
3509 1908 3580 1962 ad
3632 1908 3751 1977 iter,

2177 1998 2263 2052 16.
2295 1998 2361 2051 ad
2391 1996 2702 2068 ponendum
2744 2006 2950 2051 terram
2986 2012 3140 2052 suam
3190 1998 3245 2052 in
3280 1999 3513 2055 exitium
3543 2008 3600 2055 et
3630 2001 3750 2055 sibi-

2176 2090 2289 2143 lum
2338 2088 2749 2159 scmpiternum.
2797 2087 3001 2144 Omnes
3048 2089 3086 2143 ii
3135 2089 3230 2159 qui
3275 2098 3571 2145 transeunt
3602 2107 3749 2162 super

2176 2194 2237 2233 ea
2295 2180 2703 2247 obstupescent,
2761 2189 2814 2235 et
2878 2182 3299 2237 commovebunt
3356 2193 3527 2255 caput
3580 2200 3746 2241 suum.

2178 2268 2245 2322 17
2268 2268 2339 2339 (c)
2376 2270 2530 2322 Sicut
2571 2277 2795 2323 ventum
2828 2278 3021 2337 aestus,
3064 2271 3370 2343 dispergam
3399 2290 3498 2331 eos
3526 2286 3653 2331 ante
3680 2276 3752 2331 fa-

2178 2360 2314 2414 ciem
2345 2359 2694 2414 inimicorum
2737 2375 2961 2415 suorum
2995 2380 3009 2417 :
3045 2364 3111 2430 Χ
3140 2362 3216 2433 (d)
3244 2365 3536 2432 cervicem,
3566 2377 3620 2422 et
3649 2383 3747 2422 non

2178 2450 2424 2517 faciem:
2473 2451 2757 2506 ostendam
2807 2452 2887 2507 eis
2937 2452 2991 2507 in
3042 2455 3127 2508 die
3176 2456 3500 2524 perditionis
3545 2472 3750 2515 eorum.

2180 2544 2269 2600 18.
2309 2543 2374 2597 Ει
2427 2544 2685 2599 dixerunt
2731 2561 2746 2597 :
2793 2542 3001 2611 Venite,
3053 2547 3359 2616 cogitemus
3398 2563 3571 2618 super
3615 2549 3754 2605 Jere-

2180 2633 2346 2687 miam
2386 2633 2814 2703 cegitationem;
2851 2634 2977 2702 quia
3020 2650 3127 2689 non
3172 2638 3372 2705 peribit
3406 2637 3490 2692 lex
3524 2654 3557 2693 a
3586 2655 3755 2695 sacer-

2177 2725 2324 2786 dote,
2358 2732 2413 2778 et
2435 2725 2724 2779 consilium
2770 2740 2801 2778 a
2844 2726 2913 2795 (e)
2955 2727 3238 2796 prudente,
3274 2737 3331 2784 et
3359 2744 3544 2784 sermo
3569 2746 3600 2785 a
3641 2748 3757 2802 pro.

2181 2816 2362 2884 pheta.
2392 2815 2605 2879 Venite,
2633 2824 2689 2871 et
2728 2818 3101 2886 pcrcutiamus
3136 2834 3261 2873 eum
3296 2821 3351 2875 in
3385 2822 3593 2893 lingua,
3621 2828 3686 2893 Χ
3708 2835 3757 2880 et

522 2954 527 2959 ς
566 2911 721 2966 CAP.
752 2909 1106 2965 XVlll.—l.
1163 2908 1424 2976 Verbum,
1466 2911 1611 2979 quod
1663 2909 1865 2965 factum
1893 2909 2071 2966 estad
2182 2923 2291 2962 non
2328 2907 2351 2975 ζ
2388 2908 2676 2962 audiemus
2710 2922 2902 2963 omnes
2937 2924 3220 2965 sermones
3249 2911 3389 2981 ejus.
3431 2913 3520 2967 19.
3556 2912 3758 2971 Exaudi

495 3002 787 3063 Jeremiam
811 3001 1113 3065 aDomino,
1144 3001 1333 3056 dicens
1367 3018 1380 3055 :
1411 3000 1466 3055 2.
1494 3001 1687 3071 Surge,
1720 3011 1775 3055 et
1804 3001 2074 3057 descende
2182 3016 2290 3067 me,
2325 2999 2573 3064 Domine,
2602 3008 2658 3055 et
2694 3002 2895 3056 exaudi
2932 3016 3123 3056 vocem
3153 3004 3219 3073 (ι’)
3252 3004 3398 3073 juris
3429 3005 3559 3061 mei.
3588 3007 3677 3061 20.
3705 3008 3758 3063 Si

499 3096 556 3152 in
587 3095 813 3150 domum
846 3094 923 3164 (η)
953 3093 1125 3164 ﬁguli,
1156 3101 1212 3148 et
1242 3092 1317 3147 ibi
1352 3092 1540 3148 audies
1563 3094 1725 3147 verba
1766 3109 1906 3148 mea.
1939 3095 1994 3149 5.
2016 3092 2084 3150 Ει
2110 3108 2152 3165 c
2186 3090 2565 3145 retribuuntur
2612 3090 2754 3145 mala
2803 3106 2901 3161 pro
2946 3092 3142 3159 bonis;
3166 3094 3237 3164 (g)
3278 3096 3407 3164 quia
3439 3097 3605 3152 locuti
3640 3112 3760 3154 sunt

498 3188 758 3247 descendi
811 3188 869 3242 in
917 3187 1141 3243 domum
1191 3185 1362 3255 ﬁguli,
1404 3194 1459 3240 et
1508 3200 1637 3241 ecce
1690 3186 1806 3255 ipse
1846 3184 2081 3241 faciebat
2181 3181 2346 3237 simul
2374 3181 2450 3254 (h)
2474 3182 2742 3253 judicium
2778 3198 2841 3240 σε·
2878 3200 3046 3255 super
3078 3187 3316 3241 animam
3352 3177 3556 3255 meain,
3588 3200 3644 3245 et
3671 3206 3762 3261 po.

475 3297 638 3351 -opus
665 3282 740 3351 (ο)
763 3292 932 3349 super
955 3278 1266 3348 lapidibus:
1294 3278 1348 3333 4.
1378 3286 1435 3332 et
1459 3278 1657 3333 cecidit
1677 3278 1889 3348 lagena,
1914 3294 2077 3348 quam

500 3372 639 3451 ipse‘
654 3370 890 3426 faciebat
924 3372 989 3436 >ε<
1022 3370 1076 3423 in
1107 3368 1226 3423 luto
1256 3369 1279 3437 ζ
1333 3371 1388 3422 in
1424 3370 1674 3423 manibus
1709 3368 1785 3439 (p)
1820 3370 1935 3423 suis
1976 3390 1990 3421 :
2026 3377 2082 3424 ct

502 3478 700 3517 rursus
742 3461 873 3517 fecit
899 3476 1021 3515 eam
1072 3460 1321 3529 lagonam
1367 3459 1615 3525 alteram,
1663 3468 1723 3513 ut
1769 3460 1971 3529 placuit
2005 3459 2079 3528 (q)

501 3569 689 3611 coram
709 3568 775 3607 eo
804 3553 1004 3608 facere.
1036 3552 1091 3607 5.
1127 3549 1193 3605 Et
1239 3548 1449 3605 factum
1485 3558 1575 3605 est
1606 3550 1829 3605 verbum
1865 3548 2080 3603 Domini

502 3646 571 3704 ad
600 3661 707 3710 me,
744 3645 972 3699 dicens:
1022 3643 1076 3697 6.
1114 3640 1194 3705 Si,
1238 3640 1699 3711 quemadmodum
1737 3641 1933 3711 ﬁgulus
1971 3640 2080 3705 hic,

506 3755 615 3795 non
654 3745 849 3808 potero
880 3735 1058 3791 facere
1088 3747 1207 3799 vos,
1237 3732 1436 3788 domus
1459 3732 1692 3793 lsraelis,
1725 3735 1793 3801 )t(
1822 3733 1953 3786 dicit
1978 3731 2085 3785 Do-

505 3830 725 3886 minus?
757 3830 780 3897 ζ
812 3827 950 3883 Ecce
994 3828 1139 3883 sicut
1183 3826 1357 3881 lutum
1406 3827 1473 3893 ξι(
1512 3825 1567 3879 in
1615 3825 1869 3880 manibus
1911 3824 2081 3894 figuli,

508 3925 581 3979 iu
618 3923 640 3989 ζ
664 3937 762 3978 vos
792 3920 925 3975 estis
946 3919 1001 3973 in
1036 3917 1291 3973 manibus
1311 3918 1468 3978 meis.
1486 3919 1553 3984 χ(
1571 3917 1766 3971 domus
1799 3916 2010 3971 Israelis
2035 3916 2081 3984 ζ.

508 4013 563 4067 7.
592 4015 664 4085 (r)
701 4011 779 4067 Ad
807 4024 1079 4066 summam
1107 4009 1303 4078 loquar
1328 4022 1492 4076 super
1516 4016 1755 4077 gentem,
1784 4014 1880 4061 aut
1924 4021 2087 4077 super

506 4119 735 4172 regnum
766 4103 837 4171 (δ)
885 4101 951 4156 ad
1006 4101 1303 4156 tollendum
1337 4114 1453 4162 eos,
1497 4101 1564 4167 Χ
1602 4107 1657 4153 et
1690 4099 1757 4152 ad
1797 4098 2086 4153 destruen-

505 4195 641 4249 dum
670 4192 717 4260 ζ,
748 4202 804 4248 et
831 4192 898 4246 ad
930 4190 1288 4260 perdendum.
1318 4189 1371 4243 8.
1405 4188 1471 4242 Et
1504 4196 1806 4242 revertetur
1834 4202 1969 4256 gens
1995 4187 2087 4241 illa

506 4299 541 4339 a
574 4286 735 4345 malis
759 4299 972 4350 eorum,
997 4297 1118 4352 quae
1142 4282 1362 4337 locutus
1387 4296 1508 4336 sum
1550 4295 1715 4350 super
1752 4295 1813 4333 ea
1866 4298 1879 4333 :
1920 4279 2085 4333 etiam

507 4379 573 4448 (ι)
620 4392 778 4447 agam
823 4375 1199 4446 pmnitentiam
1232 4389 1331 4443 pro
1364 4373 1545 4440 malis,
1584 4388 1707 4443 qua:
1735 4373 1966 4443 cogitavi
2003 4371 2088 4427 fa-

2184 3290 2314 3329 uere
2350 3275 2403 3329 in
2436 3284 2600 3345 caput
2642 3292 2801 3331 suum
2832 3276 2893 3346 (i.
2929 3292 2980 3332 e.
3029 3280 3217 3346 punire
3256 3290 3417 3336 semet
3453 3283 3641 3354 ipsos),
3674 3300 3765 3340 oc-

2182 3362 2463 3416 cullarunt
2493 3362 2541 3429 ζ.
2572 3360 2880 3418 Bccordare
2904 3363 3034 3431 mei,
3067 3379 3194 3420 cum
3244 3368 3364 3423 steti
3413 3380 3542 3424 ante
3573 3370 3761 3427 faciem

2186 3462 2352 3517 tuam,
2380 3452 2448 3506 ad
2474 3452 2805 3522 loquendum
2848 3470 2945 3523 pro
2991 3455 3073 3511 eis
3114 3458 3258 3513 bona
3298 3460 3363 3514 ad
3408 3465 3758 3519 avertendum

2183 3544 2423 3599 furorem
2454 3552 2606 3599 tuum
2647 3546 2719 3600 ab
2738 3547 2839 3601 eis.
2878 3547 2969 3601 21.
3006 3546 3234 3619 Propter
3269 3551 3373 3607 hoc
3401 3551 3470 3608 da
3504 3555 3649 3612 filios
3677 3572 3762 3612 eo-

2184 3651 2306 3689 rum
2336 3637 2387 3689 in
2418 3636 2639 3702 famem,
2686 3646 2739 3693 et
2784 3638 2846 3708 (i)
2879 3654 3147 3712 congrega
3179 3657 3276 3698 eos
3314 3644 3369 3699 in
3400 3661 3633 3703 manum
3665 3650 3762 3721 glao

2185 3728 2279 3781 dii.
2311 3727 2469 3783 Fiant
2495 3743 2694 3785 uxores
2715 3745 2906 3785 eorum
2937 3733 3061 3788 sine
3097 3734 3306 3803 liberis,
3350 3746 3409 3792 et
3452 3739 3636 3796 vidum
3669 3761 3682 3796 :
3716 3752 3767 3797 et

2186 3820 2289 3874 viri
2324 3835 2513 3875 eorum
2542 3821 2651 3875 sint
2690 3822 2854 3877 occisi
2889 3832 3089 3889 morte,
3124 3825 3198 3896 (It)
3233 3835 3288 3881 et
3319 3828 3554 3895 juvenes
3579 3848 3766 3889 eorum

2188 3910 2444 3966 cadentes
2477 3911 2532 3965 in
2568 3911 2750 3982 gladio
2783 3912 2836 3967 in
2869 3913 3033 3969 bello.
3079 3915 3171 3971 22.
3208 3916 3329 3973 Fiat
3353 3920 3569 3976 clamor
3600 3924 3656 3979 in
3682 3928 3768 3981 do-

2188 4002 2367 4057 mibus
2396 4017 2607 4070 eorum;
2636 4006 2703 4073 >ε<
2732 4005 2861 4074 quia
2898 4007 2920 4075 ζ
2953 4006 3192 4065 adduces
3218 4026 3381 4081 super
3412 4028 3513 4070 eos
3538 4016 3766 4073 latrones

2188 4093 2394 4160 subito,
2426 4094 2689 4164 quoniam
2722 4096 2786 4165 (ι)
2814 4095 2918 4151 fuit
2948 4098 3027 4153 eis
3065 4099 3293 4157 verbum
3328 4104 3397 4159 ad
3442 4106 3764 4176 capiendum

2188 4200 2298 4250 me,
2344 4194 2398 4240 ct
2446 4186 2673 4256 laqueos
2718 4188 3048 4245 abdiderunt
3093 4207 3257 4263 super
3300 4210 3410 4251 me.
3455 4196 3554 4253 25.
3600 4198 3663 4254 Et
3690 4210 3760 4267 tu,

2193 4278 2442 4342 Domine,
2464 4279 2664 4334 novisti
2685 4293 2849 4335 omne
2875 4283 3167 4338 consilium
3190 4299 3406 4352 eorum,
3434 4290 3585 4358 quod
3614 4306 3762 4361 super

2192 4384 2281 4423 me
2306 4370 2358 4423 in
2400 4378 2630 4425 mortem
2656 4389 2669 4424 :
2694 4370 2789 4441 (ιη)
2816 4387 2882 4426 ne
2919 4373 3152 4428 mnndes
3193 4374 3518 4446 iniquitates
3560 4394 3760 4445 eorum,

509 4440 634 4525 cere
656 4440 772 4523 eis.
918 4466 985 4522 Et
1023 4468 1101 4537 (α)
1134 4466 1201 4522 ad
1233 4440 1520 4521 summam
1548 4440 1740 4537 lotiuar
1764 4440 1929 4535 super
1956 4480 2089 4534 gen-
2120 4440 2165 4496 Ῑ)
2193 4473 2247 4515 et
2273 4472 2493 4531 peccata
2522 4477 2711 4517 eorum
2742 4440 2812 4517 ab
2831 4472 2958 4518 ante
2976 4465 3171 4520 faciem
3197 4440 3345 4522 tuam
3370 4484 3442 4524 ne
3466 4470 3671 4527 deleas.
3693 4440 3761 4543 (si

512 4570 645 4625 tem,
673 4567 730 4615 et
759 4574 924 4628 super
967 4572 1220 4628 regnum,
1267 4565 1328 4613 ut
1368 4557 1663 4613 mditicetur
1708 4557 1909 4621 denuo,
1946 4563 2090 4611 etut
2193 4550 2314 4607 Fiat
2338 4553 2629 4609 infirmitas
2652 4569 2842 4610 eorum
2872 4570 3057 4611 coram
3085 4564 3135 4612 te
3166 4574 3181 4613 :
3212 4558 3269 4613 in
3301 4567 3552 4631 tempore
3576 4562 3763 4621 furoris

511 4650 787 4720 plantetur
814 4668 829 4706 :
863 4648 953 4705 10.
985 4658 1041 4705 et
1066 4648 1268 4706 facient
1289 4648 1431 4705 mala
1460 4663 1646 4705 coram
1674 4664 1781 4713 me,
1815 4656 1875 4703 ut
1898 4663 1965 4704 ne
1986 4663 2086 4703 au-

509 4744 666 4799 diant
699 4759 888 4801 vocem
929 4758 1110 4801 meam
1141 4760 1159 4798 :
1207 4742 1371 4799 etiam
1396 4743 1479 4816 (π)
1509 4757 1667 4815 agam
1707 4741 2083 4814 paenitentiam

422 4969 450 5007 ’ν
584 4964 653 5034 (e)
676 4962 899 5034 Aurem.
966 4964 984 5029 (

1063 4963 1362 5033 Principes.
1424 4964 1499 5032 (g)
1520 4963 1610 5027 A.,
1633 4972 1686 5016 ct
1709 4961 1995 5016 habitabit.
2026 5030 2036 5033 Α
2065 4960 2249 5033 (Ιι)Α.,
2269 4960 2461 5015 limite.
2492 4959 2577 5026 8.,
2608 4959 2903 5033 profundo.

2191 4643 2272 4699 tui
2300 4643 2385 4698 fac
2409 4644 2464 4698 in
2500 4645 2598 4700 eis.

2262 4735 2417 4792 CAP.
2440 4734 2875 4794 Xlx.——l.'l‘unc
2894 4739 3035 4795 dixit
3056 4739 3325 4799 Dominus
3351 4744 3421 4799 ad
3448 4759 3541 4800 me
3565 4763 3582 4799 :
3607 4743 3763 4809 Vade.

2971 4963 3038 5031 (ἱ)
3061 4961 3152 5028 Α.,
3178 4962 3510 5018 sacrificium
3540 4974 3597 5018 et
3618 4965 3763 5019 obla-

513 5030 740 5106 tionem.
765 5104 770 5106 _
802 5033 871 5106 (It)
898 5030 1350 5106 MANNAjLe'ge,
1368 5030 2359 5106 mdsaaﬂidesisqumradnotavimus
2383 5046 2549 5106 supra
2572 5033 2636 5084 ad
2657 5040 2866 5086 textum
2885 5030 3156 5106 GrgCum.
3180 5032 3407 5104 Drach.]
3483 5034 3548 5103 (ι)
3575 5032 3660 5095 8..
3676 5051 3765 5105 pro

514 5105 693 5160 laude.
753 5102 850 5175 (nt)
873 5102 1420 5175 ᾼΜΦΟΔΑζριᾱιεαε.
1442 5104 1643 5175 Α.,8.,
1670 5102 1890 5175 palatia.

496 5243 716 5305 .subito.
752 5243 836 5306 8.,
863 5243 1067 5315 statim.
1144 5248 1222 5315 (π)
1274 5248 1360 5310 Α.,
1394 5243 1763 5315 acquiescam.

831 5100 1420 5185 )4M?OAA,_plriteas.
1442 5104 1643 5185 A.,\S.,
1670 5100 1890 5185 palatia.
1921 5173 1935 5185 ‘
1956 5104 2032 5185 gn)
2054 5123 2071 5155 λ

2179 5102 2339 5185 liguli.
2413 5100 2604 5185 (o)_'A.,
2629 5117 2793 5185 super
2814 5111 2954 5185 rota.
2975 5100 3062 5185 8.,
3086 5117 3257 5183 super
3271 5100 3501 5173 organo.
3529 5100 3658 5185 χω)

517 5176 686 5257 ﬁguli.
752 5170 1041 5299 gqj'Aqin
1072 5170 1246 5230 oculis
1269 5176 1407 5243 ejus.
1490 5174 1558 5255 (r)
1588 5170 1687 5237 Α.,“
1734 5171 1816 5236 8.,
1852 5170 2055 5228 subito.

517 5251 716 5299 subito.
795 5252 1067 5299 ..stamn.
1144 5248 1222 5299 (xl
1274 5248 1360 5299 A..
1394 5259 1763 5299 acnmescam.
1841 5244 1915 5299 (υἱ
1958 5246 2049 5299 Α..

2186 5170 2323 5240 [Λά
2369 5170 2783 5228 eradicaudum.
2864 5174 2926 5240 (t)
2975 5172 3065 5234 A.,
3101 5170 3475 5241 acquiescam.
3553 5170 3638 5243 (ii)
3680 5176 3761 5235 Α..

2179 5253 2309 5297 secta
2340 5257 2487 5299 sues.
2532 5241 2659 5299 quia
2709 5252 2834 5299 post
2861 5242 3223 5299 coaitationes
3254 5253 3491 5298 nostras.
3572 5245 3648 5299 (si
3680 5248 3761 5299 Α..

795 5284 836 5306 .,
863 5244 1067 5313 statim.
1144 5248 1222 5313 (π)
1274 5248 1360 5310 Α.,
1394 5244 1763 5313 acquiescam.
1841 5244 1915 5313 (ξι)
1958 5246 2049 5307 Α.,
2103 5253 2309 5313 resecta
2340 5257 2487 5310 spes,
2532 5244 2669 5313 quia,
2709 5252 2834 5313 post
2861 5244 3223 5313 cogitationes
3254 5253 3491 5313 nostras.

3572 5245 3648 5312 (ι)
3680 5248 3761 5309 Α..

517 5317 950 5386 perversitatem.
1029 5312 1127 5386 (_a)_
1147 5312 1236 5380 λζ,
1273 5330 1402 5369 num
1430 5312 1837 5386 derelittquetur
1859 5312 2126 5386 a'Libano
2149 5312 2597 5386 furtisutl'eetura
2622 5312 2757 5386 nis?
2784 5313 2829 5366 si
2855 5312 3108 5386 delicicnt
3131 5327 3286 5381 aqum
3316 5312 3512 5386 alienae
3540 5312 3759 5386 frigida,

516 5381 744 5441 iluentes
768 5384 1065 5453 deorsum?
1089 5381 1173 5448 8.,
1204 5401 1331 5439 num
1357 5384 1569 5440 deﬁciet
1594 5398 1624 5438 a
1655 5381 1805 5453 petra
1840 5384 2073 5438 uberum
2110 5382 2205 5453 nix_
2233 5381 2460 5436 Libani?
2487 5389 2581 5435 aut
2601 5382 2857 5436 tollentur
2886 5382 2986 5453 rivi
3018 5396 3283 5453 aquarum
3327 5381 3638 5438 alienat-uni
3671 5384 3761 5437 fri-

516 5456 807 5526 gidarttm?

518 5744 632 5789 tua.

881 5455 958 5526 (ὁ)
1001 5452 1086 5526 8.,
1131 5462 1185 5509 et
1218 5455 1518 5526 impingent
1560 5455 1613 5526 in
1650 5451 1754 5526 viis
1794 5454 1929 5526 suis,
1972 5455 2026 5507 in
2075 5451 2286 5526 semitis
2327 5452 2673 5526 sempiternis
2708 5453 2774 5505 ad
2819 5451 3080 5508 eundum.

516 5522 817 5582 orientalis.
894 5522 981 5595 (ά).
1002 5525 1093 5589 Λ.,
1124 5522 1367 5595 dorsum.
1397 5522 1417 5526 ⁷
1446 5525 1514 5594 (e)
1550 5525 1640 5592 Α.,
1679 5523 1763 5592 8.,
1788 5524 2051 5594 sapiente.

2179 5523 2197 5593 ')
2230 5524 2319 5595 Α..
2340 5523 2798 5595 _adversari0rum
2841 5537 3105 5577 meorum.

519 5596 730 5651 foveam
758 5593 960 5651 animm
981 5610 1135 5665 meae.
1169 5593 1252 5658 S.,
1281 5596 1405 5665 quia
1436 5593 1690 5651 foderunt
1718 5593 2147 5664 corruptionem.

516 5666 582 5735 (ι)
612 5666 700 5733 A.,
729 5665 986 5724 foderunt
1006 5664 1241 5733 foveam,
1285 5663 1535 5737 subigent
1568 5682 1672 5721 ure.
1755 5666 1850 5738 (γη)
1882 5663 1973 5735 Α.,
2022 5682 2088 5722 ne
2126 5663 2312 5737 capies
2353 5664 2695 5734 iniquitatem
2739 5678 2953 5720 eorum.
3032 5663 3109 5733 (η)

3159 5450 3230 5521 (c)
3262 5452 3354 5515 Α..
3396 5453 3546 5507 sicut
3582 5465 3762 5508 ventus

3185 5522 3261 5592 (9)
3298 5525 3391 5585 Α..
3417 5534 3475 5577 et
3517 5522 3762 5578 foderunt

2228 5594 2303 5675 ψ)
2340 5591 2537 5675 Verba.
2598 5595 2681 5675 (ἱ)
2705 5593 2795 5659 Α.,
2830 5603 3135 5675 prosterne.
3167 5591 3409 5675 ,⁷(ιι)·Α.,
3436 5603 3493 5647 et
3518 5595 3697 5675 electi.

3146 5665 3236 5726 Α.,
3265 5664 3375 5719 sint
3409 5678 3601 5719 coram
3633 5663 3763 5719 facis
