3902 6544
217 401 359 462 2537

1377 433 1382 440 -
1446 397 1762 454 JEREMIIE
1804 395 2028 455 CAPUT
2083 395 2264 451 XXIII.

3355 401 3500 458 2558
3556 387 3564 394 ’

221 524 342 579 (:ula
363 521 766 593 rel‘rigeratoria
790 519 861 591 (ε)
885 519 1139 576 distincta
1163 516 1440 582 fenestris,
1469 525 1524 572 et
1543 517 1804 571 demensa
1835 519 1881 576 Α
1910 512 2100 570 Scribe
2134 515 2205 584 (r)
2237 516 2416 569 virum
2450 517 2616 582 hunc,
2652 515 2930 573 hominem
2974 521 3398 591 proclamatum,
3431 540 3495 581 -ι-

218 614 274 667 in
303 613 491 675 cedro,
536 621 592 666 et
616 611 771 665 Iinita
806 609 1076 680 sinopide.
1113 607 1202 662 15.
1238 605 1381 662 Num
1407 607 1687 677 regnabis,
1727 607 1808 677 (ά)

217 704 348 773 quia
373 712 430 757 tu
465 704 640 758 iratus
667 718 727 759 es
756 703 811 756 in
843 702 992 756 Abaz
1021 716 1186 770 super
1223 711 1378 771 patre
1403 701 1536 756 tuo?
1568 715 1676 754 non
1717 716 1810 754 co-

218 796 464 860 medent,
499 809 678 864 neque
731 795 952 848 bibent:
984 802 1040 847 et
1070 793 1249 848 facere
1278 793 1544 864 judicium
1580 791 1812 862 etjusti-

217 888 355 940 tiam
396 889 465 954 )θ(
512 886 582 956 (e)
609 895 740 940 tunc
786 887 809 954 1
849 897 912 940 σθ-
942 885 1146 938 bonum
1171 900 1278 938 non
1308 884 1460 939 novit
1489 885 1535 954 1.
1576 883 1660 938 16.
1691 881 1808 937 Non

214 977 486 1048 judicavit
509 978 776 1048 judicium
802 976 1082 1045 pauperis.
1116 975 1501 1045 necjudicium
1537 976 1716 1044 egeni,
1742 977 1810 1044 χ

217 1081 357 1126 tunc
391 1071 593 1124 bonum
621 1071 668 1123 ei
706 1071 754 1138 1.
791 1067 982 1121 Nonne
1012 1068 1116 1123 hoc
1162 1078 1265 1131 est,
1317 1069 1462 1137 quod
1519 1075 1813 1137 cognoscet

219 1176 332 1224 me,
387 1160 522 1214 dicit
567 1158 863 1214 Dominus?
903 1158 988 1211 17.
1026 1157 1161 1212 Ecce
1206 1173 1313 1211 non
1347 1168 1474 1213 sunt
1518 1159 1663 1212 oculi
1707 1158 1809 1222 tui,

217 1266 402 1320 neque
428 1266 522 1306 cor
547 1259 700 1303 tuum
729 1262 790 1304 οξ-
822 1249 1024 1302 bonum
1060 1249 1105 1316 1,
1140 1250 1231 1304 sed
1261 1249 1312 1301 in
1340 1249 1811 1302 defraudationem

220 1348 399 1405 tuam,
436 1349 488 1393 et
519 1339 573 1392 in
595 1337 916 1406 sanguinem
951 1336 1317 1399 innocentem,
1341 1337 1407 1390 ad
1426 1335 1812 1391 effundendum

221 1448 374 1494 eum,
411 1431 477 1502 (r)
519 1438 572 1485 et
606 1430 659 1483 in
694 1429 1062 1498 iniquitatem,
1097 1435 1152 1481 et
1204 1428 1257 1480 in
1303 1427 1570 1493 dolorem,
1623 1428 1691 1482 ad
1733 1428 1814 1482 fa-

223 1523 516 1579 ciendum.
549 1521 637 1574 18.
667 1518 898 1589 Pr0pter
924 1518 1028 1572 hoc
1057 1519 1171 1571 haec
1192 1517 1326 1571 dicit
1351 1516 1615 1573 Dominus
1650 1533 1816 1587 super

221 1613 437 1670 Joacim
476 1612 647 1666 lilium
682 1609 846 1665 Josia:
885 1624 1066 1678 regem
1101 1605 1282 1662 Iudae:
1318 1611 1384 1675 >κ
1413 1607 1529 1661 Νοη
1559 1608 1816 1678 plangent

226 1708 301 1774 (ς)
332 1719 494 1759 eum:
546 1701 636 1757 Va:
665 1701 818 1766 mihi,
854 1699 1021 1753 frater
1054 1699 1152 1765 mi,
1183 1699 1346 1752 etiam
1396 1714 1477 1752 va:
1511 1698 1666 1764 mihi,
1703 1697 1815 1752 fra-

225 1809 310 1852 ter
347 1795 426 1849 mi
464 1797 513 1864 1.
565 1791 682 1847 Non
737 1793 995 1862 plangent
1045 1805 1192 1856 eum,
1229 1787 1318 1843 Va:
1357 1790 1512 1852 mihi,
1563 1791 1809 1851 Domine,

1913 607 2041 674 quia
2078 607 2102 675 1
2155 609 2223 674 ὴ(
2252 621 2370 660 non:
2412 619 2622 664 crescet
2658 610 2680 678 1
2733 625 2803 664 ex
2857 613 3064 667 semine
3104 613 3223 683 ejus
3249 615 3352 684 vir,
3402 617 3498 686 qui

1913 699 2098 754 sedeat
2116 715 2278 769 super
2296 699 2433 754 solio
2457 699 2696 764 Davidis,
2724 703 2976 773 princeps
2995 704 3229 774 amplius
3255 705 3310 760 in
3334 703 3495 761 Iuda.

1981 791 2114 860 Cap.
2149 789 2336 845 XXIII.
2358 783 2425 833 -°—-
2448 793 2498 845 I.
2540 792 2583 846 Ο
2608 803 2874 862 pastores,
2929 794 3024 864 qui
3059 796 3309 864 perditis,
3343 807 3396 851 et
3422 796 3501 852 di-

1912 882 2168 951 spergitis
2191 897 2318 936 oves
2355 884 2544 951 pascui
2604 885 2728 948 mei,
2773 888 2838 952 Β(
2880 886 3012 939 dicit
3057 885 3323 943 Dominus
3352 889 3400 956 1.
3435 887 3493 941 Ω.

1913 969 2144 1040 PrOpter
2173 970 2276 1026 hoc
2312 971 2426 1025 haec
2457 973 2589 1026 dicit
2615 973 2872 1030 Dominus
2915 977 2981 1044 Χ
3017 975 3159 1031 Deus
3205 976 3422 1033 lsraelis
3471 981 3494 1048 1

1913 1074 2078 1128 super
2111 1060 2445 1128 pastoribus,
2471 1063 2562 1130 qui
2594 1072 2832 1130 pascunt
2857 1065 3114 1132 populum
3135 1081 3318 1120 meum
3343 1081 3355 1117 :
3383 1063 3497 1120 Vos

1913 1148 2256 1218 dispersistis
2283 1165 2414 1205 oves
2443 1167 2612 1216 meas,
2655 1153 2724 1224 (δ)
2758 1163 2812 1208 et
2844 1155 3130 1223 expulistis
3155 1172 3266 1223 eas,
3304 1167 3362 1211 et
3387 1173 3494 1210 non

1913 1241 2180 1296 visitastis
2211 1257 2325 1298 eas.
2357 1241 2496 1297 Ecce
2535 1260 2635 1313 ego
2688 1246 2924 1300 ulciscar
2957 1261 3121 1316 super
3149 1261 3247 1304 vos
3298 1262 3496 1302 secun-

1916 1333 2045 1387 dum
2081 1335 2259 1389 studia
2293 1343 2472 1389 vestra
2506 1337 2669 1398 mala,
2697 1339 2765 1402 Χ
2790 1337 2922 1390 dicit
2958 1335 3221 1392 Dominus
3253 1339 3298 1407 1:
3333 1337 3386 1391 '5.
3427 1335 3495 1407 (t)

1913 1436 1970 1482 et
2005 1429 2170 1483 etiam
2201 1443 2302 1499 ego
2330 1427 2586 1497 recipiam
2620 1428 2870 1482 residuos
2899 1427 3086 1496 populi
3121 1427 3224 1482 mei
3249 1443 3315 1482 ex
3341 1428 3493 1482 omni

1915 1528 2080 1582 terra,
2123 1519 2200 1590 (ιι)
2232 1534 2341 1588 quo
2395 1518 2575 1588 expuli
2619 1531 2715 1572 eos
2755 1517 2918 1570 illuc:
2954 1528 3008 1572 et
3041 1517 3371 1573 constituam
3402 1533 3499 1574 eos

1918 1610 1996 1679 (π)
2032 1610 2085 1662 ἰη
2116 1618 2395 1679 pascuum
2431 1623 2643 1672 eorum,
2681 1616 2735 1660 et
2774 1616 3044 1674 crescent,
3073 1617 3128 1662 et
3172 1607 3501 1678 multiplica-

1917 1701 2145 1755 buntur.
2182 1700 2234 1753 4.
2267 1699 2334 1753 Ει
2371 1698 2700 1754 constituam
2733 1699 2810 1753 eis
2839 1708 3112 1768 pastores,
3147 1701 3238 1769 qui
3273 1705 3501 1770 poscent

1918 1805 2049 1845 eos:
2098 1798 2276 1843 etnon
2309 1787 2574 1842 timebunt
2620 1787 2871 1853 amplius,
2907 1803 3082 1856 neque
3105 1784 3399 1857 parebunt,
3431 1789 3500 1859 ἒ(

224 1885 392 1939 etiam
429 1858 511 1937 va:
561 1881 714 1946 mihi,
738 1858 837 1951 -(h)
864 1858 1035 1935 frater
1069 1880 1162 1934 mi.
1220 1880 1306 1934 I9.
1356 1878 1622 1948 Sepulcro
1664 1881 1809 1961 asini
1844 1858 1884 1912 Β
1915 1896 2090 1950 neque
2122 1882 2196 1950 (y)
2247 1879 2553 1933 invisentur
2586 1878 2634 1946 1,
2666 1879 2800 1932 dicit
2823 1880 3109 1934 Dominus.
3142 1880 3197 1935 5.
3219 1879 3355 1934 Ecce
3377 1858 3498 1936 dies

225 1970 565 2042 sepelietur:
617 1968 678 2040 (ἱ)
721 1969 1013 2024 confossus
1058 1968 1380 2038 projicietur
1415 1969 1555 2022 ultra
1599 1978 1811 2037 portam

225 2061 556 2118 Jerusalem.
589 2061 682 2116 ει).
715 2059 964 2115 Ascende
996 2059 1049 2113 in
1087 2058 1379 2124 Libanum,
1414 2067 1468 2114 et
1500 2060 1671 2113 clama
1698 2076 1724 2134 :_
1760 2069 1814 2115 et

227 2156 285 2208 in
322 2153 500 2209 Basan
531 2153 598 2206 da
631 2166 816 2207 vocem
853 2159 1022 2214 tuam,
1054 2161 1108 2204 et
1145 2151 1391 2204 exclama
1443 2161 1592 2204 trans
1623 2167 1809 2217 mare;

228 2248 359 2316 quia
392 2245 614 2300 cootriti
655 2251 786 2298 sunt
829 2258 1022 2297 omnes
1064 2251 1336 2297 amatores
1373 2243 1472 2296 tui.
1505 2242 1598 2296 21.
1639 2242 1814 2297 Locu-

227 2345 324 2390 tus
359 2349 482 2389 sum
530 2332 594 2386 ad
637 2332 770 2387 tein
804 2329 878 2400 (Ic)
915 2331 1159 2400 lapsibus
1187 2331 1317 2396 tuis,
1356 2341 1410 2386 et
1439 2332 1661 2387 dixisti:
1693 2331 1810 2387 Non

230 2427 475 2482 audiam.
509 2425 636 2480 Haec
668 2426 753 2479 via
808 2433 900 2480 tua
935 2425 1004 2478 ab
1031 2423 1398 2479 adolescentia
1445 2433 1558 2490 tua,
1593 2425 1655 2494 (ι)
1703 2440 1814 2478 non

229 2519 435 2573 audisti
463 2531 650 2570 vocem
676 2531 877 2571 meam.
905 2516 995 2569 22.
1021 2515 1224 2570 Omnes
1269 2514 1364 2586 (m)
1396 2525 1647 2585 pastores
1689 2525 1814 2572 tuos

230 2618 425 2680 pascet
453 2617 689 2662 ventus:
723 2608 778 2663 et
803 2615 1080 2663 amatores
1121 2611 1199 2662 tui
1225 2621 1287 2662 -ιο
1317 2623 1509 2662 omnes
1539 2608 1561 2676 1
1595 2609 1648 2662 in
1686 2625 1815 2679 cap-

233 2703 502 2757 tivitatem
531 2701 605 2771 (n)
635 2700 863 2754 abibunt
889 2717 903 2753 :
941 2699 1066 2769 quia
1102 2710 1234 2754 tunc
1259 2699 1572 2763 erubesces,
1599 2710 1654 2754 et
1687 2715 1818 2754 con-

232 2791 498 2845 temneris
531 2790 600 2843 ab
632 2789 890 2843 omnibus
921 2788 1234 2842 amantibus
1256 2800 1326 2842 te.
1381 2788 1471 2842 23.
1506 2787 1640 2854 Quae
1670 2789 1820 2842 habi-

231 2887 319 2934 tas
355 2879 408 2931 in
463 2877 690 2943 Libano,
725 2891 848 2946 quae
897 2877 1148 2931 nidificas
1193 2877 1246 2930 in
1271 2877 1472 2940 cedris,
1525 2880 1590 2946 Χ
1626 2879 1752 2948 quid
1790 2878 1812 2945 1

233 2969 592 3040 ingemisees,
632 2985 756 3023 cum
802 2968 1052 3023 venerint
1092 2967 1186 3022 tibi
1222 2967 1294 3039 (0)
1330 2968 1563 3032 dolores,
1597 2971 1818 3024 dolores

230 3070 293 3115 ut
323 3058 718 3130 parientis”.
746 3059 883 3112 Vivo
912 3057 1184 3128 ego,dicit
1217 3057 1515 3113 Dominus:
1541 3059 1585 3114 si
1613 3061 1680 3128 Ἀ(
1708 3058 1819 3113 fac-

233 3162 325 3206 tus
353 3153 376 3221 1
403 3147 842 3205 fueritJecbonia
874 3149 1016 3204 tilius
1040 3148 1247 3204 Joacim
1276 3155 1368 3204 rex
1404 3149 1556 3205 Judze
1584 3151 1818 3204 annulus

233 3258 404 3312 super
423 3257 586 3296 manu
609 3241 800 3296 dextra
823 3243 1042 3310 mea,}(
1066 3242 1191 3309 quia
1219 3241 1384 3308 1inde
1400 3243 1623 3297 evellam
1645 3241 1816 3306 teﬂii.

232 3345 288 3390 et
329 3335 542 3390 tradam
581 3334 709 3402 tefin
745 3349 939 3388 manus
962 3335 1322 3405 quaerentium
1359 3335 1597 3389 animam
1645 3345 1818 3400 tuam,

237 3431 307 3495 Χ
341 3426 475 3480 etin
504 3441 702 3480 manus
735 3427 756 3495 1
795 3439 1006 3489 eorum,
1046 3441 1281 3494 quorum
1307 3424 1591 3480 erubescis
1626 3443 1655 3480 a
1686 3425 1823 3482 facie

231 3533 470 3572 eorum:
516 3519 654 3585 Xet
701 3518 755 3569 in
804 3531 1026 3569 manum
1074 3515 1634 3572 Nahucbodonosoris
1680 3518 1823 3588 regis

235 3609 553 3681 Babylonis.
586 3619 642 3664 et
671 3610 694 3678 1
732 3609 786 3661 in
819 3623 1016 3662 manus
1049 3608 1427 3662 Chaldworum
1454 3625 1466 3661 :
1494 3609 1582 3663 26.
1615 3619 1668 3664 et
1697 3625 1824 3678 pro-

231 3702 428 3771 jiciam
508 3712 600 3762 te,
655 3709 709 3753 et
759 3709 990 3753 matrem
1049 3708 1242 3763 tuam,
1291 3716 1413 3769 qua:
1473 3701 1683 3770 peperit
1737 3710 1820 3766 te,

234 3795 290 3846 in
353 3803 555 3847 terram
608 3795 672 3860 )t(
730 3791 1018 3858 alienam1
1077 3791 1167 3843 ubi
1227 3807 1333 3845 non
1400 3799 1560 3845 natus
1606 3807 1664 3845 es
1713 3791 1820 3845 ibi:

232 3892 293 3938 et
359 3885 433 3937 ibi
487 3883 845 3938 moriemini:
903 3883 994 3935 27.
1067 3882 1118 3936 in
1177 3889 1376 3937 terram
1432 3896 1561 3936 vero
1598 3922 1612 3947 ,
1658 3898 1822 3950 quam

234 3975 344 4044 ipsi
423 3973 496 4045 tp)
559 3980 853 4043 precantur
920 3973 1210 4027 animabus
1273 3971 1390 4026 suis
1463 3975 1530 4038 Χ
1589 3970 1655 4024 ad
1735 3986 1825 4025 re--

243 4066 569 4118 vertendum
633 4064 654 4131 1
711 4063 886 4129 illuc,
958 4061 1089 4116 illuc
1153 4076 1258 4114 non
1327 4069 1688 4114 revertentur.
1754 4060 1825 4114 28

238 4159 312 4222 >ῑ<
351 4158 426 4223 (q)
476 4153 551 4208 Os
597 4153 914 4222 reprobum,
947 4167 1239 4206 excussum
1274 4151 1339 4219 1:
1378 4160 1690 4206 contemtus
1741 4160 1826 4206 est

237 4245 328 4298 hic
353 4243 642 4307 Jechonia,
673 4253 730 4296 ut
761 4259 875 4303 vas,
903 4244 1049 4312 quod
1097 4258 1202 4296 non
1244 4245 1311 4308 >.<
1339 4241 1468 4295 utile
1497 4249 1619 4296 est:
1656 4256 1827 4310 quare

231 4333 458 4389 eﬂ'usus'
476 4341 560 4387 est
585 4334 718 4402 ipse,
753 4340 807 4386 et
838 4346 1024 4386 semen
1049 4331 1170 4399 ejus
1205 4331 1257 4399 1:
1290 4340 1344 4385 et
1372 4331 1826 4385 extulerunteum

240 4426 298 4479 in
324 4433 551 4487 terram,
588 4437 753 4492 quam
777 4437 882 4476 non
903 4421 1076 4477 novit.
1104 4421 1196 4476 29.
1233 4421 1426 4484 Terra,
1449 4431 1616 4485 terra,
1655 4430 1824 4487 terra,

1913 1973 2160 2037 veniunt,
2185 1971 2317 2026 dicit
2356 1969 2640 2031 Dominus,
2677 1979 2732 2024 et
2759 1970 3011 2024 excitabo
3044 1969 3232 2026 Davldi
3267 1971 3338 2041 (ι)
3376 1986 3500 2041 ger-

1911 2079 2036 2118 men
2062 2064 2302 2131 justum:
2341 2069 2393 2114 et
2423 2060 2670 2130 regnabit
2699 2076 2816 2125 rex,
2845 2069 2899 2114 et
2928 2059 3206 2130 intelliget,
3232 2071 3284 2116 et
3336 2061 3500 2117 faciet

1907 2153 2201 2222 judicium,
2259 2160 2311 2204 et
2351 2151 2622 2219 justitiam
2659 2165 2825 2219 super
2859 2159 3024 2205 terra.
3089 2150 3144 2204 6.
3191 2149 3249 2204 In
3305 2151 3500 2206 diebus

1915 2244 2035 2312 ejus
2063 2243 2364 2298 salvabitur
2394 2241 2557 2304 Juda,
2595 2251 2647 2295 et
2678 2240 2841 2295 Israel
2890 2241 3161 2297 habitabit
3189 2242 3498 2299 confidens.

1919 2331 1982 2385 Et
2015 2333 2118 2386 hoc
2145 2347 2341 2386 nomen
2375 2331 2516 2402 ejus,
2546 2331 2691 2400 quod
2719 2332 2939 2386 vocabit
2969 2348 3092 2386 eum
3128 2333 3391 2388 Dominus
3421 2333 3498 2403 (α)

1914 2418 2163 2476 Josedec.
2203 2420 2278 2491 (ὸ)
2310 2435 2372 2476 -ε-
2425 2420 2482 2473 In
2516 2421 2800 2491 prophetis
2835 2423 2881 2490 1.
2921 2423 2973 2475 7.
3027 2424 3092 2490 κ(
3136 2422 3364 2493 Propter
3393 2423 3502 2479 hoc

1915 2527 2046 2566 ecce
2107 2513 2247 2576 dies,
2279 2512 2411 2566 dicit
2440 2511 2727 2576 Dominus,
2771 2522 2824 2567 et
2870 2527 2976 2566 non
3030 2515 3209 2583 dicent
3242 2515 3496 2584 amplius,

1919 2603 2064 2658 Vivit
2093 2604 2379 2669 Dominus,
2407 2604 2498 2674 qui
2529 2603 2718 2658 eduxit
2746 2605 2970 2658 domum
3004 2603 3216 2663 Israelis
3258 2622 3324 2660 ex
3352 2616 3498 2662 terra

1919 2697 2174 2768 Egypti;
2209 2697 2263 2750 8.
2298 2697 2394 2752 sed
2443 2698 2577 2752 vivit
2631 2697 2918 2764 Dominus,
2946 2700 3039 2769 qui
3082 2701 3290 2765 eduxit,
3342 2701 3413 2772 (ε)
3445 2714 3502 2761 et

1919 2789 2310 2860 congregavit1
2343 2803 2404 2844 σι-
2440 2803 2603 2844 omne
2638 2790 2662 2860 1
2698 2792 2766 2858 χ
2791 2805 2975 2845 semen
3008 2789 3085 2863 (ἀ)
3111 2792 3308 2849 domus
3331 2794 3502 2851 Israe-

1919 2879 1986 2932 Iis
2023 2895 2087 2934 ex
2126 2887 2267 2933 terra
2320 2879 2618 2948 aquilonis,
2653 2888 2708 2935 et
2757 2895 2824 2934 ex
2871 2882 3126 2936 omnibus
3161 2883 3498 2953 regionibus,

1920 2985 2028 3040 quo
2080 2970 2360 3040 expulerat
2388 2985 2481 3024 eos
2531 2969 2681 3033 illuc,
2710 2968 2780 3040 (e)
2811 2977 2864 3023 ct
2897 2970 3136 3025 restituit
3175 2986 3270 3027 eos
3294 2973 3349 3026 in
3389 2981 3501 3028 ter.

1920 3076 2037 3114 ram
2077 3075 2287 3114 eorum.
2321 3060 2388 3131 (ι’)
2425 3060 2600 3130 Super
2633 3061 2911 3131 prophetis
2941 3062 2964 3131 1
2999 3062 3054 3118 9.
3091 3065 3385 3118 contritum
3416 3075 3503 3122 est

1923 3166 2018 3206 cor
2047 3167 2229 3206 meum
2256 3153 2308 3207 in
2343 3167 2461 3207 me:
2493 3163 2766 3208 commota
2809 3161 2936 3208 sunt
2961 3155 3145 3210 omnia
3175 3170 3304 3212 ossa
3341 3172 3496 3212 mea:

1925 3243 2100 3298 factus
2153 3259 2274 3299 sum
2324 3244 2464 3299 sicut
2510 3245 2594 3300 vir
2637 3245 2928 3309 contritus,
2985 3255 3038 3302 et
3066 3247 3140 3319 (g)
3169 3248 3312 3303 sicut
3341 3251 3503 3305 homo

1923 3341 2116 3402 captus
2171 3348 2202 3386 a
2237 3333 2365 3387 vino
2409 3335 2478 3387 ab
2509 3344 2634 3389 ante
2675 3335 2867 3390 faciem
2901 3335 3136 3402 Domini,
3169 3347 3224 3392 et
3263 3339 3332 3392 ab
3379 3349 3504 3394 ante

1905 3423 2120 3475 'Iaciem
2156 3423 2234 3491 (Ii)
2261 3424 2472 3492 pulchri
2497 3424 2710 3480 decoris
2738 3426 2926 3496 gioria:
2951 3427 3105 3496 ejus:
3136 3426 3224 3482 10.
3258 3429 3325 3496 )t(
3356 3431 3503 3498 quod

1925 3513 2185 3568 adulteris
2211 3515 2430 3583 impleta
2471 3524 2554 3569 est
2582 3521 2723 3570 terra
2761 3516 2784 3584 1
2816 3535 2830 3583 ;
2863 3519 2993 3586 quia
3047 3520 3115 3573 ab
3160 3529 3285 3576 ante
3306 3519 3505 3576 faciem

1926 3606 1986 3676 (i)
2011 3607 2444 3675 juramentorum
2478 3607 2615 3661 luxit
2646 3617 2810 3671 terra,
2837 3620 3166 3666 exaruerunt
3201 3612 3272 3681 (Ir)
3303 3627 3505 3681 pascua

1924 3697 2125 3752 deserti
2151 3716 2164 3750 :
2194 3705 2247 3752 et
2269 3697 2442 3752 factus
2465 3706 2548 3752 est
2580 3713 2776 3753 cursus
2806 3715 2996 3754 eorum
3033 3703 3231 3763 malus.
3259 3711 3314 3756 et
3345 3702 3506 3756 forti-

1926 3787 2059 3841 tudo
2087 3803 2274 3841 eorum
2314 3804 2421 3842 non
2456 3788 2557 3843 sic.
2591 3789 2678 3842 It.
2711 3790 2847 3852 Quia
2876 3791 3139 3858 propheta
3169 3801 3221 3846 et
3246 3792 3504 3847 sacerdos

1928 3878 1991 3948 (ι)
2022 3878 2210 3946 polluti
2236 3887 2382 3943 sunt,
2413 3888 2466 3932 et
2502 3879 2555 3932 in
2596 3879 2760 3933 domo
2787 3895 2904 3933 mea
2935 3881 3029 3949 (m)
3065 3882 3242 3935 inveni
3269 3882 3504 3937 malitias

1928 3982 2140 4031 eorum,
2177 3971 2244 4034 λ(
2272 3967 2404 4021 dicit
2426 3966 2689 4022 Dominus
2717 3971 2762 4037 1.
2801 3969 2887 4021 1‘2.
2925 3968 3281 4037 Propter’hoc
3309 3975 3379 4024 sit
3413 3971 3501 4024 via

1928 4074 2116 4114 eorum
2140 4061 2220 4114 eis
2251 4060 2304 4112 in
2343 4059 2612 4114 lubricum
2640 4061 2694 4113 in
2725 4061 2976 4130 caligine,
2997 4069 3052 4114 et
3082 4061 3506 4130 supplantabuu-

1929 4158 2038 4217 tur,
2063 4160 2115 4206 et
2145 4151 2340 4204 cadent
2363 4150 2418 4202 in
2451 4165 2515 4204 ea
2541 4167 2554 4202 :
2588 4149 2716 4218 quia
2748 4151 3014 4205 adducam
3043 4167 3206 4221 super
3236 4167 3332 4207 eos
3363 4153 3502 4207 mala

1928 4242 1984 4296 in
2017 4256 2162 4296 anno
2209 4241 2540 4296 visitationis
2590 4256 2802 4309 eorum,
2844 4241 2978 4296 dicit
3005 4240 3291 4298 Dominus.
3324 4243 3409 4297 15.
3441 4243 3506 4297 Et

1930 4334 1984 4388 in
2024 4333 2302 4403 prophetis
2333 4331 2597 4387 Samariat
2622 4333 2732 4387 vidi
2772 4333 2848 4403 (η)
2878 4333 3216 4403 iniquitates,
3264 4334 3338 4404 (ο)
3371 4349 3505 4403 pro-

1929 4425 2225 4494 phetarunt
2261 4438 2356 4493 per
2378 4421 2528 4487 Baal,
2562 4431 2614 4477 et
2657 4423 2991 4478 seduxerunt
3021 4424 3280 4493 populum
3322 4441 3502 4480 meum

242 4516 375 4571 audi
425 4515 648 4570 verbum
680 4513 914 4568 Domini.
945 4513 1032 4567 30.
1070 4515 1139 4581 >ε<
1162 4511 1287 4568 Haec
1319 4513 1453 4567 dicit
1483 4513 1746 4569 Dominus
1777 4516 1825 4584 1:
1862 4531 1906 4586 ι)
1936 4515 2117 4570 Israel.
2153 4515 2239 4567 M.
2295 4513 2362 4567 Et
2395 4515 2448 4568 in
2478 4515 2758 4586 prophetis
2792 4514 3093 4570 Jerusalem
3134 4515 3242 4570 vidi
3268 4515 3345 4587 (ρ)
3377 4516 3506 4573 bor-

313 4743 384 4813 (c)
423 4744 511 4808 A.,
537 4751 592 4798 et
621 4743 711 4813 qui
743 4742 976 4813 perfodit
1005 4745 1054 4799 ei
1088 4744 1376 4813 fenestras,
1404 4757 1457 4800 et
1488 4756 1685 4802 tectum
1725 4746 1970 4808 cedrum,
1998 4757 2052 4801 et
2087 4747 2243 4813 ungit
2286 4745 2556 4814 sinopide.
2604 4744 2739 4798 Num
2776 4745 3047 4814 regnabis,
3094 4746 3221 4814 quia
3273 4755 3327 4799 tu
3358 4747 3505 4801 litem

236 4829 427 4885 moves
456 4815 617 4867 cedro
645 4815 958 4885 patristui?
1005 4814 1197 4869 Nonne
1221 4819 1354 4877 edit,
1385 4825 1435 4869 et
1471 4818 1623 4880 bibit,
1654 4827 1706 4868 et
1734 4818 1858 4871 fecit
1881 4818 2185 4885 judicium?

2260 4817 2334 4884 (d)
2370 4816 2454 4877 8.,
2495 4816 2622 4883 quia
2651 4830 2811 4868 vocas
2842 4815 2906 4867 ad
2938 4814 3157 4868 cedrum
3194 4818 3363 4885 patris
3391 4820 3510 4874 tui?

237 4882 407 4958 Num_
434 4898 541 4936 non
581 4886 710 4948 edit,
742 4893 796 4937 et
812 4884 980 4958 bibit,
1014 4896 1067 4939 et
1097 4884 1222 4958 fecit
1252 4886 1561 4954 judicium?
1608 4888 1711 4958 te),
1744 4887 1834 4958 Α..
1867 4882 2224 4958 tuncbouutn
2255 4882 2349 4939 ei:
2377 4882 2642 4958 judicavit
2667 4885 2925 4958 judicium
2957 4882 3212 4958 pauperis
3243 4896 3299 4941 et
3331 4890 3506 4958 egeni,

237 4963 372 5025 tunc
397 4953 598 5025 bonum
634 4964 750 5006 erat
777 4953 847 5008 ei.
901 4951 984 5016 S.,
1022 4963 1150 5009 tunc
1180 4951 1380 5010 bonum
1411 4967 1530 5010 erat
1572 4957 1620 5010 ei
1657 4951 1959 5024 :judicavit
1997 4956 2266 5025 judicium
2301 4951 2640 5025 pauperis-Aet
2686 4955 2862 5025 egeni,
2901 4951 3261 5025 tuitcrliouunt
3293 4951 3412 5011 erit
3432 4951 3504 5011 ei.

237 5024 306 5092 (t)
337 5023 426 5096 ᾼ..
453 5021 543 5096 _S.,
589 5032 643 5076 et
679 5038 848 5096 _s_up_er
895 5027 1328 5092 oppressionem,
1375 5035 1427 5079 et
1466 5043 1629 5096 super
1675 5021 1894 5079 cursum
1943 5021 2009 5078 ad
2047 5021 2373 5096 faciendum.

670 5094 730 5164 (ἱ)
760 5090 1185 5164 S.,_ut'stcrcus,
1207 5111 1331 5149 cum
1363 5090 1555 5164 captus
1593 5106 1702 5157 est,
1740 5096 2071 5164 projicietur.

237 5103 330 5152 δ..
359 5092 592 5147 inclusa.

236 5178 348 5217 non
399 5163 619 5216 audisti.
697 5162 791 5231 (ιη)
822 5161 912 5226 Α..
947 5163 1029 5225 S.,

234 5235 454 5287 elevant
491 5233 730 5285 animam
776 5247 955 5286 suam.

2452 5026 2524 5094 (g)
2561 5023 2746 5076 Virum
2787 5024 2949 5101 hunc.
3027 5024 3102 5146 (Ir)
3140 5025 3228 5090 A.,
3269 5025 3504 5106 laudata.

2458 5133 2472 5146 .
2520 5095 2848 5146 abundantia
2883 5103 2996 5146 tua.
3054 5100 3067 5146 ί
3101 5098 3114 5146 l
3146 5095 3237 5146 Α..
3267 5095 3352 5146 S..
3378 5111 3504 5146 dum

2146 5095 2216 5164 (Ii)
2248 5097 2338 5159 A.,
2388 5092 2484 5155 5.,
2509 5092 2848 5165 abundantia
2883 5103 2996 5146 tua.
3038 5092 3114 5164 ’(Ι)
3146 5095 3237 5159 Α.,
3267 5095 3352 5160 S.,
3378 5097 3506 5165 quia

1070 5166 1252 5219 socios
1288 5176 1432 5220 tuos.
1512 5165 1589 5233 (η)
1626 5167 1887 5218 mittunt.
1963 5168 2036 5235 (ο)
2069 5167 2158 5228 Α..
2201 5166 2466 5233 parturies
2507 5164 2722 5235 dolores
2754 5166 2912 5235 quasi
2948 5165 3228 5235 parientis.
3295 5166 3372 5234 (p)
3398 5164 3504 5222 Ἀ..

1040 5235 1114 5305 (ᾳ)
1151 5239 1241 5296 Α..
1279 5251 1416 5305 nunt
1447 5231 1806 5303 colaphizatio
1846 5231 2120 5303 despecta,
2163 5231 2430 5302 dispersa.
2476 5234 2558 5285 vir
2611 5233 2698 5286 hic
2744 5231 3038 5305 Jecltonia?

235 5305 361 5356 sine
389 5304 662 5370 progenie,
685 5317 790 5355 non
816 5302 1359 5374 prospere'agentem.
1387 5302 1468 5368 S.,
1502 5302 1713 5358 inanem
1744 5302 2073 5358 virum.non
2109 5319 2372 5374 prospere
2403 5312 2669 5374 agentem.
2706 5320 2710 5324 ’

2744 5234 3038 5287 Jecltonia?
3099 5234 3168 5304 (r)
3201 5235 3288 5301 A.,
3334 5237 3507 5288 virum

2740 5303 2804 5370 (δ)
2845 5303 2907 5354 Et
2933 5305 3246 5359 seduxistis.
3326 5305 3389 5372 (t)
3414 5305 3506 5364 Α..

3206 5321 3286 5454 ii,
3311 5305 3511 5434 [θίξίᾶ

235 5376 403 5444 etiam
442 5387 542 5439 ego
584 5373 1240 5444 congregabo_residuuni
1287 5379 1463 5444 gregis
1505 5378 1606 5429 mei
1652 5391 1717 5430 ex
1761 5375 2015 5442 omnibus
2050 5373 2245 5444 terrjs.
2307 5373 2384 5443 (ιι)
2419 5373 2544 5426 Inde
2577 5387 2686 5440 quo
2719 5375 2950 5444 dispersi
3001 5389 3115 5444 eos.

236 5443 491 5495 decorem
517 5448 728 5494 eorum.

237 5512 296 5564 ὅ.
311 5553 324 5577 ,
381 5511 622 5580 justilica
665 5527 782 5566 nos.

239 5594 386 5636 terra
439 5596 556 5634 sua.

240 5647 450 5719 vitium.
543 5647 615 5719 (Ir)
642 5647 731 5714 Ᾰ.,
777 5650 860 5714 8.,
913 5647 1220 5708 verborum.

240 5721 337 5790 tm)
554 5718 557 5719 ⁷
599 5718 676 5791 (η)
707 5722 794 5787 Α.,
840 5722 1223 5777 insulsitatem.
1262 5718 1354 5790 SL,
1395 5725 1701 5780 stultitiam.

241 5796 552 5846 mendacio.

809 5447 884 5510 (y)
919 5441 1003 5510 8.,
1036 5441 1377 5499 dissentient.

1449 5446 1519 5514 (ι)
1549 5446 1638 5508 Α.,
1677 5439 1894 5514 germen
1943 5446 2095 5513 justi.
2125 5442 2217 5514 Δ8..
2255 5439 2730 5514 gerntenjustum.
2801 5439 2872 5513 (α)
2916 5445 3006 5510 Α.,
3056 5439 3271 5511 ,Ῑυειίιὶὰ
3299 5453 3508 5499 nostra.

863 5509 936 5580 (ὁ)
960 5582 968 5584 ξ
991 5512 1098 5566 Ille.
1131 5569 1146 5584 ο
1180 5516 1262 5583 (ε)¹
1299 5512 1361 5568 Et
1415 5509 1707 5569 ascendere
1755 5513 1816 5567 fet

1944 5509 2054 5581 '(d)
2113 5509 2318 5584 Reliqui
2366 5531 2378 5566 :
2420 5509 2580 5584 ﬁlios.
2659 5514 2728 5584 (e)
2769 5509 2864 5576 Α..
2908 5523 2964 5584 et
2991 5509 3302 5568 residebunt
3348 5529 3513 5581 super

645 5581 711 5660 (ί)
761 5581 883 5660 ηιη
923 5582 1019 5660 ah._
1088 5581 1162 5652 (σ)
1188 5581 1279 5645 Α..
1308 5585 1455 5660 sicut
1491 5586 1666 5660 fortis,
1702 5599 1863 5660 quem
1894 5587 2188 5660 superavit
2229 5581 2438 5660 Vinum.
2499 5582 2581 5660 S._.
2613 5581 2675 5636 et
2711 5581 2985 5660 Sicutuvir,
3033 5596 3190 5651 quem
3234 5583 3514 5652 superarit

1302 5654 1362 5722 (ἱ)
1407 5656 1496 5716 Α..
1542 5653 1958 5708 maledictionis.
1991 5653 2215 5715 llorutn.

1790 5727 1862 5794 (ο)
1901 5724 1985 5778 lli.

2292 5653 2364 5722 (k)
2405 5653 2494 5710 Α..
2536 5653 2758 5707 decora.
2845 5651 2906 5722 (ι)
2949 5654 3042 5718 Α.,
3076 5651 3510 5707 rnurmuraruut.

2063 5727 2135 5793 (ρ)
2170 5724 2258 5788 Α.,
2311 5724 2608 5793 exemplar,
2649 5723 2995 5785 adulterium,
3038 5731 3089 5778 et
3144 5722 3407 5779 malitiam
3460 5725 3514 5777 in
