3902 6488
361 359 368 365 ’
441 358 584 417 2559

1612 329 1840 414 Coosx
1882 348 2557 408 SYRO-HEXAPLARIS.

3564 347 3699 406 25ιο

442 467 645 535 ribilia,
677 468 1068 534 adulterantes,
1117 475 1172 523 et
1215 467 1559 525 ambulantes
1588 469 1646 524 in
1694 468 2018 533 mendaciis,
2050 466 2095 524 Α
2145 463 2430 533 proferunt
2468 462 2781 533 prophetiae
2811 462 3034 533 lingua.
3079 471 3136 518 et
3162 461 3461 518 dormitant
3499 459 3735 534 dormi-,-

441 558 521 627 (q)
549 566 604 612 et
630 558 954 628 adiuvantes
983 571 1181 612 manus
1209 557 1406 626 malas,
1449 567 1513 616 ut
1565 576 1637 617 ne
1667 567 2036 617 reverteretur

446 647 824 717 unusquisque
845 663 876 702 a
898 647 985 702 via
1016 662 1115 702 sua
1139 647 1303 703 mala.
1329 647 1478 705 Facti
1501 660 1632 706 sunt
1657 651 1791 706 mihi
1818 665 2033 714 omnes,

447 745 503 790 ut
543 737 770 803 Sodom,
828 746 884 794 et
916 739 1226 794 habitantes
1278 738 1335 794 in
1372 755 1458 807 ea,
1507 749 1568 797 ut
1602 741 1892 798 Gomorra.
1943 741 2032 796 15.

445 827 672 899 Propter
698 831 804 885 hoc
847 830 963 885 haec
993 831 1126 885 dicit
1173 830 1438 887 Dominus
1465 834 1534 900 Χ
1579 834 1839 888 virtutum
1872 847 2036 902 super

445 920 739 988 pr0phetas
771 922 816 990 1:
857 920 995 976 Ecce
1027 935 1130 990 ego
1175 921 1444 977 edendum
1476 923 1621 978 dabo
1660 924 1742 979 eis
1776 923 1845 994 (r)
1875 923 2034 978 dolo-

447 1029 586 1078 rem,
623 1021 677 1067 et
725 1012 930 1081 potabo
975 1027 1070 1068 eos
1101 1026 1242 1082 aqua
1275 1014 1344 1082 (s)
1378 1028 1603 1068 amara:
1636 1014 1766 1083 quia
1795 1029 1862 1068 ex
1893 1028 2036 1084 pro-

450 1103 627 1172 phetis
665 1099 969 1156 Jerusalem
1016 1117 1236 1172 egressa
1289 1112 1375 1159 est
1416 1104 1481 1173 (t)
1522 1103 1752 1172 pollutio
1793 1104 1850 1158 in
1882 1103 2034 1159 omni

2135 558 2344 614 tionem
2376 573 2556 612 suam.
2583 555 2674 611 52.
2723 553 2860 608 Ecce
2896 569 2998 622 ego
3041 551 3112 608 ad
3156 553 3474 624 prophetas,
3519 563 3582 607 -ι-
3611 538 3719 620 ιιιιῖ

2137 647 2465 717 prophetam
2500 646 2522 714 1
2556 645 2772 701 somnia
2815 645 2976 708 falsa,
3008 647 3074 712 Χ
3100 643 3236 698 dicit
3286 642 3555 698 Dominus
3585 644 3701 710 1.et

2137 748 2365 795 narrant
2388 755 2474 804 ea,
2498 747 2554 794 et
2579 739 2914 794 seduxerunt
2945 736 3207 806 populum
3243 749 3426 790 meum
3471 734 3530 789 in
3559 748 3706 795 men-

2134 831 2311 886 daciis
2355 830 2493 895 suis,
2545 837 2601 885 et
2659 828 2731 898 (It)
2761 828 2814 883 in
2839 827 3119 883 erroribus
3157 826 3295 889 suis,
3348 833 3406 880 et
3455 838 3559 891 ego
3602 839 3703 878 non

2137 923 2262 978 misi
2297 937 2412 985 eos,
2452 937 2553 977 nec
2581 920 2812 992 pracepi
2859 919 2962 982 eis,
2993 927 3049 975 et
3075 919 3368 974 utilitatem
3417 915 3707 971 adferendo

2137 1029 2246 1068 non
2274 1012 2564 1067 utilitatem
2596 1009 2846 1066 adferent
2877 1009 3078 1080 populo
3119 1009 3343 1076 huic,x
3370 1007 3506 1062 dicit
3533 1006 3711 1061 Domi-

2135 1117 2241 1158 nus
2263 1103 2309 1172 1.
2341 1103 2432 1157 55.
2477 1101 2545 1156 Et
2585 1101 2632 1157 si
2657 1101 3072 1170 interrogaverit
3113 1109 3167 1155 te
3215 1101 3454 1172 populus
3495 1098 3607 1162 hic,
3634 1099 3710 1152 vel

447 1201 614 1248 terra.
644 1191 730 1246 16.
759 1191 852 1246 Sic
880 1191 1013 1246 dicit
1032 1191 1297 1248 Dominus
1323 1191 1402 1262 (ιι)
1430 1193 1730 1248 virtutum:
1756 1192 1836 1248 Ne
1856 1194 2039 1250 audia-
2135 1192 2424 1263 propheta,
2454 1190 2541 1246 vel
2587 1189 2868 1256 sacerdos,
2904 1190 3092 1245 dicens
3117 1205 3131 1241 :
3165 1177 3306 1255 Quid
3336 1188 3402 1258 (ι)
3431 1202 3577 1242 onus
3614 1186 3712 1241 Do-

447 1283 521 1337 tis
545 1283 704 1336 verba
743 1283 1156 1352 prophetarum,
1195 1285 1286 1354 qui
1321 1284 1653 1355 prophetant
1682 1285 1869 1350 vobis,
1907 1285 2035 1355 quia

448 1374 579 1430 vani
610 1377 678 1441 Χ
701 1374 856 1431 vobis
892 1374 1041 1443 1illi,
1077 1375 1344 1433 visionem
1377 1375 1560 1430 cordis
1598 1374 1685 1430 sui
1709 1374 2035 1445 loquuntur,

447 1476 502 1522 et
523 1481 632 1522 non
663 1481 730 1522 ex
758 1481 852 1521 ore
882 1465 1098 1520 Domini
1127 1484 1140 1520 :
1165 1467 1252 1520 17.
1285 1465 1517 1543 dicendo
1541 1467 1608 1534 Χ
1646 1466 1838 1521 dicunt
1875 1467 1898 1535 1
1943 1467 2032 1532 iis,

446 1559 543 1628 qui
593 1557 864 1627 repellunt
913 1557 1138 1612 verbum
1193 1555 1441 1612 Domini:
1474 1557 1585 1611 Pax
1627 1557 1734 1612 erit
1761 1557 1949 1614 vobis:
1982 1569 2038 1613 et

446 1647 706 1703 omnibus
741 1647 1152 1704 ambulantibus
1198 1649 1252 1702 in
1295 1649 1669 1704 voluntatibus
1710 1650 1848 1716 suis,
1885 1648 2035 1704 omni

446 1737 749 1792 ambulanti
782 1737 839 1792 in
868 1752 1056 1793 errore
1085 1751 1148 1794 σι-
1177 1739 1402 1808 cordis1
1431 1739 1511 1809 (π)
1535 1751 1726 1794 eorum
1747 1739 2030 1796 dixerunt:

443 1825 565 1884 Non
599 1830 817 1896 venient
843 1844 1009 1898 super
1049 1838 1100 1884 te
1135 1831 1298 1884 mala.
1331 1830 1418 1884 18.
1451 1829 1722 1896 Quoniam
1757 1831 1884 1902 quis
1911 1841 2026 1886 ste-

443 1919 510 1975 tit
539 1917 616 1989 (y)
647 1919 703 1974 in
733 1919 1089 1974 subsistentia
1126 1919 1363 1986 Domini,
1392 1921 1462 1989 Χ
1497 1928 1552 1976 et
1577 1921 1713 1976 vidit
1743 1919 1795 1988 1,
1837 1929 1893 1976 et
1931 1937 2029 1976 au-

443 2008 584 2064 divit
621 2024 933 2065 sermonem
993 2009 1150 2079 ejus?
1185 2011 1309 2080 quis
1357 2011 1692 2066 auscultavit
1746 2013 1815 2081 Χ
1862 2011 2031 2066 verba

445 2101 520 2171 (ι)
554 2116 674 2156 mea
705 2102 753 2170 1,
779 2109 832 2156 et
859 2101 1098 2156 audivit?
1132 2103 1220 2157 19.
1255 2100 1392 2157 Ecce
1421 2102 1498 2172 (a)
1527 2104 1822 2159 commotio
1851 2119 1880 2158 a
1926 2103 2032 2159 Do-

444 2193 618 2257 mino,
653 2201 708 2247 et
738 2192 811 2262 (ὁ)
842 2193 924 2248 ira
951 2191 1280 2264 egredietur,
1313 2209 1436 2264 qua:
1461 2194 1515 2248 in
1555 2195 1772 2250 turbine
1799 2196 2034 2251 circum-

445 2284 564 2338 iens
595 2298 758 2352 super
795 2283 994 2353 impios
1024 2284 1226 2348 veniet,
1273 2283 1366 2338 20.
1397 2300 1506 2339 non
1545 2294 1847 2341 revertetur
1885 2286 2035 2342 furor

444 2373 686 2439 Domini,
723 2373 898 2429 donec
922 2373 1111 2428 fecerit
1134 2373 1290 2440 illud,
1327 2383 1382 2428 et
1409 2374 1584 2431 donec
1610 2378 1864 2431 statuerit
1892 2377 2028 2432 illud

447 2465 518 2534 (ε)
540 2463 609 2518 ab
626 2465 1060 2534 apprehensione
1087 2465 1270 2519 cordis
1291 2465 1402 2521 sui.
1433 2468 1490 2520 ιη
1514 2466 1622 2522 line
1645 2465 1858 2523 dierum
1877 2468 2037 2523 intel-

445 2555 613 2625 ligent
640 2571 705 2611 ea
739 2556 794 2610 in
829 2556 909 2611 eis
938 2558 1005 2623 Χ
1040 2556 1094 2610 in
1124 2555 1478 2624 intelligentia
1514 2556 1536 2624 1
1567 2557 1658 2612 2|.
1693 2556 1812 2613 Non
1851 2559 2036 2614 mitte-

447 2646 912 2716 bam'prophetas.
947 2655 1000 2702 et
1030 2647 1110 2700 illi
1145 2647 1482 2702 currebant:
1529 2665 1635 2703 non
1678 2649 1892 2705 locutus
1915 2666 2034 2706 sum

448 2737 514 2791 ad
549 2752 663 2802 eos,
697 2745 752 2792 et
783 2737 861 2791 illi
896 2737 1314 2808 prophetabant.
1353 2737 1444 2792 22.
1470 2737 1536 2793 Et
1563 2740 1611 2794 si
1653 2741 1932 2795 stetissent
1957 2741 2036 2812 (d)

449 2823 505 2877 in
546 2824 898 2880 subsistentia
934 2838 1074 2891 mea,
1105 2836 1162 2878 et
1194 2818 1385 2878 audire
1415 2823 1675 2881 iecissent
1716 2827 1881 2881 verba
1916 2843 2038 2884 mea

449 2913 710 2984 populum
739 2930 947 2982 meum,
976 2921 1032 2970 et
1077 2915 1413 2970 avertissent
1441 2931 1536 2971 eos
1564 2917 1632 2985 Χ
1654 2932 1687 2971 a
1731 2918 1815 2972 via
1844 2933 2037 2974 eorum

447 3005 613 3070 mala,
660 3007 824 3061 etiam
857 3007 881 3074 1
910 3010 942 3060 ti
977 3006 1175 3061 studiis
1220 3007 1382 3062 malis
1415 3023 1629 3063 eorum;
1660 3010 1750 3064 25.
1783 3009 1854 3081 (e)
1891 3009 2038 3067 Deus

2137 1281 2270 1337 mini
2291 1281 2315 1334 ?
2335 1290 2392 1336 et
2417 1281 2566 1335 dices
2584 1281 2664 1336 eis
2686 1298 2700 1335 :
2723 1278 2836 1335 Vos
2863 1281 2997 1335 estis
3016 1295 3179 1343 onus,
3203 1280 3301 1349 (m)
3331 1288 3387 1333 et
3405 1277 3713 1332 dilacerabo

2137 1388 2258 1436 vos,
2282 1371 2416 1427 dicit
2437 1371 2728 1427 Dominus.
2753 1367 2843 1426 54.
2873 1371 2940 1424 Et
2965 1371 3250 1441 prepheta,
3279 1378 3332 1424 et
3361 1368 3647 1431 sacerdos,
3665 1376 3712 1421 et

2135 1463 2399 1534 populus,
2444 1463 2781 1533 quicumque
2829 1462 3104 1517 dixerint:
3160 1462 3310 1516 Onus
3358 1457 3621 1514 Domini:
3663 1466 3713 1512 et

2135 1555 2378 1610 ulciscar
2408 1556 2474 1622 Χ
2506 1569 2671 1622 super
2706 1555 2729 1623 1
2776 1553 3051 1606 hominem
3095 1549 3268 1616 illum,
3304 1553 3374 1618 Χ
3406 1557 3466 1603 et
3492 1561 3656 1616 super
3686 1547 3707 1614 1

2140 1641 2368 1696 domum
2398 1643 2542 1711 ejus.
2585 1642 2677 1698 55.
2707 1638 2850 1707 Quia
2889 1639 2970 1695 sic
3017 1639 3210 1694 dicetis
3239 1638 3627 1708 unusquisque
3651 1637 3711 1691 ad

2135 1735 2448 1806 proximum
2479 1749 2663 1798 suum,
2695 1740 2750 1786 et
2771 1730 3148 1800 unusquisque
3173 1728 3240 1784 ad
3267 1728 3495 1783 fratrem
3522 1742 3710 1781 suum:

2141 1825 2272 1894 quid
2294 1824 2576 1894 respondit
2592 1822 2938 1884 Dominus,et
2955 1821 3082 1890 quid
3101 1820 3317 1874 locutus
3332 1829 3420 1872 est
3432 1814 3713 1874 Dominus!

2131 1917 2220 1972 56.
2243 1914 2308 1970 Et
2328 1929 2468 1970 onus
2482 1912 2695 1968 Domini
2715 1927 2786 1969 ne
2805 1912 3100 1966 nominetis
3121 1910 3390 1980 amplius;
3418 1908 3551 1978 quia
3575 1923 3710 1963 onus

2132 2007 2348 2062 Domini
2374 2006 2479 2062 erit
2502 2005 2707 2060 homini
2733 2018 2917 2060 sermo
2941 2004 3008 2072 Χ
3031 2002 3152 2070 eius
3183 2003 3231 2072 1.
3258 1999 3326 2054 Et
3355 1997 3712 2069 pet-turbastis

2135 2099 2204 2165 Χ
2227 2097 2396 2152 verba
2419 2094 2516 2150 Dei
2540 2095 2796 2160 viventis,
2833 2093 3048 2148 Domini
3077 2093 3364 2153 virtutum,
3391 2090 3488 2145 Dei
3519 2089 3709 2146 nostri.

2131 2189 2223 2243 57.
2253 2187 2343 2242 Sic
2372 2187 2565 2242 dicetis
2607 2186 2677 2241 ad
2724 2185 3081 2256 prepbetam:
3110 2182 3252 2250 Quid
3308 2182 3598 2251 respondit
3623 2181 3712 2234 tibi

2133 2278 2422 2343 Dominus,
2465 2286 2520 2333 et
2549 2276 2680 2348 quid
2715 2277 2932 2332 locutus
2962 2284 3048 2332 est
3086 2273 3394 2329 Dominus?
3417 2272 3510 2328 58.
3546 2270 3624 2340 (n)
3653 2267 3715 2326 Et

2130 2373 2179 2428 si
2213 2387 2353 2427 onus
2382 2371 2596 2426 Domini
2625 2370 2876 2425 dixeritis
2920 2370 2980 2438 1;
3013 2376 3235 2438 propter
3289 2367 3396 2420 hoc
3435 2366 3554 2420 haec
3590 2365 3715 2418 dicit

2136 2464 2437 2518 Dominus:
2473 2463 2580 2517 Pro
2619 2476 2688 2517 eo
2735 2460 2884 2531 quod
2929 2459 3150 2514 dixistis
3193 2471 3505 2514 sermonem
3553 2455 3716 2517 hunc,

2135 2571 2276 2611 onus
2307 2554 2546 2618 Domini,
2578 2564 2633 2609 et
2658 2553 2782 2608 misi
2809 2552 2878 2608 ad
2917 2565 3036 2616 vos,
3070 2550 3285 2605 dicens:
3339 2546 3461 2602 Non
3506 2545 3714 2607 dicetis,

2137 2663 2277 2703 onus
2306 2645 2544 2700 Domini.
2600 2644 2690 2700 59.
2735 2643 2965 2712 Propter
3007 2641 3112 2696 hoc
3146 2655 3276 2696 ecce
3310 2654 3414 2710 ego
3451 2651 3614 2694 sumo
3652 2637 3715 2706 Χ

2137 2753 2238 2792 vos
2263 2752 2434 2792 onere
2464 2735 2516 2804 1,
2561 2743 2616 2789 et
2667 2734 2983 2789 dilacerabo
3024 2747 3140 2797 vos,
3191 2739 3246 2786 et
3295 2729 3518 2795 urbem,
3559 2741 3716 2798 quam

2135 2828 2260 2882 dedi
2297 2829 2473 2891 vobis,
2512 2835 2566 2882 et
2607 2827 2853 2897 patribus
2900 2824 3120 2889 vestris,
3163 2826 3232 2891 Χ
3260 2837 3292 2876 a
3339 2821 3480 2876 facie
3527 2832 3648 2873 mea
3673 2817 3717 2886 1.

2139 2919 2229 2974 40.
2266 2918 2332 2973 Et
2370 2919 2512 2973 dabo
2544 2927 2711 2987 ’super
2749 2932 2849 2971 vos
2892 2914 3247 2983 opprobrium
3296 2911 3717 2980 sempiternum,

2139 3020 2194 3066 et
2246 3010 2601 3080 ignominiam
2649 3008 3078 3079 sempiternam,
3127 3019 3251 3076 qua
3289 3019 3405 3060 non
3454 3002 3718 3060 oblivioni

447 3097 789 3166 propinquus
847 3114 968 3168 ego,
1018 3097 1152 3153 dicit
1201 3095 1490 3164 Dominus,
1525 3107 1579 3155 et
1621 3116 1731 3156 non
1777 3100 1924 3158 Dcus
1967 3101 2035 3156 de
2066 3122 2110 3181 α
2144 3102 2414 3158 tradetur.

449 3191 631 3258 longe.
657 3191 746 3245 24.
786 3189 843 3245 Si
887 3207 945 3245 se
986 3191 1150 3244 abdat
1182 3191 1307 3261 quis
1338 3192 1392 3246 in
1421 3193 1646 3259 abditis,
1684 3204 1740 3250 et
1781 3210 1885 3266 ego
1929 3211 2039 3250 non

451 3279 643 3333 videbo
665 3295 788 3332 eum
814 3280 924 3346 ?)t(
954 3279 1083 3333 dicit
1113 3277 1377 3334 Dominus
1409 3281 1460 3350 1:
1497 3283 1760 3351 numquid
1790 3297 1896 3338 non
1927 3299 2039 3340 creo

451 3368 564 3422 lum
587 3377 640 3420 et
663 3377 863 3422 terram
903 3384 1003 3438 ego
1036 3368 1259 3437 impleo,
1293 3368 1426 3423 dicit
1464 3370 1779 3426 Dominus?
1811 3372 1902 3427 25.
1929 3375 2041 3429 Au-

452 3459 584 3522 divi,
610 3474 730 3527 qua:
761 3459 1062 3528 loquuntur
1089 3459 1388 3528 prophetae,
1419 3474 1542 3528 quas
1588 3463 1916 3531 prephetant
1941 3479 2040 3518 su-

454 3564 548 3616 per
576 3551 795 3604 nomine
832 3565 974 3615 meo,
1008 3550 1292 3606 mendacia
1334 3551 1616 3607 dicentes:
1645 3552 1714 3622 (fl
1767 3554 2039 3608 somniavi

453 3641 749 3695 somnium.
767 3641 856 3696 26.
883 3639 1176 3711 Usquequo
1200 3652 1362 3697 erunt
1385 3643 1440 3696 in
1464 3642 1629 3698 corde
1646 3645 2038 3713 prophetarum

452 3730 893 3802 prophetantium
918 3731 1074 3797 falsa,
1106 3742 1161 3786 et
1200 3733 1329 3787 dum
1373 3733 1702 3804 prophetarit
1733 3735 2038 3793 voluntates

455 3822 636 3878 cordis
681 3823 788 3886 sui,
813 3823 904 3877 27.
931 3823 1311 3892 cogitantium,
1349 3833 1411 3879 ut
1456 3825 1811 3882 obliviscatur
1835 3829 1901 3896 Χ
1941 3842 2038 3896 po-

455 3916 617 3987 pulus
645 3930 801 3970 meus
835 3916 857 3984 1
895 3913 970 3985 (g)
1003 3914 1137 3985 legis
1171 3930 1303 3970 meae
1337 3915 1393 3970 in
1420 3917 1650 3972 somniis
1675 3933 1890 3982 eorum,
1917 3933 2039 3987 quae

455 4016 748 4063 narrarunt
779 4007 1158 4076 unusquisque
1194 4008 1451 4072 proximo
1489 4024 1612 4074 suo,
1646 4017 1706 4064 ut
1731 4009 1887 4064 obliti
1910 4019 2041 4072 sunt

456 4108 642 4170 patres
665 4113 856 4154 eorum
910 4099 1146 4152 nominis
1174 4102 1280 4154 mei
1316 4099 1371 4154 in
1418 4099 1584 4154 Baal?
1625 4100 1716 4155 28.
1744 4099 2035 4171 Propheta,

455 4189 512 4243 in
544 4203 655 4260 quo
684 4197 770 4244 est
801 4187 1099 4254 somnium,
1125 4200 1310 4244 narret
1340 4190 1618 4244 somnium
1647 4206 1833 4255 suum,
1865 4201 1918 4247 et
1943 4194 2038 4261 qui

454 4294 638 4336 sermo
689 4295 845 4335 meus
898 4280 965 4334 ad
996 4295 1147 4345 eum,
1184 4287 1370 4336 narret
1397 4295 1708 4336 sermonem
1741 4297 1925 4338 meum
1980 4285 2038 4340 in

455 4373 703 4427 veritate.
742 4371 882 4439 Quid
909 4372 1061 4442 palea
1099 4373 1167 4428 ad
1203 4373 1564 4443 triticumix
1602 4373 1738 4430 dicit
1769 4376 2036 4433 Dominus

2211 3192 2344 3262 Cap.
2371 3189 2711 3246 XXIV.—i.
2741 3188 2987 3246 Ostendit
3015 3187 3148 3244 mihi
3179 3186 3447 3242 Dominus
3475 3185 3617 3242 duos
3646 3184 3719 3254 (ο)

2142 3285 2388 3340 calathos
2435 3284 2659 3348 licuum,
2695 3283 2907 3351 positos
2929 3290 3054 3335 ante
3086 3279 3281 3335 faciem
3310 3279 3496 3348 templi
3537 3278 3725 3332 Domi-

2143 3379 2223 3442 ni,
2250 3387 2543 3448 postquam
2568 3376 2845 3430 transtulit
2880 3372 3386 3428 Nabuchodonosor
3417 3387 3514 3426 rex
3547 3369 3726 3441 Baby-

2140 3469 2286 3524 lonis
2327 3467 2648 3522 Jechoniam
2711 3465 2880 3520 lilium
2925 3464 3138 3520 Joacim
3201 3479 3383 3533 regem
3443 3461 3620 3528 Judae,
3670 3472 3728 3517 et

2141 3560 2422 3630 principes
2475 3561 2542 3628 Χ
2599 3557 2757 3613 Judae
2792 3558 2841 3627 1,
2883 3557 2958 3628 (p)
3012 3565 3068 3612 et
3108 3557 3366 3623 artiﬁces,
3409 3565 3464 3610 et
3514 3555 3727 3609 vinctos

2140 3663 2194 3706 et
2215 3651 2410 3706 divites
2427 3666 2495 3705 ex
2537 3649 2865 3712 Jerusalem,
2888 3656 2947 3702 et
2973 3647 3202 3702 adduxit
3242 3663 3339 3702 eos
3389 3647 3444 3702 in
3497 3646 3729 3718 Babylo-

2139 3755 2286 3795 nem.
2313 3740 2368 3794 2.
2392 3739 2660 3795 Calatlius
2689 3755 2833 3794 unus
2857 3739 3059 3794 licuum
3089 3738 3423 3808 elegantium
3451 3739 3632 3800 valde,
3667 3747 3732 3793 ut

2139 3831 2279 3887 ﬁcus
2318 3845 2621 3902 praecoces:
2657 3839 2710 3884 et
2740 3831 2988 3885 calathus
3021 3830 3156 3884 alter
3203 3830 3406 3884 ticuum
3451 3831 3727 3884 malarum

2139 3923 2315 3987 valde,
2342 3938 2465 3993 quze
2495 3939 2600 3976 non
2631 3927 2986 3977 comedentur
3011 3935 3122 3990 prae
3156 3920 3365 3975 malitia
3395 3937 3517 3975 sua.
3561 3921 3618 3973 5.
3660 3918 3730 3974 Et

2139 4013 2279 4070 dixit
2306 4015 2568 4070 Dominus
2592 4014 2659 4067 ad
2690 4028 2812 4068 me:
2841 4010 2985 4078 Quid
3022 4021 3081 4067 tu
3129 4011 3304 4075 vides,
3351 4009 3633 4066 Ieremia?
3663 4010 3728 4065 Et

2138 4103 2278 4160 dixi;
2305 4102 2488 4169 Ficus,
2517 4105 2584 4172 Χ
2607 4101 2740 4157 licus
2775 4101 2798 4168 1
2833 4101 3109 4170 elegantes
3126 4099 3304 4166 valde,
3343 4100 3418 4168 Χ
3447 4107 3504 4154 et
3528 4099 3668 4153 ﬁcus
3699 4102 3721 4168 ζ

2139 4195 2336 4259 malas,
2368 4193 2689 4264 quae'malaa
2715 4200 2846 4247 sunt
2871 4191 3052 4258 valde,
3077 4207 3200 4262 qua:
3225 4206 3333 4245 non
3366 4190 3725 4245 comedentur

2138 4301 2250 4358 prae
2281 4285 2487 4340 malitia
2520 4299 2638 4339 sua.
2664 4283 2718 4338 4.
2768 4281 2834 4336 Ει
2863 4281 3073 4336 factum
3103 4291 3192 4338 est
3237 4281 3470 4337 verbum
3508 4279 3722 4335 Domini

2139 4379 2208 4434 ad
2239 4393 2350 4440 me.
2373 4377 2602 4432 dicens:
2639 4375 2694 4430 5.
2727 4372 2852 4430 Hec
2881 4374 3016 4430 dicit
3048 4373 3316 4430 Dominus
3353 4371 3504 4427 Deus
3549 4369 3726 4426 Israe-

461 4461 510 4530 1.
532 4463 621 4519 29.
640 4461 991 4534 Nonneiecce
1021 4465 1184 4519 verba
1217 4480 1357 4530 mea,
1388 4473 1449 4520 ut
1474 4466 1637 4536 ignis,
1677 4466 1812 4522 dicit
1847 4469 2035 4524 Domi-
2069 4455 2114 4512 Ῑ)
2143 4473 2236 4527 lis:
2270 4467 2340 4525 Ut
2359 4470 2498 4524 ﬁcus
2523 4469 2607 4523 ba:
2628 4468 2924 4537 elegantes,
2951 4468 3024 4521 ita
3057 4479 3453 4536 recognoscam
3486 4478 3611 4527 eos,
3632 4462 3723 4531 qui

457 4569 581 4619 nus,
607 4563 661 4609 et
687 4564 748 4610 ut
772 4556 848 4624 (Ii)
877 4555 1088 4611 securis
1120 4555 1334 4610 caedens
1382 4557 1636 4625 petram?
1679 4558 1768 4612 50.
1802 4557 2034 4629 Propter

458 4643 563 4700 hoc
582 4661 712 4726 ecce
741 4661 840 4716 ego
873 4645 943 4701 ad
972 4647 1286 4716 prophetas,
1315 4645 1449 4701 dicit
1501 4646 1786 4714 Dominus,
1815 4651 1909 4720 qui
1947 4650 2036 4705 fu-

458 4745 649 4792 rantur
675 4739 841 4793 verba
894 4752 1014 4792 mea
1049 4738 1346 4806 unicuique
1395 4753 1462 4792 ex
1510 4739 1760 4808 proximo
1791 4755 1908 4795 suo.
1939 4741 2031 4797 51.

457 4825 597 4883 Ecce
622 4843 723 4898 ego
752 4828 820 4884 ad
857 4829 1174 4901 prophetas,
1215 4831 1284 4899 Χ
1310 4828 1442 4885 dicit
1473 4828 1738 4886 Dominus
1773 4830 1822 4902 1,
1851 4834 1911 4904 (ἱ)
1939 4836 2036 4906 qui

2142 4563 2600 4632 transmigrarunt
2641 4558 2816 4625 Judae,
2869 4573 3008 4628 quos
3039 4557 3165 4611 misi
3215 4571 3284 4611 ex
3339 4555 3466 4610 loco
3512 4555 3620 4608 hoc
3667 4553 3722 4606 in

2143 4666 2342 4710 terram
2364 4651 2745 4707 Chaldaeorum
2785 4651 2838 4704 in
2868 4651 3036 4704 bona.
3061 4646 3115 4701 6.
3161 4645 3226 4702 Et
3271 4646 3508 4701 ﬁrmabo
3537 4645 3723 4699 oculos

2141 4761 2293 4802 meos
2323 4759 2487 4815 super
2514 4758 2609 4798 eos
2631 4743 2684 4797 in
2715 4742 2886 4797 bona:
2912 4750 2965 4796 et
2992 4741 3274 4796 restituam
3302 4753 3399 4793 eos
3435 4738 3490 4792 in
3517 4746 3721 4792 terram

2143 4837 2304 4904 hanc,
2328 4846 2383 4891 et
2415 4834 2754 4890 reaedillcabo
2787 4847 2904 4900 eos,
2951 4840 3006 4887 et
3051 4845 3161 4886 non
3198 4830 3482 4886 destruam
3531 4829 3640 4898 (q):
3671 4836 3725 4881 et

530 4940 606 5026 (q)
629 4938 713 5006 8.,
741 4951 796 4996 et
816 4943 1390 5026 extenderuntmanus
1413 4945 1588 5026 malis.
1659 4945 2220 5026 (r)'A_.,‘absi_nthium.
2240 4949 2321 5026 8.,
2338 4947 2788 5026 amaritudinem.
2832 4943 2898 5026 (δ)
2923 4941 3398 5026 {insanitis-litab-
3418 4939 3721 5026 capiti-if)-

457 5009 646 5092 (t)_'A.,
690 5011 1048 5096 crassus..S.,
1088 5013 1328 5083 pollutus
1365 5009 1676 5084 lapidibus.‘
1714 5009 2032 5140 gulOmnip

459 5081 680 5135 latione.
775 5081 849 5140 (ι)
889 5082 1019 5140 Eius
1121 5085 1196 5140 (al
1237 5083 1326 5140 A..
1365 5093 1678 5140 tempestas.
1767 5093 2029 5140 ummachi

2139 5039 2213 5076 ns.
2279 5009 2356 5091 (at)
2385 5016 2534 5085 Ejus.
2616 5015 2691 5086 (g)
2719 5015 2809 5075 Α..
2843 5009 2896 5067 in
2926 5009 3203 5068 ineffabili.
3242 5011 3325 5078 S.,
3361 5013 3415 5065 in
3451 5009 3722 5066 confabu-

2139 5101 2270 5140 πῃπῇ
2301 5103 2398 5140 vox
2420 5089 2616 5140 ianotw
2649 5083 2778 5138 mihi
2812 5085 3063 5137 nationis.
3111 5083 3257 5140 {Non
3286 5095 3588 5140 possumus
3613 5094 3722 5134 non

459 5081 692 5164 latione._
775 5081 1019 5164 (1.)“Ejus
1090 5081 1196 5164 'h(a)
1237 5083 1326 5164 Δί,
1365 5081 1678 5164 ῑςείιιβριειςιιτ.ἐ

1766 5083 2029 5156 ῃιηιηαειίί
2075 5083 2778 5158 Nntgu'voxignotw'ntihi
2812 5085 3063 5137 nationis.
3111 5083 3588 5158 [Nonnpossumus
3613 5094 3722 5134 non

458 5150 648 5204 mirari
679 5149 820 5204 hanc
845 5149 1140 5236 For-bergii
1173 5149 1600 5236 confessionem.
1625 5149 1942 5236 “Notissima
1973 5149 2130 5217 enini
2150 5149 2552 5236 'tritiss‘imaliue
2602 5163 2823 5236 estnvox
2856 5163 3048 5234 tantm
3084 5149 3222 5221 apud
3261 5152 3431 5221 Syros
3463 5160 3723 5236 aue-tgna

458 5235 559 5275 nec
588 5237 694 5274 non
725 5220 862 5285 apud
899 5219 1154 5277 rabbinos
1176 5222 1314 5294 Syro
1353 5232 1564 5278 utentes
1588 5225 1862 5281 idiomate.
1896 5229 2035 5301 Signi

460 5299 607 5344 textu
634 5289 699 5344 V.
731 5289 796 5344 Τ.
822 5288 908 5345 Cf.
940 5289 1042 5345 Job
1073 5307 1186 5356 xxx,
1231 5294 1330 5354 i8;
1377 5309 1556 5358 xxvn;
1580 5295 1682 5358 20;
1723 5311 1929 5358 xxxvu.
1972 5306 2024 5356 9.

2139 5241 2196 5294 tt,
2229 5228 2402 5287 turbo.
2426 5219 2644 5280 Boreas.
2668 5223 2880 5278 Pluries
2911 5219 3133 5292 insuper
3159 5219 3439 5287 comparet
3492 5222 3547 5274 in
3578 5219 3722 5290 Syro

2141 5305 2268 5355 lium
2310 5316 2348 5358 ι,
2383 5298 2436 5351 5.
2469 5298 2638 5351 Radix
2676 5305 2759 5348 est
2785 5301 2892 5352 Ὀ).
2925 5291 3143 5358 Drach.]
3164 5293 3236 5358 (ὁ)
3272 5291 3350 5343 Ira
3382 5292 3716 5358 egredietur,

460 5299 607 5344 textu
635 5294 699 5344 V.
731 5294 796 5344 Τ.
822 5294 908 5345 Cf.
940 5294 1042 5345 Job
1073 5307 1186 5356 xxx,
1231 5294 1330 5354 i8;
1377 5309 1556 5359 xxv";
1580 5295 1682 5361 20;
1723 5311 1929 5363 xxxvu,
1958 5294 2024 5356 '9.

457 5370 511 5442 et
541 5361 697 5442 turbo
729 5375 893 5442 super
920 5369 1083 5442 capuﬁt
1116 5361 1429 5442 impiorum.
1484 5367 1559 5432 (ο)
1592 5366 1682 5442 A_.,
1710 5368 2035 5442 cogitationi:

2141 5305 2268 5355 lium
2310 5316 2348 5363 l,
2383 5298 2436 5351 5.
2469 5298 2638 5351 Radix
2676 5305 2759 5348 est
2785 5301 2892 5352 V32.
2925 5294 3143 5363 Drach.]
3164 5294 3236 5363 (ὁ)
3272 5294 3350 5343 Ira
3382 5294 3716 5360 egredietur,

2140 5371 2220 5442 (ά)
2252 5371 2349 5442 Α..
2391 5363 2838 5442 in_iiieﬂa_bililius
2867 5365 3020 5442 meis.
3094 5365 3160 5427 (ε)
3201 5362 3290 5442 ᾼ..
3322 5359 3404 5422 8.,
3449 5358 3718 5442 numquid

459 5430 602 5511 ρρυξ
627 5431 696 5484 de
726 5430 1078 5511 PFOPWW"?
1113 5432 1212 5511 ,ω
1253 5435 1341 5492 Α..
1372 5433 1455 5496 8.,
1481 5430 2078 5511 εοὴιιιίιγῇδεοηηιίερνί.
2147 5430 2221 5511 ξς)
2251 5437 2520 5493 Nominis.
2599 5435 2676 5503 (ft)
2713 5433 2802 5496 Α.,
2837 5432 3067 5511 malleus
3097 5431 3450 5511 confringeiis
3477 5439 3715 5511 petram.

457 5571 602 5652 suis.
671 5571 735 5652 (ρ
762 5572 851 5652 A.,
873 5586 1091 5652 currus.

461 5637 536 5708 (pl
567 5642 656 5702 A.,
684 5637 771 5706 8.,
800 5649 855 5696 et
879 5637 1195 5712 principem
1222 5637 1522 5702 fabrorum.
1607 5643 1679 5714 (q)
1713 5637 1840 5702 Eos.

524 5733 586 5800 (')
613 5735 717 5787 Vox
742 5738 896 5788 Hebr.
920 5740 1052 5792 tam
1077 5737 1157 5790 hic
1179 5738 1344 5804 potius
1362 5737 1492 5803 fellis
1521 5743 1781 5793 vertenda.
1806 5744 1984 5797 Drach.

460 5499 645 5580 (i).A.,
675 5499 1085 5580 q‘ui‘assumunt
1112 5499 1350 5580 linguam
1375 5519 1558 5580 suam.
1610 5515 1665 5580 et
1695 5506 1904 5564 dicunt.
1965 5509 2024 5565 8.

2152 5499 2527 5580 praeparantes
2565 5499 2894 5580 seriitonem.
2959 5501 3044 5580 με)
3079 5500 3173 5580 4.,

1176 5568 1392 5653 (ἧξᾙίι.
1418 5585 1471 5628 et
1497 5575 1870 5653 derelinquam
1895 5595 2008 5636 vos.
2036 5568 2048 5577 ’
2087 5583 2142 5651 (η
2147 5568 2180 5653 )’
2197 5581 2262 5636 Et
2278 5568 2434 5634 "onus
2454 5573 2674 5633 Domini
2700 5589 2809 5630 non
2827 5568 3043 5630 dicetis.
3103 5573 3180 5644 (a)
3207 5572 3300 5638 A.,
3333 5569 3417 5634 S.,
3461 5568 3717 5624 ﬁscellas.

3332 5496 3386 5554 in
3437 5496 3722 5552 miraculis
