3902 6468
262 393 398 456 23H

463 461 469 468 ,
1379 482 1382 486 ,
1487 407 1808 486 JEREMIA:

1918 413 2085 474 ιρυτ
2118 417 2218 473 XX
2231 419 2317 477 IV.

245 483 519 618 lpljantabo
535 524 651 578 eos,
684 519 748 618 ,ει
777 526 883 568 non
909 513 1242 618 exstirpabo.
1276 483 1421 577 πει
1447 519 1596 618 dabo
1624 523 1705 586 eis
1727 483 1843 588 cor,
1949 527 2079 596 picti
2125 529 2326 594 fuerint
2373 532 2430 591 hi
2477 537 2817 608 septuaginta
2863 541 3013 607 anni,
3056 545 3123 613 χ(
3167 548 3242 618 (9)
3283 549 3516 610 ulciscar

3375 440 3514 497 E342

254 599 322 654 ad
355 601 793 712 cognoscendum
827 617 934 712 me,
985 605 1128 676 quod
1153 621 1254 678 ego
1290 621 1412 663 sum
1443 608 1743 712 Dominus:
1783 623 1838 669 et
1939 631 2311 712 super-regem
2345 599 2633 696 Babylo-nis
2656 599 2696 693 ,ν
2717 638 2773 686 et
2815 630 2838 699 1
2877 599 3512 712 super'g‘eniem

252 701 417 746 erunt
468 691 601 746 mihi
635 689 689 748 in
724 693 1004 766 populum.
1051 706 1105 755 et
1137 712 1238 768 ego
1283 713 1378 757 ero
1423 701 1591 766 eisin
1626 702 1832 772 Deum;

251 781 384 852 quia
412 797 470 836 se
494 777 813 842 converterit
831 801 896 842 ex
918 795 1029 858 toto
1055 789 1221 847 corde
1245 805 1368 848 suo.
1404 791 1457 848 8.
1491 792 1558 849 Et
1605 802 1665 850 ut
1696 797 1834 862 livus

250 873 433 932 malae.
472 888 594 941 quae
642 891 751 929 non
804 881 1161 936 comedentur
1185 897 1295 951 prae
1329 884 1534 941 malitia
1567 902 1688 948 sua.
1721 888 1834 950 haec

245 963 383 1022 dicit
417 963 706 1031 Dnminus,
747 954 836 1024 lsic
869 970 1076 1026 tradam
1125 970 1404 1030 Sedeciam
1450 966 1629 1047 regem
1654 977 1828 1045 Iuda.

244 1063 301 1107 et
332 1053 404 1125 (r)
437 1066 717 1126 magnatcs
757 1057 900 1130 ejus,
953 1068 1007 1116 et
1059 1063 1338 1122 residuum
1373 1064 1702 1135 Jerusalem,
1735 1071 1830 1141 qui

243 1145 458 1200 residui
503 1155 632 1201 sunt
685 1147 738 1202 in
795 1159 940 1208 terra
991 1153 1118 1220 hac,
1164 1169 1285 1220 eos,
1342 1158 1438 1226 qui
1480 1160 1732 1223 habitant
1773 1163 1828 1220 in

245 1233 508 1308 .‘Egypto.
575 1237 627 1294 9.
680 1237 749 1293 Et
793 1240 933 1299 dabo
986 1257 1083 1300 cos
1112 1242 1181 1314 (ε)
1221 1245 1276 1300 in
1322 1246 1720 1318 dispersioncm
1772 1254 1828 1312 in

244 1325 435 1378 omnia
461 1339 628 1395 regna
664 1333 843 1395 teme,
876 1337 932 1385 et
961 1329 1016 1387 iu
1051 1333 1428 1410 opprobrium,
1467 1345 1522 1394 et
1567 1336 1622 1395 in
1670 1336 1829 1402 {abus-

242 1415 378 1482 lam,
428 1425 482 1472 et
511 1415 574 1487 (ι)
604 1418 660 1473 in
688 1419 898 1486 odium,
941 1430 996 1478 et
1023 1421 1078 1480 in
1113 1425 1546 1484 maledictionem
1596 1428 1650 1484 in
1678 1430 1828 1492 omni

242 1504 412 1572 loco,
441 1522 552 1575 quo
602 1511 866 1580 expellam
918 1528 1015 1572 eos
1058 1514 1210 1572 illuc.
1273 1516 1361 1572 10.
1403 1515 1472 1572 Ει
1517 1519 1728 1576 mittam
1770 1520 1824 1582 in

238 1609 339 1648 eos
367 1596 630 1667 gladium,
659 1608 714 1657 et
747 1599 972 1669 famem,
1006 1613 1060 1659 et
1083 1605 1160 1676 (tt)
1188 1615 1440 1668 mortem.
1479 1608 1655 1666 donec
1693 1624 1825 1670 con-

240 1695 539 1741 sumantur
570 1687 638 1744 de
669 1698 836 1756 terra,
891 1707 1056 1764 quam
1095 1692 1221 1752 dedi
1251 1697 1355 1769 eis,
1383 1699 1452 1766 λ(
1481 1707 1536 1756 et
1574 1700 1826 1776 patribus

237 1788 437 1829 eorum
467 1776 513 1845 1.

1937 705 2070 762 dicit
2101 705 2385 775 Dominus,
2417 711 2732 782 iniquitates
2763 733 2950 778 eorum
2974 761 2990 783 ,
3019 731 3076 776 et
3094 705 3273 792 super
3310 705 3512 784 terram

1935 795 2352 866 Chaldteorum.
2396 810 2452 864 et
2487 819 2682 872 ponam
2721 822 2815 868 eos
2862 811 2916 865 in
2959 813 3185 868 exitium
3229 829 3513 885 sempiter-

1934 900 2067 942 num
2101 886 2164 955 ζ.
2203 889 2289 948 15.
2319 900 2373 952 et
2409 891 2664 954 inducam
2695 912 2858 966 super
2879 909 3078 958 terram
3107 905 3291 959 omnia
3325 907 3510 971 verba,

1925 991 2057 1064 qua:
2081 977 2299 1037 locutus
2323 996 2445 1038 sum
2474 998 2639 1052 super
2658 1000 2762 1050 ea;
2786 990 2990 1051 omnia,
3015 1007 3136 1061 quae
3157 994 3356 1064 scripta
3382 1005 3510 1050 sunt

1933 1063 1986 1118 in
2015 1063 2156 1140 libro
2185 1066 2312 1133 hoc,
2344 1085 2468 1139 quas
2504 1073 2848 1142 prapbetsvit
2882 1075 3112 1138 Jeremia
3142 1097 3306 1152 super
3333 1084 3512 1138 omni-

1923 1153 2035 1222 bus
2067 1157 2340 1233 gentibus.
2390 1159 2473 1218 ιι.
2519 1163 2587 1231 ὶε(
2621 1162 2698 1234 (lt)
2737 1166 2878 1230 Quia
2915 1169 3195 1227 coluerunt
3227 1174 3506 1228 servitium

1927 1241 1986 1324 in
2014 1243 2096 1302 eis
2142 1243 2269 1302 item
2304 1245 2438 1317 ipsis
2465 1258 2654 1320 gentes
2700 1255 2920 1321 multm,
2954 1266 3008 1314 et
3041 1272 3192 1327 reges
3222 1263 3423 1329 magni,
3455 1270 3510 1322 et

1931 1331 2232 1392 retribuam
2258 1333 2338 1396 eis.
2370 1338 2671 1400 secundum
2704 1356 2842 1414 opus
2873 1359 3085 1409 eorum,
3118 1354 3172 1404 et
3208 1351 3507 1406 secundm

1930 1417 2072 1492 facta
2096 1437 2360 1484 manuum
2388 1441 2577 1486 eorum
2601 1427 2650 1499 1.
2685 1429 2769 1484 15.
2805 1429 2942 1498 Quia
2971 1434 3050 1494 sic
3073 1435 3211 1494 dixit
3247 1436 3508 1494 Dominus

1928 1511 2073 1569 Deus
2114 1515 2330 1572 lsraelis
2359 1517 2429 1576 ad
2470 1533 2558 1574 me
2596 1538 2611 1574 :
2657 1519 2826 1580 Sume
2857 1524 3086 1583 calicem
3128 1525 3240 1580 vini
3288 1527 3351 1598 (i)
3400 1543 3506 1582 non

1926 1603 2080 1668 mixti
2108 1605 2272 1682 hujus
2297 1622 2365 1665 ex
2399 1624 2566 1668 manu
2601 1627 2742 1677 mea.
2775 1623 2828 1673 et
2865 1615 3022 1674 dabis
3053 1616 3348 1674 bibendum
3383 1633 3507 1679 eum

1926 1696 2182 1754 omnibus
2219 1700 2494 1772 gentibus.
2535 1703 2605 1760 ad
2640 1718 2779 1776 quas
2815 1719 2915 1776 ego
2957 1705 3114 1764 mitto
3159 1715 3210 1764 te
3249 1727 3262 1762 :
3334 1709 3420 1766 l6.
3453 1718 3509 1768 et

1925 1785 2127 1851 bibent.
2163 1788 2236 1862 (k)
2267 1799 2324 1848 et
2358 1803 2628 1858 evomant,
2662 1804 2718 1850 et
2755 1795 3024 1852 insaniant
3053 1795 3122 1852 ab
3153 1807 3277 1851 ante
3309 1797 3504 1856 faciem

316 1863 455 1957 Cap.
492 1863 816 1924 XXV.--i.
851 1869 916 1940 (⁶)
952 1869 1212 1940 Verbum,
1244 1875 1390 1944 quod
1420 1875 1622 1934 factum
1645 1887 1730 1936 est
1753 1878 1821 1937 ad
1853 1885 1896 1941 Β
1923 1877 2108 1946 gladii,
2139 1893 2304 1953 quem
2341 1896 2445 1953 ego
2482 1883 2640 1940 mitto
2683 1884 2738 1944 in
2783 1885 3024 1944 medium
3064 1901 3277 1946 eorum.
3314 1887 3403 1946 17.
3435 1891 3504 1957 Χ

235 1951 533 2010 Jeremiam
575 1973 740 2027 super
785 1973 1005 2016 omnem
1053 1965 1313 2035 populum
1357 1963 1532 2036 Iudae,
1578 1969 1632 2025 in
1677 1984 1824 2030 anno

234 2055 436 2113 quarto
461 2043 672 2101 Joacitn
701 2047 793 2103 ﬁlii
821 2048 986 2106 Josize
1021 2053 1164 2125 regis
1195 2053 1351 2113 «ludas
1379 2073 1395 2114 :
1428 2056 1475 2114 is
1506 2059 1574 2126 χ(
1607 2067 1691 2115 est
1725 2075 1822 2116 ano

235 2131 352 2204 nus,
406 2135 617 2206 primus
677 2131 1264 2224 Nabuchodonosoris
1298 2149 1443 2222 regis
1504 2147 1817 2221 Babylonis.

233 2224 467 2305 verbum
495 2225 548 2294 1,
571 2225 625 2279 2.
652 2229 792 2312 quod
818 2229 1033 2288 locutus
1056 2243 1139 2289 est
1157 2234 1481 2305 )(‘Jeremia
1501 2240 1764 2310 propheta
1789 2241 1812 2312 ζ

231 2313 302 2368 ad
335 2330 554 2370 omnem
576 2310 837 2388 populum
862 2317 1103 2388 Judae,el
1129 2327 1196 2404 ad
1224 2327 1544 2402 habitantes
1573 2329 1626 2386 in
1654 2310 1818 2386 Iern;-

232 2405 431 2470 Salem,
470 2407 657 2468 dicens
690 2429 704 2465 :
741 2410 794 2467 5.
839 2414 916 2486 (as)
949 2413 1004 2470 In
1039 2431 1184 2478 anno
1216 2423 1378 2474 tertio
1407 2421 1620 2482 decimo
1657 2420 1820 2480 Josite

232 2493 329 2568 ﬁlii
351 2498 526 2556 Amon
551 2495 692 2575 regis
718 2502 891 2569 Judze,
908 2516 960 2564 et
981 2523 1155 2580 usque
1173 2509 1240 2563 ad
1266 2511 1408 2566 diem
1433 2512 1576 2570 hunc
1591 2516 1659 2582 ὶΰ(
1674 2513 1765 2571 is“
1790 2512 1814 2586 ἶ

236 2599 352 2669 tres
391 2599 447 2646 et
477 2592 666 2663 viginti
700 2587 849 2662 anni,
883 2599 950 2666 »ζ
983 2597 1184 2656 factum
1223 2611 1309 2659 est
1342 2602 1569 2658 verbum
1603 2602 1817 2660 Domini

232 2680 300 2763 ad
325 2695 413 2733 me
449 2679 471 2749 1
508 2695 523 2734 :
564 2691 617 2737 et
639 2683 852 2740 locutus
883 2701 1003 2744 sum
1031 2689 1097 2744 ad
1126 2705 1244 2760 vos,
1272 2699 1617 2750 antevertens
1646 2702 1700 2748 et
1729 2692 1816 2748 di-

231 2783 388 2836 cens,
409 2770 532 2842 χει
553 2788 664 2828 non
685 2775 969 2834 audivistis
993 2795 1005 2832 :
1027 2776 1078 2832 4.
1103 2777 1178 2848 (y)
1205 2787 1260 2833 et
1281 2779 1405 2840 misi
1424 2780 1489 2834 ad
1510 2796 1608 2836 vos
1627 2797 1816 2840 omnes

231 2858 424 2932 servos
455 2878 606 2918 meos
640 2864 955 2936 pr0pbetas,
1006 2867 1062 2923 in
1103 2869 1371 2924 matutino
1417 2871 1723 2939 mittebam,
1760 2881 1816 2930 et

231 2953 341 3005 non
391 2953 696 3018 audivistis,
734 2947 788 3010 et
833 2955 906 3028 Qz)
945 2943 1054 3014 ndn
1097 2959 1408 3016 attendistis
1445 2962 1674 3018 auribus
1724 2978 1816 3018 ve-

227 3043 364 3096 stris
396 3044 464 3113 x
503 3043 569 3099 ad
602 3039 930 3102 audiendum
963 3047 1029 3116 1,
1069 3049 1123 3105 5.
1174 3049 1364 3108 dicens
1399 3054 1429 3116 ιζ
1457 3051 1811 3112 Revertimini

229 3132 380 3218 nunc
411 3133 488 3206 (α)
530 3138 908 3210 unusquisque
952 3154 984 3198 a
1025 3141 1240 3218 viasua
1274 3143 1440 3209 mala,
1467 3155 1522 3200 et
1547 3160 1580 3202 a
1616 3149 1812 3203 studiis

1922 1965 1990 2021 Et
2027 1969 2201 2028 sumsi
2243 1969 2266 2040 1
2308 1971 2530 2032 calicem
2567 1987 2636 2030 ex
2672 1989 2838 2033 manu
2882 1975 3118 2042 Domini.
3162 1985 3218 2036 et
3257 1978 3382 2034 dedi
3414 1979 3502 2042 bi.-

1921 2056 2158 2128 bendum
2188 2061 2443 2117 omnibus
2477 2064 2732 2135 gentibus
2753 2104 2770 2130 ,
2807 2066 2874 2124 ad
2907 2082 3046 2136 quas
3078 2067 3226 2124 misit
3263 2084 3349 2128 me
3389 2067 3501 2125 Do-

1921 2149 2102 2206 minus
2137 2152 2208 2222 χ(
2239 2151 2304 2225 (ι)
2335 2152 2405 2208 ad
2433 2168 2527 2212 eas
2563 2153 2588 2223 1
2628 2172 2641 2207 :
2688 2155 2776 2212 18.
2815 2155 3116 2216 Jerusalem
3131 2198 3153 2225 .,
3185 2166 3242 2219 et
3274 2159 3502 2218 urbibus

1919 2238 2094 2304 Iuda.
2121 2248 2176 2300 et
2195 2243 2414 2316 regibus
2439 2244 2580 2314 ejus,
2606 2256 2660 2302 et
2680 2247 3019 2318 principibus
3039 2249 3180 2324 ejus,
3206 2250 3273 2308 ad
3296 2265 3501 2320 ponen-

1919 2331 2049 2390 dum
2079 2347 2174 2389 eos
2206 2333 2262 2388 in
2303 2334 2723 2400 desolationem,
2767 2347 2821 2393 et
2854 2339 2950 2408 (in)
2991 2340 3046 2399 in
3082 2355 3188 2396 non
3228 2340 3495 2408 pervium,

1917 2429 1973 2476 et
1999 2421 2052 2480 in
2085 2423 2328 2489 sibilum,
2355 2426 2424 2493 Χ
2455 2433 2511 2480 et
2537 2425 2592 2480 in
2618 2426 3052 2484 maledictionem
3083 2428 3137 2486 in
3163 2428 3252 2486 die
3284 2428 3391 2484 hoc
3416 2429 3439 2495 1
3480 2445 3494 2482 :

1921 2512 2005 2568 19.
2047 2521 2101 2569 et
2129 2511 2404 2570 Pharaoni
2435 2515 2550 2585 regi
2587 2513 2828 2587 Egypti,
2868 2525 2924 2574 et
2960 2521 3133 2576 servis
3166 2517 3306 2588 ejus,
3336 2525 3390 2576 et
3418 2518 3496 2588 (rt)

1915 2603 2258 2673 magnatibus
2279 2603 2421 2675 ejus,
2449 2604 2540 2662 20.
2572 2616 2626 2683 ct
2655 2607 2805 2661 omni
2834 2609 3034 2678 popqu
3063 2609 3203 2677 ejus,
3235 2616 3290 2664 et
3313 2609 3495 2667 omni-

1915 2692 2018 2748 bus
2049 2693 2233 2750 mixtis
2260 2693 2404 2763 ejus,
2439 2703 2495 2752 et
2527 2696 2782 2754 omnibus
2815 2699 3032 2769 regibus
3063 2698 3386 2763 insularum,
3426 2701 3495 2766 Χ

1914 2791 1969 2840 et
1989 2783 2244 2842 omnibus
2270 2785 2489 2856 regibus
2515 2793 2671 2842 terra:
2695 2786 2770 2857 (ο)
2799 2788 3224 2858 alienigenarum
3256 2788 3304 2862 ζ,
3329 2789 3495 2848 etiam

1914 2871 2194 2937 Ascaloni,
2241 2884 2296 2928 et
2327 2873 2506 2942 Gazae,
2550 2885 2607 2934 et
2645 2881 2912 2942 Accaron,
2955 2886 3010 2931 et
3049 2877 3268 2938 residuo
3313 2877 3493 2942 Azoti,

1915 2963 2004 3019 2i.
2037 2973 2092 3021 et
2126 2965 2393 3032 idumaeas,
2433 2977 2488 3025 et
2522 2967 2829 3035 Moabitidi,
2859 2978 2916 3035 et
2945 2969 3360 3036 ﬁliisAmmon,
3397 2967 3488 3026 22.

1915 3065 1966 3111 et
1996 3055 2250 3112 omnibus
2283 3057 2503 3128 regibus
2536 3057 2686 3129 Tyri.
2715 3067 2770 3116 et
2795 3059 3051 3116 omnibus
3085 3059 3304 3130 regibus
3332 3056 3493 3115 Sido-

1917 3146 2025 3209 nis,
2058 3150 2126 3217 >ε<
2150 3156 2204 3202 et
2234 3149 2450 3218 regibus
2483 3149 2786 3208 insularum
2817 3151 2867 3220 1.
2896 3151 2989 3222 qui
3018 3161 3166 3212 trans
3199 3164 3368 3213 mare,
3398 3149 3488 3206 25.

227 3213 396 3309 malis
444 3227 661 3294 vestris,
706 3237 760 3283 et
799 3216 1122 3287 babitabitis'
1158 3231 1214 3286 in
1265 3242 1430 3301 terra,
1479 3252 1645 3305 quam
1688 3237 1811 3294 dedi
1838 3260 1880 3316 ο
1914 3247 1967 3296 et
2000 3213 2207 3304 Dadan,
2233 3213 2586 3308 et'Tbeman,
2616 3250 2670 3298 et
2696 3213 3085 3307 BozIet-omni
3115 3251 3273 3297 tonso
3302 3254 3492 3298 versus

230 3306 409 3379 vobis,
441 3325 496 3374 et
527 3313 774 3388 patribus
804 3323 999 3377 vestris
1031 3338 1062 3377 a
1092 3325 1314 3390 saeculo,
1342 3339 1396 3382 et
1429 3343 1602 3398 usque
1625 3328 1680 3383 in
1708 3344 1813 3386 sae-

227 3406 438 3464 Culum.
467 3407 520 3464 6.
552 3407 942 3468 Neambulctis
964 3424 1089 3484 post
1115 3415 1248 3472 deos
1281 3417 1511 3481 alienos,
1539 3419 1606 3475 ad
1632 3419 1814 3476 colen-

227 3498 360 3554 dum
417 3499 699 3558 servitium
745 3503 849 3570 eis,
907 3515 962 3560 et
1007 3506 1077 3562 ad
1120 3507 1459 3566 adorandum
1503 3525 1617 3578 eos,
1650 3520 1711 3566 ut
1745 3527 1813 3568 ne

229 3591 455 3647 irritetis
500 3609 588 3649 me
633 3594 687 3649 in
735 3595 996 3667 operibus
1043 3613 1305 3656 manuum
1360 3610 1688 3668 vestrarum,
1737 3604 1804 3659 ad

227 3683 684 3741 malefaciendum
714 3686 890 3752 vobis,
928 3687 978 3743 7.
1008 3698 1062 3744 et
1090 3705 1198 3747 non
1225 3691 1456 3748 audistis
1490 3708 1596 3764 me,
1628 3695 1698 3760 χ
1731 3693 1814 3749 di-

225 3775 302 3830 cit
331 3771 620 3843 Dominus,
662 3786 722 3833 ut
764 3779 988 3836 irritetis
1026 3795 1112 3835 me
1150 3780 1204 3835 in
1243 3783 1504 3852 operibus
1547 3798 1810 3838 manuum

224 3875 536 3924 vestrarum
561 3909 577 3936 ,
604 3868 671 3924 ad
701 3870 842 3923 male
872 3868 1180 3926 faciendum
1210 3873 1365 3928 vobis
1404 3872 1452 3942 1.
1497 3872 1550 3928 8.
1581 3871 1811 3944 Propter

224 3947 335 4012 hoc
375 3958 490 4013 haec
537 3958 668 4015 dicit
708 3959 975 4018 Dominus
1006 3963 1075 4032 χ
1121 3964 1383 4020 virtutum
1429 3965 1499 4034 1,
1545 3963 1684 4030 Quia
1735 3965 1809 4038 (b)

225 4047 337 4104 non
367 4050 677 4114 credidistis
704 4053 887 4111 verbis
914 4054 1072 4120 meis,
1102 4054 1155 4109 9.
1189 4071 1316 4112 ecce
1339 4058 1407 4124 χ(
1439 4071 1540 4128 ego
1569 4057 1592 4125 1
1626 4058 1808 4126 mitto,

224 4149 282 4196 et
311 4157 525 4196 sumam
549 4142 618 4213 (ε)
647 4159 864 4198 omnem
897 4144 1093 4200 tribum
1126 4145 1420 4216 aquilonis,
1449 4148 1517 4214 ὶε(
1545 4146 1675 4200 dicit
1706 4145 1812 4202 Do-

227 4230 436 4298 minus,
471 4241 526 4287 et
565 4232 633 4288 ad
664 4232 1262 4297 Nabuchodonosorem
1301 4251 1483 4308 regem
1515 4236 1809 4308 Babylonis

225 4337 447 4379 servum
500 4340 682 4379 meum
721 4329 769 4394 1,
827 4335 881 4382 et
931 4326 1199 4384 adducam
1245 4341 1342 4384 eos
1391 4343 1556 4398 super
1606 4338 1808 4385 terram

225 4416 393 4482 hanc,
428 4425 483 4470 et
519 4430 682 4485 super
733 4403 1042 4474 habitantes
1091 4418 1146 4472 in
1177 4432 1263 4486 ea,
1306 4428 1364 4474 et
1408 4434 1571 4489 super
1615 4434 1809 4476 omnes

225 4516 439 4578 gentes,
473 4523 597 4577 quae
627 4507 682 4566 in
719 4508 952 4568 circuitu
979 4510 1121 4582 ejus.
1157 4511 1234 4581 (ιι)
1261 4521 1314 4567 et
1350 4511 1574 4568 vastabo
1598 4527 1713 4578 eos,
1753 4521 1807 4567 et

1915 3321 2108 3381 faciem
2140 3338 2319 3394 suam,
2347 3324 2438 3384 ει.
2469 3334 2524 3384 et
2556 3327 2814 3386 omnibus
2845 3329 3066 3400 regibus
3092 3330 3158 3396 ἃ(
3189 3325 3404 3382 Arabia;
3441 3325 3492 3393 ζ.

1913 3422 1967 3470 et
2003 3416 2258 3472 omnibus
2292 3419 2361 3487 )t(
2401 3419 2622 3491 regibus
2671 3419 3029 3488 1commixtis
3051 3461 3065 3488 ,
3089 3417 3494 3500 diversantibus

1914 3506 1968 3560 in
1999 3506 2238 3574 deserto,
2267 3508 2358 3564 25.
2393 3511 2462 3580 Χ
2495 3516 2550 3565 et
2583 3511 2842 3567 omnibus
2881 3511 3098 3580 regibus
3129 3509 3312 3564 Zamri
3348 3508 3400 3576 ζ,
3439 3516 3494 3566 et

1913 3597 2169 3653 omnibus
2197 3599 2415 3668 regibus
2453 3598 2657 3670 IElam,
2688 3610 2742 3656 et
2774 3604 3031 3658 omnibus
3060 3602 3277 3670 regibus
3306 3599 3494 3656 Persa-

1913 3703 2057 3753 rum,
2089 3688 2179 3744 26.
2223 3698 2277 3744 et
2307 3691 2563 3746 omnibus
2595 3692 2814 3760 regibus
2846 3693 3140 3761 aquilonis,
3173 3691 3267 3762 qui
3301 3704 3490 3761 prope.

1912 3785 1966 3832 et
1998 3780 2093 3848 qui
2119 3778 2298 3850 longe,
2337 3780 2634 3851 unicuique
2671 3782 2738 3835 ad
2766 3780 2987 3836 fratrem
3012 3797 3198 3849 suum,
3230 3790 3284 3838 et
3313 3781 3492 3835 omni-

1913 3867 2016 3923 bus
2042 3869 2224 3939 regnis
2260 3878 2438 3939 terrae,
2470 3886 2592 3941 qua:
2623 3887 2789 3940 super
2809 3871 2950 3926 facie
2990 3879 3166 3934 terrae,
3202 3873 3268 3939 Χ
3298 3880 3352 3926 et
3376 3871 3490 3943 τού

1914 3955 2069 4014 Sisac
2101 3960 2152 4029 1,
2191 3959 2339 4014 bibet
2378 3959 2454 4032 (ρ)
2487 3961 2869 4030 unusquisque
2890 3975 2954 4015 ex
2985 3959 3084 4016 eis.
3116 3957 3209 4014 27.
3249 3957 3314 4013 Et
3338 3957 3490 4015 dices

1911 4049 1980 4104 ad
2025 4064 2170 4107 eos:
2214 4049 2305 4106 Sic
2351 4050 2488 4106 dixit
2538 4050 2798 4107 Dominus
2836 4051 2910 4121 (q)
2952 4049 3299 4119 omnipotens
3345 4047 3490 4106 Deus

1911 4140 2126 4197 lsraelis
2164 4159 2177 4196 :
2227 4140 2422 4209 Bibite,
2462 4149 2517 4196 et
2552 4141 2918 4208 inebriamini,
2947 4149 3002 4196 et
3043 4139 3264 4204 vomite,
3306 4148 3360 4196 et
3399 4153 3488 4198 ca.

1910 4232 2070 4298 detis,
2119 4241 2172 4288 et
2194 4248 2302 4287 non
2327 4234 2622 4303 resurgetis
2646 4233 2716 4288 ab
2741 4244 2865 4289 ante
2891 4233 3080 4290 faciem
3110 4233 3294 4304 gladii,
3325 4247 3488 4304 quem

1910 4328 2124 4382 mittam
2159 4326 2303 4382 inter
2338 4343 2458 4386 vos.
2489 4327 2579 4382 28.
2608 4325 2675 4382 Et
2700 4326 2805 4380 erit
2838 4325 3056 4396 quando
3083 4339 3192 4388 non
3221 4323 3487 4382 voluerint

1911 4420 2157 4490 accipere
2189 4418 2415 4476 calicem
2446 4433 2476 4474 a
2518 4434 2682 4474 manu
2714 4425 2829 4481 tua,
2867 4426 2927 4472 ut
2961 4416 3170 4482 bibant,
3209 4415 3372 4474 etiam
3398 4416 3486 4472 di-

1911 4528 2002 4568 ces
2027 4512 2108 4572 eis
2145 4529 2157 4565 :
2193 4508 2285 4568 Sic
2313 4509 2450 4566 dixit
2473 4508 2735 4568 Dominus
2768 4507 3030 4564 virtutum
3062 4524 3076 4561 :
3114 4505 3355 4562 Bibendo
3401 4506 3487 4564 bi-

226 4599 370 4652 dabo
400 4613 496 4652 eos
529 4598 582 4652 in
613 4599 860 4664 exitium,
895 4609 948 4656 et
978 4601 1031 4656 in
1056 4601 1300 4668 sibilum,
1332 4600 1401 4674 (e)
1431 4611 1485 4658 et
1521 4602 1576 4657 in
1608 4617 1807 4672 oppro-
1839 4592 1882 4647 Ῑ)
1911 4603 2084 4671 betis;
2123 4602 2214 4658 29.
2251 4602 2379 4673 quia
2399 4604 2467 4672 Ἀ(
2499 4612 2625 4657 ecce
2657 4601 2681 4672 1
2719 4601 2773 4655 in
2799 4600 2953 4666 urbe,
2998 4614 3119 4670 quas
3144 4599 3486 4657 nominatum

224 4690 408 4745 brium
443 4689 832 4759 sempiternum
871 4709 884 4748 ;
937 4691 1023 4746 10.
1057 4701 1115 4746 et
1147 4691 1368 4762 perdam
1402 4709 1468 4748 ex
1501 4692 1581 4748 eis
1616 4709 1804 4751 vocem

224 4780 435 4858 gaudii,
467 4787 520 4836 et
554 4794 738 4836 vocem
772 4778 974 4836 laetitia:
1000 4820 1015 4846 ,
1044 4796 1235 4836 vocem
1268 4781 1496 4854 sponsi,
1535 4789 1589 4837 et
1615 4797 1808 4837 vocem

226 4885 470 4941 sponsae,
524 4884 708 4925 vocem
761 4871 941 4934 molat,
983 4879 1038 4926 et
1081 4871 1263 4926 lumen
1316 4871 1568 4926 lucet-nm.
1611 4871 1698 4926 11.
1741 4870 1809 4926 Et

225 4962 336 5016 erit
362 4961 544 5015 omnis
571 4970 711 5015 terra
742 4963 810 5029 Χ
843 4961 958 5016 haec
987 4960 1043 5015 in
1071 4961 1481 5028 desolationem,
1515 4961 1580 5032 (Γ)
1606 4970 1660 5017 et
1696 4963 1718 5031 1
1752 4963 1804 5016 in

225 5053 461 5114 exitium
498 5070 513 5107 :
550 5061 605 5106 et
635 5053 814 5108 colent
845 5052 1126 5109 servitium
1166 5053 1221 5110 in
1253 5053 1505 5124 gentibus
1555 5055 1626 5121 χ
1659 5054 1746 5110 bis
1779 5053 1805 5123 1

226 5144 345 5214 regi
378 5143 671 5215 Babylonis
715 5144 1061 5215 septuaginta
1092 5147 1272 5202 annis.
1308 5144 1395 5202 £2.
1433 5143 1498 5200 Et
1536 5160 1661 5201 cum
1703 5145 1810 5200 im-

305 5298 378 5369 (r)
412 5297 501 5364 A.,
531 5295 614 5363 8.,
655 5297 1035 5422 princigest)
1063 5297 1151 5363 Α..
1189 5296 1273 5364 8.,
1305 5301 1725 5356 commotionem
1757 5299 1813 5355 in

305 5368 496 5422 aulam.
575 5367 654 5422 (ul
695 5369 785 5422 Α..
874 5407 908 5422 ..
945 5376 1176 5422 pestem.
1229 5368 1294 5422 (Ἴ
1343 5369 1532 5422 Capita
1563 5379 1816 5422 sequuntt

1918 5299 1989 5355 tla
2011 5297 2290 5380 .omnibus
2317 5295 2520 5377 regnis.
2615 5292 2682 5417 g)

1918 5378 1968 5422 at
2011 5384 2066 5422 tn
2099 5375 2246 5422 textu
2279 5365 2565 5420 chratco.
2664 5381 2682 5419 r

635 5365 673 5436 )“
695 5369 785 5439 Α..
828 5365 908 5439 8.,
945 5365 1176 5439 pestem.
1229 5368 1294 5439 (')
1343 5369 1532 5439 capita
1563 5379 1868 5439 sequuntur
1907 5378 1968 5423 ut
1990 5368 2066 5439 _in
2099 5375 2246 5439 textu
2279 5365 2565 5439 Hebraieo.

231 5368 496 5425 fabulam.
575 5369 631 5437 (α

1913 4704 1997 4754 est
2038 4709 2239 4752 nomen
2287 4708 2468 4750 meum
2515 4707 2679 4762 super
2715 4707 2856 4758 eam,
2897 4705 2997 4761 ego
3037 4691 3238 4760 incipio
3269 4690 3486 4747 malefa-

1915 4799 2041 4841 cere
2086 4801 2100 4839 :
2142 4791 2200 4842 et
2241 4798 2341 4841 vos
2384 4783 2700 4838 mundando
2743 4785 2811 4850 Χ
2850 4781 3250 4836 mundabimini
3284 4781 3333 4849 1,
3378 4797 3486 4840 non

1915 4872 2344 4940 mundabimini;
2373 4873 2502 4942 quia
2539 4870 2778 4941 gladium
2822 4885 2921 4941 ego
2953 4871 3144 4926 invoco
3185 4887 3347 4943 super
3377 4887 3466 4927 om

1913 4983 2011 5024 nes
2037 4966 2344 5022 habitantes
2371 4979 2542 5034 super
2563 4973 2724 5030 terra,
2750 4964 2880 5020 dicit
2907 4962 3171 5020 Dominus
3197 4949 3484 5020 virtutum‘.

1916 5057 2006 5112 50.
2042 5055 2107 5112 Ει
2142 5065 2199 5111 tu
2236 5055 2585 5126 prophetabis
2614 5068 2778 5123 super
2815 5067 2911 5110 eos
2937 5054 3121 5109 omnia
3156 5055 3317 5110 verba
3351 5055 3484 5120 haec,

1917 5154 1975 5201 et
2000 5147 2150 5202 dices
2181 5145 2249 5201 ad
2287 5159 2381 5200 eos
2415 5164 2430 5200 :
2466 5143 2733 5199 Dominus
2769 5155 2838 5196 ex
2875 5144 3093 5200 excelso
3125 5144 3195 5214 (ν)
3225 5144 3463 5199 vaticina

2709 5294 2799 5360 At,
2820 5295 2876 5351 in
2905 5296 3276 5360 proverbium.
3313 5294 3398 5358 S.,
3431 5295 3484 5349 in

2664 5365 2814 5436 rach.
2900 5365 2980 5436 (τε)
3009 5367 3102 5430 Α.,
3137 5365 3219 5436 S_.,
3247 5368 3316 5436 ab
3341 5379 3484 5418 anno

231 5381 496 5450 fututam.
527 5437 539 5448 I
575 5381 654 5437 tu)
695 5381 785 5432 4.,
828 5381 908 5431 5.,
936 5381 1176 5490 restem.
1229 5381 1294 5450 (⁷)
1327 5381 1540 5451 ,υθυηεξ
1563 5381 1816 5439 sequuntt

231 5450 398 5494 tertio
425 5438 659 5492 decimo.
736 5437 810 5506 (ῃ)
861 5437 932 5492 Re
958 5452 1087 5506 tqut,
1127 5446 1180 5491 et
1218 5449 1364 5491 mtstt
1391 5437 1672 5492 Dominus.
1751 5441 1816 5505 (2.]

1918 5381 1968 5423 at
2011 5384 2066 5422 tn
2099 5381 2246 5422 textu
2279 5381 2565 5420 uenratco.
2615 5381 2814 5419 uracn.
2900 5381 2980 5436 (τε)
3009 5381 3102 5430 Α.,
3137 5381 3219 5431 5.,
3247 5381 3316 5418 an
3341 5381 3484 5418 anno

1918 5478 1947 5501 .,
1977 5436 2060 5503 S.,
2089 5451 2196 5506 non
2225 5435 2546 5490 inclinastis.
2583 5503 2593 5506 Α
2625 5433 2703 5506 (ο)
2735 5435 2835 5506 Α..
2861 5436 2963 5488 vir.
3040 5434 3238 5506 (b)_A.,_
3264 5433 3484 5506 S.._non

231 5507 524 5586 audivistis
555 5521 663 5560 me.
739 5505 929 5586 (erm,
969 5505 1816 5586 S.‘,_omneseonsanguinitates:

1919 5509 1975 5586 εί)
2002 5505 2229 5586 A.,“S_.,n
2233 5513 2287 5558 et
2309 5505 2596 5586 perditioni
2611 5505 2894 5586 devoveho
2917 5517 3032 5586 eos.
3087 5505 3177 5586 .(s)

868 5577 961 5655 ᾼ..
988 5583 1052 5657 et
1060 5575 1114 5629 in
1125 5577 1347 5657 :terilo.
1416 5573 1610 5657 ,(9)
1647 5577 1730 5657 β..
1762 5573 2015 5657 visitabo.
2079 5575 2158 5657 (ἡ)
2191 5573 2272 5657 S.,
2308 5573 2373 5653 in.
2400 5573 2714 5657 servitutem
2750 5573 2991 5657 redigent
3013 5573 3486 5657 anim‘etiatnegs

235 5654 425 5726 gentes
449 5648 653 5704 multa.
694 5643 861 5767 φΑ..
879 5644 991 5700 ine.
1013 5645 1100 5710 S.,
1125 5643 1246 5708 Th.,
1263 5643 1488 5701 furoris.
1536 5646 1609 5717 (It)
1629 5650 1716 5713 A.,
1733 5655 1787 5700 et
1804 5647 2300 5728 commovebuntur
2331 5643 2516 5724 simul,
2538 5643 2791 5778 etinique
2817 5656 2903 5709 age

235 5722 434 5776 Vivent,
469 5723 523 5768 et
547 5725 698 5767 tumu
725 5715 1042 5770 tuabuntur.
1116 5715 1181 5778 (ι)
1209 5716 1383 5778 Super
1414 5730 1527 5770 eas.
1603 5715 1698 5778 (ηε)
1731 5717 1820 5778 Α..
1844 5731 1900 5771 ιιι
1925 5715 2128 5771 sterile.
2152 5711 2310 5778 S.,tn
2333 5721 2580 5768 emtum.
2646 5715 2701 5778 (η
2754 5707 2903 5772 A.,S

237 5715 434 5776 vivent.
469 5723 523 5768 et
547 5715 1042 5770 tumultuabuntur.
1116 5715 1181 5784 (ι)
1209 5716 1383 5784 Super
1414 5715 1554 5770 eas.‘
1590 5715 1698 5785 ’(m)
1731 5717 1816 5780 Α.¹

237 5783 421 5849 ιαμ..
454 5782 541 5848 8.,
566 5782 821 5841 Felestin.
857 5783 918 5845 li.
937 5799 985 5839 e.
1012 5781 1328 5847 Philistim.i
1360 5785 1436 5849 (υ)
1455 5783 1687 5842 Ultimus
1714 5800 1816 5842 cori

1925 5715 2128 5771 sterile.
2152 5715 2236 5778 8.,
2255 5715 2310 5766 in
2333 5715 2580 5768 exitium.
2646 5715 2724 5780 (η)
2754 5715 2947 5772 A.,S.,

1918 5821 1926 5839 .
1967 5784 2042 5844 (ο)
2067 5784 2156 5844 Α..
2172 5781 2530 5840 exercituum.
2554 5778 2636 5842 8.,
2655 5780 2936 5834 virtutum.

233 5577 293 5631 in
319 5576 700 5632 vastationem.
753 5576 756 5577 ⁷
775 5578 794 5644 (

235 5715 434 5776 vivent,
469 5723 523 5768 et
547 5715 1042 5770 tumultuabuntttr.

2406 5503 2596 5558 ditioni
2619 5500 2894 5558 de'voveho
2917 5500 3056 5559 eos.‘
3095 5500 3177 5569 ’(ι)
3204 5502 3296 5564 Α..
3314 5500 3409 5567 .S.,
3433 5512 3485 5557 et

2723 5656 2791 5696 ue
2817 5638 2994 5709 agent.
3018 5638 3103 5704 S.,
3131 5639 3259 5709 etin
3277 5640 3486 5696 deliciis

3003 5708 3318 5834 igin‘cipisbu:
3345 5709 3484 5848 agitas.

3003 5795 3027 5829 ν
3129 5818 3166 5834 ..
3235 5817 3270 5832 ..
3322 5795 3354 5834 u
3469 5817 3486 5834 .
