3902 6466
417 424 560 480 2M3

1596 423 1826 480 cooEx
1867 401 2540 479 SYRO-HEXAPLARIS.

3527 428 3667 486 9.3L!

415 534 564 590 bitur
597 552 613 591 :
644 532 710 590 de
747 541 937 590 sancto
969 548 1073 588 suo
1106 533 1258 589 dabit
1289 547 1493 598 vocem,
1531 545 1585 590 et
1609 552 1672 591 ex
1709 537 1995 591 habitacu-
2029 541 2070 597 Α
2103 535 2176 605 (q)
2221 535 2728 604 pseudoprophetae,
2770 541 2825 590 et
2867 535 3049 590 omnis
3082 536 3337 606 p0pulus.
3381 535 3610 594 dicendo
3651 558 3667 595 :

417 625 471 680 lo
520 633 711 681 sancto
753 625 906 680 dabit
945 639 1132 680 vocem
1170 641 1348 688 suam.
1396 629 1660 698 rugiendo
1709 630 1886 698 rugiet
1927 629 1998 698 (ε)

417 731 584 786 super
629 718 827 772 decore
881 731 1006 780 suo,
1049 716 1134 771 vel
1182 718 1511 773 cantilenam
1567 721 1712 775 sicut
1771 720 1999 774 verbum

418 823 579 862 suum
614 807 1002 862 vaticinabitur
1030 822 1196 876 super
1228 809 1350 864 loco
1377 824 1501 864 suo.
1532 809 1600 864 Et
1628 810 1728 872 illi,
1763 811 1905 864 sicut
1931 809 1997 879 (ι)

417 897 836 964 vindemiantes,
879 900 1290 969 respondebunt
1335 919 1348 954 :
1394 900 1571 969 Super
1610 915 1802 955 omnes
1839 901 1998 955 habi-

420 995 600 1044 tantes
629 1004 795 1058 super
825 998 972 1044 terra
1006 990 1084 1058 (α)
1116 991 1266 1044 venit
1289 990 1511 1053 deletio,
1561 990 1648 1044 51.
1683 1005 1849 1060 super
1869 1007 1998 1061 par-

417 1088 528 1133 tem
562 1090 722 1134 terrae
747 1095 762 1144 ;
791 1080 920 1150 quia
944 1080 1209 1150 judicium
1238 1079 1470 1134 Domino
1503 1080 1558 1134 in
1589 1082 1841 1150 gentibus
1871 1099 1889 1137 :
1907 1084 1997 1153 ju-

417 1169 620 1225 dicium
646 1180 862 1226 exercet
885 1170 1000 1240 ipse
1033 1171 1296 1226 adversus
1334 1187 1552 1227 omnem
1585 1187 1804 1228 carnem
1838 1192 1854 1228 :
1896 1175 1998 1229 im-

418 1261 492 1332 pii
522 1272 701 1318 autem
733 1262 844 1317 dati
875 1271 1003 1318 sunt
1029 1263 1083 1318 in
1112 1263 1375 1334 gladium,
1417 1263 1550 1318 dicit
1587 1263 1873 1322 Dominus.
1905 1266 1993 1320 52.

419 1355 498 1426 (:r)
532 1354 624 1409 Sic
670 1354 806 1409 dixit
841 1352 1104 1410 Dominus
1135 1357 1201 1422 Χ
1246 1353 1508 1408 virtutum
1553 1357 1575 1425 ζ
1617 1373 1631 1408 :
1674 1354 1812 1410 Ecce
1853 1357 1997 1412 mala

417 1445 647 1501 veniunt
670 1460 738 1500 ex
780 1453 937 1514 gente
975 1458 1138 1513 super
1164 1453 1379 1512 gentem
1416 1461 1430 1498 :
1481 1452 1536 1498 et
1570 1445 1732 1498 turbo
1766 1460 1996 1515 magnus

419 1535 497 1605 (ς)
531 1536 804 1607 egreditur
827 1535 898 1590 ab
918 1542 1162 1589 extremo
1199 1541 1358 1589 terra;
1384 1552 1398 1589 :
1427 1536 1515 1588 55.
1543 1544 1599 1590 et
1631 1544 1792 1590 erunt
1825 1536 1995 1591 occisi

420 1641 452 1681 a
479 1625 711 1681 Domino
735 1627 788 1679 in
817 1625 902 1680 die
927 1624 1001 1694 (ι)
1031 1624 1268 1687 Domini,
1299 1625 1375 1694 (a)
1402 1640 1433 1679 a
1463 1634 1615 1693 parte
1637 1634 1795 1681 terra:
1823 1643 1998 1696 usque

419 1715 486 1770 ad
522 1724 728 1784 partem
763 1723 921 1769 terra:
955 1730 968 1767 :
1013 1716 1080 1782 Χ
1114 1731 1220 1770 non
1249 1715 1596 1785 plangentur,
1637 1731 1816 1785 neque
1844 1718 1998 1771 colli-

419 1814 616 1873 gentur
657 1806 679 1874 ζ
725 1824 739 1859 :
783 1807 860 1875 (b)
904 1821 1012 1861 non
1052 1807 1384 1875 sepelientur
1425 1824 1440 1860 :
1489 1807 1542 1860 in
1596 1805 1782 1860 limum
1833 1821 1996 1876 super

2105 625 2274 680 Morte
2304 627 2557 680 morieris
2582 642 2597 692 ;
2625 626 2678 680 9.
2715 625 2841 696 quia
2873 627 3210 696 prophetasti
3249 628 3470 682 nomine
3495 627 3672 683 Domi-

2102 717 2178 778 ni,
2203 715 2392 771 dicens
2423 731 2438 767 :
2469 713 2624 770 Sicut
2651 715 2786 778 Silo,
2813 717 2918 770 erit
2941 717 3136 771 domus
3163 717 3296 779 haec,
3322 725 3378 771 et
3402 717 3535 772 urbs
3558 717 3672 772 haec

2103 805 2402 860 vastabitur
2437 805 2506 876 (r)
2543 807 2612 860 ab
2643 805 3058 861 habitatoribus.
3089 805 3156 860 Et
3182 817 3582 877 congregarunt
3613 822 3672 862 se

2100 895 2279 948 omnis
2317 895 2550 963 populus
2587 909 2750 962 super
2791 892 3082 949 Jeremiam
3119 895 3176 948 in
3215 894 3380 949 domo
3431 893 3670 949 Domini.

2101 984 2188 1038 10.
2220 983 2286 1038 Et
2340 986 2631 1040 audierunt
2668 986 2941 1054 principes
2994 984 3147 1040 Judaa
3199 987 3366 1040 verba
3416 984 3555 1051 haec,
3615 993 3672 1040 et

2099 1076 2460 1130 ascenderunt
2483 1091 2548 1130 ex
2575 1076 2739 1131 domo
2757 1076 2901 1146 regis
2933 1077 2986 1129 in
3014 1077 3235 1131 domum
3267 1075 3573 1138 Domini,et
3588 1091 3678 1131 se-

2097 1166 2297 1220 derunt
2325 1167 2379 1220 in
2408 1167 2677 1222 vestibulo
2719 1179 2888 1236 portae
2913 1179 3069 1221 novas
3103 1165 3341 1222 Domini.
3377 1166 3466 1219 11.
3504 1165 3567 1220 Et
3595 1167 3677 1221 di-

2101 1266 2303 1312 xerunt
2343 1259 2674 1324 sacerdotes,
2713 1269 2765 1313 et
2797 1258 2866 1328 (s)
2899 1258 3385 1328 pseudoprophetae
3427 1259 3496 1312 ad
3524 1259 3678 1328 prin-

2097 1350 2271 1420 cipes,
2310 1357 2364 1404 et
2409 1351 2556 1404 omni
2605 1350 2826 1420 populo,
2881 1353 2950 1419 Χ
2980 1350 3224 1404 dicentes
3271 1352 3293 1419 ζ
3344 1367 3358 1416 ;
3406 1349 3674 1418 judicium

2098 1439 2292 1492 mortis
2320 1439 2524 1493 homini
2567 1439 2715 1506 huic,
2745 1439 2874 1509 quia
2918 1439 3257 1508 prophetarit
3289 1438 3560 1494 adversus
3588 1457 3676 1492 ur-

2099 1527 2408 1596 bem‘hanc,
2439 1532 2580 1585 sicut
2605 1531 2852 1585 audiistis
2891 1531 2945 1584 in
2985 1531 3208 1585 auribus
3235 1533 3455 1585 vestris.
3500 1530 3584 1582 12.
3616 1528 3678 1583 Et

2098 1617 2235 1672 dixit
2275 1618 2509 1672 Jeremia
2552 1620 2615 1673 ad
2669 1622 2735 1686 Ἃ(
2780 1634 2971 1675 omnes
3019 1620 3041 1689 ζ
3096 1621 3389 1690 principes,
3435 1627 3493 1674 et
3527 1619 3678 1673 omni

2098 1710 2320 1778 populo,
2353 1710 2539 1764 dicens
2571 1725 2584 1760 :
2625 1708 2888 1764 Dominus
2930 1709 3079 1764 misit
3117 1725 3204 1763 me
3245 1710 3310 1764 ad
3343 1711 3677 1778 prophetau-

2100 1800 2228 1853 dum
2280 1815 2444 1867 super
2485 1801 2708 1855 domum
2753 1796 2914 1865 hanc,
2972 1812 3027 1854 et
3075 1815 3240 1869 super
3284 1803 3478 1854 urbem
3535 1800 3675 1855 hanc

420 1861 558 1950 facie
585 1861 935 1950 terraterunt.
961 1896 1052 1950 54.
1090 1861 1326 1960 ὁιυιδῑθ,
1360 1904 1628 1966 pastores,
1659 1905 1713 1950 et
1737 1861 1990 1964 clamate,
2031 1861 2077 1920 Β
2103 1889 2262 1944 verba
2291 1892 2475 1945 omnia
2499 1929 2515 1954 ο
2565 1907 2686 1960 qua:
2711 1891 2983 1945 audiistis.
3028 1891 3115 1946 l5.
3145 1890 3211 1947 Et
3244 1907 3393 1946 nunc
3423 1891 3673 1945 meliores

417 1994 474 2040 et
510 1986 582 2056 (ε)
617 1986 876 2056 plangite,
913 1987 1114 2042 arietes
1145 1986 1365 2051 ovium;
1407 1986 1537 2055 quia
1569 1987 1822 2055 completi
1871 1996 2000 2041 sunt

418 2077 536 2132 dies
577 2078 744 2132 vestri
777 2078 844 2132 ad
875 2078 1286 2140 mactationem,
1321 2086 1376 2131 et
1406 2080 1475 2145 Ἀ(
1506 2076 1876 2146 dispersiones
1901 2092 1994 2132 ve-

419 2179 562 2224 stras
587 2170 637 2237 ζ,
670 2177 726 2222 et
752 2169 978 2234 cadetis.
1009 2167 1085 2239 (ά)
1122 2176 1182 2222 ut
1205 2168 1404 2223 arietes
1439 2168 1595 2222 electi
1626 2185 1638 2220 :
1674 2168 1764 2222 35.
1793 2175 1848 2222 et
1874 2183 1996 2237 per-

421 2261 522 2315 ibit
580 2259 704 2328 fuga
757 2274 787 2314 a
837 2259 1172 2328 pastoribus,
1223 2268 1278 2314 et
1321 2258 1472 2314 salus
1517 2257 1587 2328 (e)
1636 2258 1706 2311 ab
1737 2259 1998 2312 arietibus

419 2345 618 2414 cresia.
651 2345 743 2400 56.
773 2344 888 2400 Vox
933 2346 1190 2400 clamoris
1228 2356 1538 2414 pastorum,
1569 2355 1627 2400 et
1652 2346 1893 2402 ululatus
1940 2363 1999 2400 a-

420 2437 614 2490 rietum
646 2437 846 2506 gregis,
878 2437 1008 2506 quia
1034 2436 1232 2492 delevit
1259 2435 1525 2492 Dominus
1559 2436 1627 2506 (Ι)
1658 2451 1863 2506 pascua
1905 2453 2000 2493 eo-

423 2538 543 2578 rum
579 2524 643 2592 ζ,
669 2521 761 2581 57.
793 2531 849 2578 et
884 2525 1178 2580 cessabunt
1215 2525 1288 2594 (g)
1325 2525 1549 2594 pulchra
1584 2525 1736 2594 pacis
1768 2526 1836 2580 ab
1872 2533 1999 2581 ante

419 2612 616 2670 faciem
653 2614 749 2668 ira:
777 2613 980 2670 furoris
1007 2614 1246 2670 Domini.
1275 2615 1364 2670 58.
1409 2613 1648 2684 Reliquit
1672 2615 1772 2686 (Ii),
1810 2625 1868 2669 ut
1891 2616 1997 2683 leo,

420 2705 784 2762 diversorium
811 2721 1005 2772 suum;
1055 2707 1183 2776 quia
1225 2705 1367 2761 facta
1397 2717 1484 2762 est
1521 2715 1664 2762 terra
1707 2723 1897 2762 eorum
1938 2707 2000 2778 (ἰ)

421 2797 477 2852 in
502 2812 611 2852 non
653 2799 919 2866 pervium,
955 2798 1024 2852 ab
1069 2807 1195 2853 ante
1232 2796 1427 2853 faciem
1458 2801 1524 2865 Ἀ(
1565 2797 1638 2868 (It)
1679 2798 1844 2870 gladii
1869 2813 1999 2863 _ma-

419 2888 514 2960 gni
550 2890 599 2958 ζ,
635 2897 690 2943 et
719 2889 789 2942 ab
817 2900 942 2944 ante
968 2888 1166 2944 faciem
1195 2889 1290 2943 ira:
1320 2887 1521 2943 furoris
1548 2888 1690 2958 ejus.

489 2979 626 3051 Cap.
656 2979 846 3036 XXVI.
880 2981 1022 3036 -1.
1073 2981 1132 3036 lu
1180 2979 1448 3051 principio
1499 2981 1643 3049 regis
1668 2979 1878 3036 Joacim
1904 2981 1999 3035 lilii

419 3070 588 3132 Josia:
612 3077 757 3142 regis
783 3071 937 3128 Judze
963 3072 1165 3126 factum
1196 3080 1282 3127 est
1312 3071 1535 3127 verbum
1565 3071 1666 3125 hoc
1691 3087 1722 3125 a
1743 3071 1998 3134 Domino,

2101 1981 2262 2036 facite
2294 1981 2410 2035 vias
2436 1990 2665 2047 vestras,
2693 1991 2746 2035 et
2775 1996 2940 2050 opera
2968 1991 3170 2047 vestra,
3197 1992 3251 2036 et
3276 1983 3463 2036 audite
3488 1998 3676 2036 vocem

2100 2073 2313 2127 Domini
2351 2073 2442 2126 Dei
2479 2074 2663 2137 vestri,
2701 2073 2768 2143 (ι)
2805 2082 2859 2128 et
2891 2074 3131 2128 cessabit
3163 2074 3428 2128 Dominus
3456 2089 3485 2126 a
3525 2073 3678 2128 malis

2099 2177 2220 2232 quae
2242 2163 2459 2218 locutus
2481 2171 2566 2217 est
2605 2177 2770 2232 super
2801 2175 2920 2215 vos.
2968 2161 3053 2215 M.
3101 2159 3168 2214 Et
3193 2174 3294 2230 ego
3320 2175 3450 2216 ecce
3480 2161 3537 2214 in
3567 2176 3680 2213 ina-

2099 2254 2260 2308 nibus
2287 2253 2484 2308 vestris
2518 2270 2533 2306 :
2563 2252 2727 2306 facite
2761 2251 3011 2319 mihi,(u)
3043 2251 3185 2306 sicut
3213 2252 3457 2321 expedit,
3492 2261 3550 2305 et
3579 2250 3682 2305 sic-

2100 2356 2160 2399 ut
2188 2347 2385 2401 melius
2441 2345 2622 2401 vobis.
2654 2345 2742 2399 15.
2773 2343 2877 2400 Sed
2899 2345 3280 2415 cognoscendo
3311 2345 3678 2414 cognoscetis,

2101 2437 2244 2506 quod
2273 2437 2319 2491 si
2355 2437 2666 2492 occideritis
2708 2451 2814 2498 me,
2851 2435 3172 2505 sanguinem
3207 2434 3288 2505 (π)
3331 2435 3681 2489 innocentem

2100 2541 2199 2583 vos
2225 2528 2367 2582 datis
2400 2540 2566 2597 super
2591 2542 2708 2592 vos,
2746 2536 2801 2582 et
2834 2541 3000 2595 super
3027 2526 3214 2580 urbem
3241 2527 3406 2589 hanc,
3436 2534 3492 2581 et
3518 2540 3681 2595 super

2101 2617 2406 2673 habitantes
2448 2619 2503 2673 in
2546 2633 2610 2673 ea
2653 2636 2668 2672 :
2713 2617 2841 2687 quia
2881 2617 2934 2670 in
2985 2617 3215 2671 veritate
3255 2616 3405 2670 misit
3441 2633 3530 2670 me
3573 2617 3681 2671 Do-

2100 2709 2285 2764 minus
2314 2710 2379 2764 ad
2405 2725 2522 2775 vos,
2563 2711 2630 2764 ad
2661 2710 2993 2778 loquendum
3025 2708 3081 2762 in
3123 2723 3285 2762 aures
3310 2717 3522 2762 vestras
3563 2724 3681 2761 om-

2099 2800 2188 2854 nia
2227 2800 2390 2854 verba
2417 2801 2554 2855 haec.
2589 2801 2675 2854 16.
2715 2801 2778 2854 Et
2806 2800 3062 2854 dixerunt
3093 2799 3389 2869 principes,
3419 2806 3474 2852 et
3501 2800 3680 2854 omnis

2101 2891 2335 2960 populus
2391 2892 2459 2945 ad
2512 2891 2843 2955 sacerdotes,
2899 2900 2954 2945 et
3007 2890 3076 2944 ad
3134 2891 3688 2960 pseudoprophetasz'

2101 2979 2219 3035 Non
2253 2991 2338 3036 est
2369 2981 2578 3035 homini
2611 2981 2741 3036 huic
2770 2980 3035 3051 judicium
3081 2980 3276 3035 mortis
3296 3023 3311 3046 ,
3357 2981 3485 3050 quia
3517 2995 3682 3049 super

2101 3073 2323 3128 nomine
2370 3072 2586 3127 Domini
2631 3072 2725 3127 Dei
2760 3073 2931 3128 nostri
2965 3073 3180 3126 locutus
3209 3081 3293 3126 est
3325 3073 3394 3126 ad
3425 3087 3539 3128 nos.
3591 3072 3679 3125 17.

421 3163 493 3229 Χ
521 3160 710 3218 dicens
741 3164 764 3230 ζ
809 3176 828 3216 :
857 3161 912 3215 2.
950 3161 1043 3217 Sic
1082 3161 1222 3216 dixit
1268 3160 1536 3216 Dominus
1565 3180 1578 3216 ε
1616 3159 1707 3216 Sta
1756 3161 1811 3214 in
1859 3162 2000 3215 atrio
2027 3178 2074 3238 ο
2104 3163 2169 3216 Ει
2195 3173 2550 3218 surrexerunt
2571 3163 2673 3217 viri
2699 3165 2774 3233 (y)
2796 3177 2864 3218 ex
2891 3163 3223 3233 presbyteris
3253 3172 3431 3226 terrae,
3462 3173 3516 3218 et
3536 3163 3686 3218 dixe-

421 3251 620 3306 domus
660 3251 896 3316 Domini,
933 3253 994 3324 (ι)
1019 3258 1076 3307 et
1101 3251 1369 3307 revelabis
1401 3252 1549 3306 omni
1577 3251 1751 3314 Iudae,
1781 3253 2002 3306 venien-

423 3339 570 3396 tibus
598 3343 665 3398 ad
697 3343 1037 3397 adorandum
1069 3345 1126 3397 in
1150 3343 1314 3398 domo
1343 3341 1582 3402 Domini.
1609 3343 1790 3397 omnia
1814 3343 2000 3404 verba.

424 3445 551 3500 quc
595 3433 824 3501 praecepi
860 3433 956 3488 tibi
997 3433 1092 3503 (m)
1140 3434 1384 3488 revelare
1425 3433 1506 3488 eis
1544 3451 1558 3487 :
1611 3447 1680 3487 ne
1723 3433 2000 3488 diminuas

424 3521 676 3576 verbum.
711 3523 767 3577 5.
800 3521 1058 3578 Fortasse
1085 3523 1328 3590 audient,
1368 3531 1423 3578 et
1456 3531 1798 3578 revertentur
1831 3537 2004 3577 unus-

425 3613 664 3682 quisque
693 3629 724 3668 a
756 3614 845 3668 via
877 3613 1018 3668 mala
1054 3633 1066 3668 :
1120 3614 1198 3684 (η)
1238 3623 1294 3669 et
1333 3615 1559 3669 cessabo
1591 3628 1622 3667 a
1666 3613 1842 3678 malis,
1882 3628 2005 3681 qua:

426 3717 530 3774 ego
551 3699 734 3774 cogito
755 3705 936 3761 facere
967 3706 1048 3761 eis
1075 3713 1296 3775 pr0pter
1329 3705 1508 3760 studia
1539 3705 1680 3758 mala
1706 3720 1916 3759 eorum.
1946 3704 2001 3758 4.

428 3793 496 3847 Ει
524 3795 672 3851 dices
699 3799 769 3865 ζα(
813 3797 880 3851 ad
909 3811 1005 3852 eos
1037 3798 1058 3865 ζ
1094 3814 1108 3849 :
1153 3796 1245 3850 Sic
1280 3796 1419 3850 dixit
1449 3796 1712 3850 Dominus
1749 3812 1761 3847 :
1791 3794 1848 3848 Si
1892 3811 2002 3849 non

428 3887 718 3943 audieritis
767 3903 876 3955 me,
913 3889 980 3942 ad
1021 3888 1410 3942 ambulandum
1473 3887 1527 3940 in
1582 3886 1791 3955 legibus
1842 3885 2005 3948 meis,

429 3992 569 4046 quas
609 3978 732 4033 dedi
769 3988 895 4032 ante
932 3977 1125 4032 faciem
1168 3987 1430 4042 vestram,
1476 3977 1529 4031 5.
1565 3978 1632 4030 ad
1675 3975 2005 4030 audiendum

430 4069 598 4124 verba
645 4085 928 4124 servorum
974 4085 1216 4124 meorum
1263 4070 1668 4138 prophetarum,
1716 4083 1854 4137 quos
1905 4082 2006 4136 ego

431 4144 589 4212 mitto
627 4159 694 4213 ad
729 4173 827 4213 vos
860 4157 933 4229 (ο)
969 4159 1021 4212 in
1059 4158 1327 4212 matutino
1352 4195 1366 4219 ,
1401 4165 1455 4212 et
1493 4157 1635 4219 misi,
1675 4167 1730 4210 et
1767 4173 1872 4210 non
1909 4171 2006 4210 au-

428 4247 638 4315 diistis;
668 4248 722 4302 6.
757 4259 813 4304 et
854 4251 995 4304 dabo
1027 4249 1248 4304 domum
1283 4250 1422 4303 hanc
1452 4257 1512 4302 ut
1541 4247 1684 4313 Silo;
1723 4255 1776 4301 et
1818 4250 2005 4300 urbem

430 4340 570 4395 hanc
590 4341 732 4395 dabo
754 4339 807 4392 in
826 4341 1259 4395 maledictionem
1286 4339 1540 4395 omnibus
1557 4338 1810 4409 gentibus
1827 4347 2004 4393 terrae.

431 4428 483 4484 7.
513 4427 578 4484 Et
614 4429 904 4484 audierunt
939 4429 1270 4495 sacerdotes,
1313 4437 1366 4482 et
1395 4429 1472 4497 (p)
1503 4426 2002 4495 pseudoprophetae,

2101 3263 2231 3308 runt
2255 3255 2321 3308 ad
2353 3268 2572 3308 omnem
2613 3265 2840 3318 coetum,
2868 3255 3016 3309 omni
3038 3255 3327 3310 conventui
3354 3256 3564 3326 populi,
3601 3256 3684 3310 di-

2100 3360 2290 3403 centes
2324 3365 2338 3401 :
2373 3349 2463 3402 l8.
2489 3347 2667 3403 Micha
2692 3347 2765 3419 (z)
2789 3348 3046 3404 Marasthi
3067 3361 3184 3405 erat
3204 3350 3272 3420 Χ
3295 3351 3625 3419 prophetans
3653 3347 3682 3416 ζ

2101 3439 2156 3510 in
2180 3439 2371 3494 diebus
2403 3438 2643 3494 llezeeite
2669 3439 2814 3509 regis
2839 3438 3013 3506 Judte,
3042 3449 3094 3494 et
3130 3440 3267 3496 dixit
3299 3440 3450 3495 omni
3479 3439 3689 3511 populo

2100 3528 2275 3591 ludas,
2307 3530 2495 3584 dicens
2542 3529 2563 3596 ζ
2609 3528 2702 3584 Sic
2743 3531 2878 3585 dixit
2912 3530 3174 3586 Dominus
3205 3535 3272 3600 X
3299 3531 3559 3585 virtutum
3599 3530 3623 3596 ζ
3671 3548 3686 3582 :

2105 3619 2235 3674 Sion
2272 3631 2331 3674 ut
2360 3637 2489 3690 ager
2517 3621 2781 3684 arabitur,
2810 3631 2864 3676 et
2885 3621 3186 3676 Jerusalem
3214 3633 3271 3677 ut
3301 3623 3376 3690 (a)
3402 3621 3688 3690 tugurium

2107 3710 2212 3763 erit
2242 3749 2257 3773 ,
2298 3720 2352 3764 et
2386 3725 2545 3765 mons
2581 3711 2776 3767 domus
2818 3727 2876 3766 -ε-
2920 3713 3022 3767 erit
3066 3715 3086 3781 ζ
3131 3713 3212 3782 (b)
3253 3723 3314 3768 ut
3352 3713 3692 3782 plantarium

2104 3801 2271 3855 silvae.
2309 3801 2395 3855 l9.
2429 3801 2568 3856 Num
2601 3803 2898 3857 occidendo
2924 3803 3123 3858 occidit
3158 3820 3282 3859 eum
3324 3803 3555 3860 llezeeia
3594 3822 3695 3860 rex

2103 3889 2275 3953 Judm,
2314 3903 2367 3946 et
2407 3893 2587 3948 omnis
2630 3893 2812 3948 Juda?
2848 3891 3039 3948 Nonne
3081 3896 3208 3964 quia
3243 3897 3549 3952 timuerunt
3587 3895 3694 3951 Do-

2105 3983 2336 4048 minum,
2375 3992 2430 4036 et
2476 3985 2601 4052 quia
2645 3982 2916 4052 petierunt
2957 4000 2989 4038 a
3037 3983 3176 4040 facie
3219 3985 3470 4053 Domini,
3522 3989 3692 4042 etiam

2106 4073 2336 4126 cessavit
2379 4071 2643 4129 Dominus
2682 4090 2712 4128 a
2751 4076 2934 4140 malis,
2975 4089 3096 4144 quae
3137 4077 3351 4130 locutus
3401 4087 3489 4132 est
3527 4094 3692 4148 super

2105 4163 2241 4216 eos?
2275 4162 2337 4216 Et
2375 4179 2476 4218 nos
2508 4164 2578 4232 (ε)
2620 4162 2848 4220 fecimus
2877 4167 3017 4219 mala
3047 4181 3241 4237 magna
3272 4182 3438 4235 super
3475 4172 3690 4226 animas

2106 4263 2344 4308 nostras.
2384 4253 2474 4307 ΩΟ.
2514 4255 2592 4322 (ά)
2643 4254 2708 4309 Ει
2754 4256 2920 4310 homo
2961 4266 3080 4310 erat
3133 4260 3473 4327 prophetans
3506 4261 3564 4314 in
3595 4279 3692 4315 no-

2109 4344 2255 4397 mine
2288 4343 2526 4408 Domini,
2578 4343 2704 4399 Uria
2740 4347 2882 4402 [ilius
2917 4345 3140 4403 Samaeze
3171 4365 3236 4404 ex
3270 4350 3686 4418 Curiathiarim,

2109 4445 2157 4489 et
2189 4436 2527 4505 prophetarit
2560 4438 2627 4505 Χ
2667 4453 2831 4506 super
2856 4440 3045 4494 urbem
3079 4442 3238 4502 hanc,
3269 4450 3324 4495 et
3354 4441 3376 4508 ζ
3412 4458 3517 4510 pro
3551 4454 3690 4500 terra

429 4527 484 4574 et
517 4520 698 4576 omnis
730 4519 963 4589 populus
1007 4517 1297 4573 Jeremiam
1341 4517 1652 4586 loquentem
1692 4517 1856 4569 verba
1892 4516 1999 4572 haec

2113 4527 2214 4580 hac
2240 4526 2537 4580 secundum
2579 4528 2764 4582 omnia
2793 4528 2955 4582 verba
2991 4527 3240 4584 Jeremize
3275 4545 3287 4581 :
3321 4530 3411 4584 21.
3444 4541 3501 4587 et
3534 4537 3688 4588 audi-

430 4609 487 4664 io
523 4611 688 4666 domo
728 4610 962 4664 Domini.
1008 4609 1062 4664 8.
1099 4607 1164 4663 Et
1190 4607 1392 4664 factum
1434 4616 1539 4669 est,
1573 4621 1698 4660 cum
1737 4614 2008 4660 cessasset
2110 4616 2187 4668 vi:
2218 4631 2311 4669 rex
2337 4615 2570 4683 ποθοίη),
2600 4619 2667 4686 x
2697 4626 2749 4672 ει
2773 4633 2963 4673 omnes
2991 4628 3240 4688 potentes
3265 4621 3386 4690 ejus
3413 4622 3462 4690 ς,
3498 4636 3551 4678 ει
3573 4642 3689 4679 om-

429 4697 660 4757 Ieremia
686 4702 916 4772 loquens
944 4702 1149 4768 omnia,
1175 4716 1296 4771 quae
1315 4706 1644 4769 praeceperat
1664 4698 1711 4751 ei
1741 4696 2005 4752 Dominus
2112 4720 2209 4759 nes
2240 4705 2514 4774 principes
2547 4720 2609 4761 σε-
2639 4708 2822 4761 omnia
2857 4709 2880 4776 ξ
2915 4708 3078 4761 verba
3110 4708 3252 4776 ejus,
3293 4720 3348 4763 et
3374 4715 3691 4780 quaerebant

430 4791 580 4862 loqui
609 4793 760 4847 omni
793 4792 1014 4862 populo,
1049 4802 1103 4848 et
1145 4797 1404 4861 ceperunt
1429 4803 1554 4844 eum
1584 4786 1919 4853 sacerdotes,
1950 4797 2005 4843 et
2111 4796 2360 4851 occidere
2383 4811 2529 4850 eum.
2565 4798 2629 4852 Et
2657 4799 2864 4854 audivit
2896 4797 3054 4865 Uria,
3099 4801 3167 4868 χ
3196 4809 3250 4855 et
3283 4801 3486 4868 timuit,
3513 4815 3566 4860 et
3605 4805 3690 4860 fu-

515 4996 604 5078 .(s)
638 4995 721 5061 8.,
749 5011 911 5066 super
949 4995 1250 5078 placatione
1278 4994 1418 5078 ejus.

1503 4995 1565 5065 (ι)
1601 4998 1690 5060 Α.,
1721 4996 2073 5063 calcanlium,
2109 4998 2454 5067 respondebit
2484 5001 2551 5055 ad
2582 5017 2772 5058 omnes
2804 5001 3136 5057 habitatores
3167 5010 3343 5058 terrm.
3389 5000 3476 5067 8.,
3507 5013 3688 5058 toreu-

429 5067 713 5128 lariorum,
740 5067 1104 5134 respondebit.
1180 5067 1256 5135 (tt)

1335 5104 1374 5142 .g,
1405 5067 1556 5142 venit
1584 5082 1758 5142 usque
1784 5070 1848 5122 ad
1881 5069 2042 5122 linem
2066 5079 2240 5142 terrae:
2269 5071 2355 5142 S._,
2372 5080 2601 5142 tempus
2627 5088 2800 5142 usqtte
2824 5073 2887 5125 ad
2910 5085 3150 5126 extrema
3179 5083 3354 5126 teme.
3431 5076 3510 5141 (:c)
3544 5071 3683 5128 Ha‘c.

430 5142 506 5206 (y)
537 5137 630 5198 Α.,
680 5135 1212 5211 Tuqnsuscitabitur.
1291 5135 1364 5204 (ι)
1397 5135 1623 5211 Reliqui,
1664 5152 1784 5211 ipso
1827 5147 2003 5211 terra}.
2081 5139 2158 5208 (a)
2198 5137 2281 5211 8.,
2317 5139 2440 5205 ΤΙι.,
2475 5135 2514 5194 θ’
2545 5135 2811 5210 principio
2843 5151 2997 5195 terra:
3049 5157 3221 5210 usque
3261 5143 3327 5194 ad
3358 5135 3682 5211 principium

429 5201 606 5282 terrai.
683 5208 758 5274 (ὸ)
790 5201 873 5267 8.,
911 5201 1308 5282 nonplaude‘nt
1327 5201 1488 5272 super
1521 5201 1619 5260 eis.
1799 5207 1892 5282 ῥυ
1931 5206 1989 5261 8.

2101 5201 2559 5282 instringite'vos:
2630 5201 2830 5280 (d)'A.,
2871 5220 2933 5265 ut
2956 5226 3065 5282 vas
3083 5201 3402 5282 expetitum.
3483 5201 3554 5282 (ei
3595 5215 3682 5276 Α.,

432 5277 585 5356 valde
607 5273 942 5356 tnngnatum.
973 5273 1304 5356 “{f)‘A.,S.,
1331 5290 1613 5356 pascuum.
1663 5274 1874 5356 '1ng.,
1903 5292 1994 5330 arv

2101 5273 2324 5356 aciliea;
2340 5279 2431 5345 .4.,
2453 5273 2647 5356 decora
2672 5273 2844 5356 pacis.
2922 5280 2999 5350 (Il)
3024 5273 3433 5356 Unusquisque.
3492 5273 3576 5356 '(_i)
3596 5273 3682 5356 4.,

429 5343 515 5420 8.,
551 5347 604 5420 in
639 5342 890 5420 exitium.
967 5342 1038 5420 ((r)
1067 5343 1156 5407 .l.,
1192 5344 1285 5420 ira;
1319 5345 1595 5420 solitariae.
1663 5342 1782 5420 _T/i.,
1815 5346 1909 5400 ira:
1938 5342 2119 5420 turba.
2196 5348 2259 5417 (Ι)
2291 5349 2379 5409 A.,
2417 5342 2487 5404 'et
2511 5342 2748 5420 loqueris
2773 5342 2940 5418 super
2973 5342 3227 5420 omnibus
3259 5342 3488 5420 urbibus
3512 5342 3681 5420 indm.

454 5418 526 5487 nt)
565 5415 654 5477 A.,
681 5415 748 5487 ad
774 5415 1126 5487 loquendum.
1182 5412 1394 5487 _(_n)_A.,
1422 5422 1476 5467 et
1524 5415 1892 5487 acquiescam.
1970 5417 2042 5484 (0)
2077 5415 2160 5478 8.,
2191 5412 2314 5470 cum
2367 5412 2649 5474 anteverto
2684 5429 2739 5472 et
2771 5412 2943 5472 miito.
3021 5418 3095 5487 (ρ)
3129 5421 3217 5481 Α.,
3270 5417 3352 5484 8.,
3390 5419 3682 5487 ρτοηὴιιιςιξ.

451 5480 516 5554 ᾳ)
554 5489 645 5558 ᾼ..
695 5483 777 5548 8.,
812 5480 1116 5558 prophetae.
1171 5481 1240 5558 (r)
1271 5480 1352 5544 8.,
1395 5496 1460 5558 e_o
1487 5480 1630 5550 quod
1679 5499 1787 5558 non
1807 5485 1936 5558 Asint
1979 5480 2286 5558 habitantes
2317 5505 2330 5540 :
2385 5497 2441 5542 et
2481 5489 2718 5558 aggressi
2747 5497 2870 5542 sunt
2908 5480 3298 5558 congregatim.
3337 5480 3448 5558 ('s)
3479 5489 3569 5551 A.,
3605 5488 3683 5552 8.,

428 5549 725 5622 prophetae.
800 5549 986 5623 (2)14},
1019 5549 1102 5612 8.,
1141 5555 1210 5623 e_t’_
1233 5549 1602 5623 conquiescet.
1661 5554 1765 5623 Δ(ιε)
1791 5553 1881 5616 A.,
1924 5562 1986 5608 ut
2028 5555 2253 5619 bonum,
2285 5565 2338 5610 et
2388 5567 2448 5611 ut
2489 5549 2692 5613 rectum
2746 5558 2800 5612 in
2842 5549 3264 5611 oculis'vestris.
3322 5549 3520 5621 S.‘,'ut
3557 5549 3682 5623 put;

428 5619 726 5698 ἐξίει-ἰηψῶ
761 5619 828 5698 ut
846 5619 1069 5698 videtur
1092 5620 1244 5674 vobis
1290 5619 1522 5698 justum.
1604 5620 2268 5698 (.s)_S.,non_culpatum.
2347 5628 2423 5698 (y)
2452 5633 2543 5688 Α..
2593 5643 2659 5680 ex
2699 5626 3007 5698 senioribus
3046 5636 3240 5698 terrae.
3303 5619 3686 5698 (a)—Aqtiljus

384 5764 388 5766 γ
429 5689 682 5813 Μοτςιιιιίι.
760 5690 836 5761 (a)
869 5692 958 5754 A.,
997 5704 1260 5745 acervus:
1303 5689 1358 5744 in
1401 5704 1508 5744 non
1546 5689 1812 5760 pervium.
1889 5692 1962 5762 (b)

429 5769 485 5815 et
520 5776 622 5815 vtr.
676 5778 838 5815 l0lll0.

2136 5696 2192 5750 in
2249 5689 2486 5754 tumulos
2534 5699 2700 5754 silvae.
2778 5696 2846 5766 (ε)
2902 5697 2995 5758 Α..
3032 5695 3114 5762 8.,
3143 5689 3394 5751 facimus.
3472 5695 3682 5766 (τωδω

429 5775 485 5818 ει
520 5776 622 5822 νιν,
659 5775 838 5815 IlOlllO.
