3902 6492
183 421 328 476 2345

1411 437 1730 494 JEBEMME
1771 440 2000 496 CAPUT
2039 441 2276 500 XXVIII.

3301 451 3442 509 2316

183 537 261 606 git
298 535 346 602 1.
377 545 430 589 et
469 535 749 608 ingressus
781 550 863 594 est
901 541 956 596 in
986 541 1303 615 Egyptum.
1333 546 1424 602 22.
1467 554 1534 617 Χ
1565 549 1630 603 Εῑ
1667 549 1770 602 mi-
1806 553 1846 606 A
1874 553 2059 607 omnia
2115 555 2279 610 verba
2305 544 2450 624 haec,
2481 558 2668 616 dicens
2704 578 2718 616 ε
2752 559 3084 621 Introducite
3117 567 3316 622 collum
3355 585 3449 623 ve-

184 628 256 680 sit
291 644 386 680 rex
428 627 636 682 Joaeim
672 631 820 685 viros
861 632 913 684 in
951 633 1267 705 Atlgyptum,
1302 637 1552 694 Eliathan
1586 641 1758 694 ﬁlium

183 715 409 769 Abchor
449 717 534 787 ('),
570 728 622 773 et
655 720 801 776 viros
837 737 960 776 cum
992 740 1059 778 eo
1095 728 1150 781 in
1186 727 1477 800 Egyptum
1521 747 1536 782 :
1581 731 1672 786 25.
1709 739 1764 785 et

183 808 497 862 eduxerunt
540 824 664 864 eum
707 812 830 867 inde
869 813 934 880 1,
972 813 1041 885 (ο)
1084 827 1140 872 et
1179 818 1601 876 introduxerunt
1634 820 1760 877 eum

182 897 252 952 ad
285 914 466 968 regem
493 898 700 956 Joacim
725 943 741 970 ,
773 913 827 958 et
855 907 1122 972 percussit
1161 924 1286 964 eum
1325 912 1524 980 gladio,
1555 921 1610 966 et
1647 929 1764 983 pro-

177 984 313 1054 jecit
348 1002 474 1042 eum
522 991 590 1062 (Γ)
638 992 695 1046 in
746 996 1094 1063 sepulchrum
1145 999 1381 1056 ﬁliorum
1417 1004 1601 1072 populi
1651 1006 1758 1058 sui.

181 1075 273 1133 24.
333 1079 714 1138 Verumtamen
751 1101 946 1143 manus
991 1091 1214 1147 Aliicam
1252 1094 1345 1147 ﬁlii
1383 1094 1601 1164 Saphan
1648 1107 1766 1151 erat

183 1183 308 1224 cum
340 1168 599 1240 Jeremia,
632 1184 691 1230 ut
713 1192 784 1232 ne
817 1179 1120 1236 traderetur
1145 1184 1200 1237 in
1235 1200 1432 1241 manus
1461 1186 1666 1255 populi,
1697 1202 1764 1243 ne

181 1256 550 1314 interﬁcerent
578 1278 726 1317 eum.
1291 1306 1296 1311 -

251 1347 390 1416 Cap.
423 1347 635 1406 XXVII.
669 1356 793 1409 —i.
816 1359 884 1426 Χ
902 1361 958 1411 in
975 1359 1242 1431 principio
1266 1360 1638 1432 regniJoacim
1670 1369 1763 1423 ﬁlii

181 1433 346 1491 Jusire
389 1440 532 1507 regis
558 1439 712 1497 Judte
745 1443 943 1500 factum
992 1458 1077 1504 est
1110 1454 1335 1509 verbum
1370 1455 1470 1510 hoc
1509 1458 1575 1512 ad
1606 1456 1763 1513 Jereo

181 1527 352 1582 miam
391 1543 422 1582 a
458 1528 709 1600 Domino,
753 1536 940 1594 dicens
979 1541 1002 1608 1
1048 1560 1062 1596 :
1107 1543 1160 1597 2.
1205 1543 1298 1600 Sic
1325 1546 1464 1602 dixit
1493 1549 1624 1603 mihi
1660 1550 1766 1606 Do-

182 1615 371 1671 minus
404 1619 473 1686 Χ
503 1619 570 1674 ad
599 1637 686 1677 me
720 1624 742 1693 1
799 1642 814 1680 :
851 1625 958 1682 Fac
981 1630 1078 1684 tibi
1116 1633 1330 1690 vincula
1364 1638 1664 1705 collarium,
1709 1649 1765 1695 et

179 1706 419 1776 pone'ea
448 1726 614 1782 super
648 1717 849 1772 collum
885 1729 1055 1776 tuum.
1095 1724 1150 1778 5.
1184 1724 1251 1781 Ει
1283 1728 1466 1784 mittes
1491 1745 1553 1784 ea
1585 1732 1650 1785 ad
1676 1747 1764 1787 re-

181 1813 304 1891 gem
348 1800 623 1870 Idumam,
662 1817 716 1862 et
744 1809 810 1863 ad
843 1826 1025 1881 regem
1057 1813 1237 1882 Moab,
1277 1829 1332 1872 et
1376 1821 1441 1873 ad
1475 1836 1653 1891 regem
1698 1824 1761 1876 ﬁ-

180 1888 386 1980 Iiorum
417 1893 671 1961 Ammon,
701 1909 754 1954 et
785 1900 854 1956 ad
890 1917 1069 1973 regem
1101 1904 1253 1976 Tyri.
1283 1918 1335 1963 et
1363 1911 1429 1963 ad
1463 1888 1643 1980 regem
1676 1913 1764 1967 Si-

179 1979 366 2046 donis,
395 1982 448 2038 in
474 1987 728 2044 manibus
771 1993 1089 2050 nuntiorum
1113 2011 1304 2052 eorum
1334 1979 1668 2056 venientium
1695 2017 1759 2058 -ε-

179 2071 236 2126 in
280 2087 574 2130 occursum
617 2092 808 2136 eorum
862 2083 884 2151 1
924 2085 978 2140 in
1025 2084 1327 2143 Jerusalem
1373 2090 1442 2144 ad
1476 2089 1758 2147 Sedeciam

177 2177 364 2233 regem
397 2163 569 2222 Judae.
601 2167 655 2223 4.
691 2170 757 2226 Et
783 2177 1065 2245 praecipies
1095 2178 1176 2234 eis
1201 2179 1386 2235 dicere
1413 2181 1481 2236 ad
1508 2181 1763 2237 dominos

179 2267 318 2308 suos
350 2270 365 2310 :
404 2252 497 2312 Sic
520 2256 656 2314 dicit
677 2258 945 2320 Dominus
966 2266 1034 2334 Χ
1063 2267 1323 2323 virtutum
1359 2270 1382 2338 1
1417 2269 1559 2324 Deus
1591 2270 1762 2326 Israe-

178 2342 249 2397 lis
279 2362 293 2398 :
340 2343 432 2400 Sic
466 2347 659 2405 dicetis
687 2351 756 2406 ad
797 2353 1062 2412 Dominos
1097 2367 1312 2415 vestros
1345 2378 1360 2414 :
1403 2359 1458 2414 5.
1507 2361 1622 2432 Ego
1656 2360 1760 2416 feci

179 2443 412 2502 terram,
449 2436 523 2507 (g)
554 2448 609 2494 et
641 2442 862 2509 calum,
889 2454 944 2500 et
977 2446 1254 2512 animalia,
1281 2464 1406 2518 quae
1431 2459 1559 2504 sunt
1598 2465 1763 2520 super

178 2528 253 2594 Χ
291 2527 430 2582 facie
459 2529 482 2597 1
519 2538 696 2596 terra,
730 2534 784 2588 in
822 2534 1021 2592 robore
1050 2553 1174 2593 meo
1203 2555 1419 2608 magno,
1463 2549 1518 2594 et
1546 2542 1601 2595 in
1635 2543 1764 2597 bra-

179 2618 312 2672 chio
342 2635 464 2674 meo
493 2624 730 2688 excelso,
762 2634 815 2680 et
843 2627 986 2683 dabo
1015 2644 1158 2694 eam,
1191 2630 1266 2694 (ὁ)
1297 2631 1624 2702 cuicumque
1650 2633 1763 2702 pla-

182 2709 330 2765 cebit
362 2710 417 2765 in
445 2713 618 2768 oculis
647 2717 783 2772 meis
811 2735 826 2770 :
858 2717 912 2772 6.
941 2721 1009 2788 Χ
1039 2727 1094 2775 et
1123 2735 1268 2775 nunc
1290 2735 1391 2790 ego
1410 2736 1552 2787 sum,
1606 2723 1699 2792 qui
1736 2725 1757 2792 1

181 2800 309 2856 dedi
346 2801 410 2872 (ἰ)
446 2806 512 2870 Χ
542 2819 759 2861 omnem
801 2808 823 2876 1
859 2817 1059 2865 terram
1092 2812 1235 2868 hanc
1264 2816 1332 2880 Χ
1367 2813 1422 2866 in
1463 2812 1627 2868 manu
1656 2812 1764 2868 Na-

183 2891 658 2952 buchodonosoris
722 2901 866 2969 regis
927 2900 1219 2972 Babylonis
1281 2903 1424 2959 servi
1487 2904 1631 2969 mei,
1695 2908 1762 2973 Χ

181 2983 350 3036 etiam
391 2982 414 3051 1
457 2984 528 3052 (k)
570 2986 773 3042 bestias
799 2991 976 3058 campi
1013 3005 1076 3046 σιν
1103 2991 1172 3046 ad
1197 2992 1486 3048 colendum
1519 2995 1541 3063 1
1574 2997 1640 3062 Χ
1665 2994 1762 3048 de-

181 3073 239 3128 di
283 3075 357 3140 ei,
393 3077 460 3137 ad
493 3077 783 3134 colendum
814 3083 1100 3138 servitium
1127 3083 1178 3138 ei
1209 3102 1222 3138 :
1255 3083 1306 3138 7.
1343 3091 1398 3139 et
1433 3085 1616 3140 colent
1643 3099 1761 3140 ser-

182 3164 386 3268 vitium
429 3165 480 3220 ei
512 3181 704 3224 omnes
736 3178 952 3240 gentes,
995 3180 1050 3226 et
1088 3172 1202 3229 ﬁlio
1236 3174 1376 3244 ejus,
1417 3183 1473 3230 et
1514 3175 1624 3230 ﬁlio
1664 3175 1761 3230 ﬁlii
1790 3210 1834 3268 α

182 3253 332 3322 ejus,
355 3255 528 3311 donec
554 3259 737 3313 veniat
759 3268 971 3330 tempus
994 3263 1016 3331 1
1041 3275 1100 3317 σξ-
1118 3261 1182 3334 (l)
1207 3263 1306 3319 irte
1331 3265 1572 3335 1Xejus,
1597 3266 1762 3321 etiam

182 3345 309 3414 ejus
351 3363 366 3400 :
407 3356 462 3400 et
488 3348 666 3403 colent
695 3350 974 3406 servitium
1003 3353 1051 3408 ei
1084 3363 1272 3424 gentes
1299 3357 1503 3420 multae,
1533 3365 1589 3411 et
1611 3373 1766 3427 reges

183 3439 370 3509 magni
402 3441 424 3508 1
468 3457 482 3494 :
518 3440 572 3495 8.
609 3451 665 3497 et
697 3444 802 3499 erit
830 3459 1002 3511 gens,
1039 3455 1094 3500 et
1124 3461 1350 3517 regnum
1371 3488 1388 3512 ,
1433 3449 1766 3519 quicumque

186 3546 298 3585 non
345 3533 415 3600 Χ
455 3533 722 3590 coluerint
753 3523 1034 3592 servitium
1071 3535 1600 3595 Nabuchodonosor-i
1653 3541 1767 3610 regi

184 3621 502 3695 Babylonis,
542 3633 598 3680 et
641 3626 976 3698 quicumque
1018 3628 1042 3695 1
1083 3644 1194 3684 non
1229 3627 1519 3698 iniecerint
1561 3629 1766 3686 collum

183 3728 350 3770 suum
379 3715 482 3770 sub
509 3715 704 3785 jugum
736 3717 880 3787 regis
923 3716 1238 3790 Babylonis,
1269 3720 1325 3780 in
1369 3719 1568 3789 gladio,
1611 3729 1666 3775 et
1709 3721 1766 3774 in

183 3799 355 3863 fatite,
385 3804 454 3870 Χ
487 3810 542 3856 et
565 3809 661 3873 (m)
708 3803 762 3858 in
792 3815 969 3860 morte
1012 3807 1034 3874 1
1067 3807 1300 3864 visitabo
1331 3808 1408 3878 (η)
1439 3810 1509 3876 Χ
1540 3824 1704 3878 super
1740 3811 1762 3878 1

183 3898 406 3960 gentem
450 3891 632 3957 illam,
679 3893 810 3950 dicit
853 3895 1148 3961 Dominus,
1197 3896 1370 3953 donec
1418 3898 1671 3953 deﬁciant
1710 3896 1766 3951 in

183 3999 358 4038 manu
384 3983 523 4053 ejus.
557 3985 610 4040 9.
642 3984 710 4040 Et
735 4001 833 4042 vos
860 4002 928 4042 ne
953 3988 1187 4044 audiatis
1217 3989 1512 4058 prophetas
1535 3998 1765 4056 vestros,

183 4085 241 4133 et
269 4077 578 4134 divinantes
613 4087 846 4144 vestros,
886 4088 942 4134 et
983 4079 1320 4134 somniantes
1356 4089 1586 4142 vestros,
1618 4083 1686 4148 Χ
1716 4089 1770 4136 et

185 4174 413 4228 nuntios
439 4179 648 4226 vestros
681 4170 704 4238 1
735 4210 750 4234 ,
787 4180 841 4226 et
871 4171 1294 4241 praestigiatores
1331 4178 1564 4235 vestros,
1606 4185 1670 4228 σε·
1715 4179 1770 4226 et

183 4263 461 4320 veneﬁcos
493 4272 705 4320 vestros
743 4265 789 4333 1,
841 4266 909 4332 Χ
949 4264 1044 4332 qui
1077 4266 1100 4334 1
1143 4264 1334 4318 dicunt
1366 4263 1519 4319 vobis
1571 4266 1637 4332 Χ
1681 4264 1778 4318 div

183 4356 360 4411 cendo
391 4354 415 4423 1
455 4373 468 4409 :
500 4353 617 4411 Non
645 4354 1004 4424 operabimini
1037 4355 1145 4424 regi
1171 4354 1490 4426 Babylonis;
1523 4354 1610 4409 10.
1640 4356 1767 4424 quia

187 4447 473 4502 mendacia
505 4446 579 4500 illi
605 4446 930 4516 pr0phetant
954 4445 1130 4509 vobis,
1154 4445 1230 4500 ita
1259 4455 1316 4500 ut
1339 4455 1652 4500 removeant
1671 4461 1768 4500 vos

1863 650 2036 696 strum
2060 649 2126 710 Χ
2161 646 2264 700 sub
2291 646 2313 713 1
2333 648 2524 716 jugum
2553 653 2694 721 regis
2715 652 3026 725 Babylonis,
3057 665 3121 712 et‘
3141 658 3302 714 colite
3328 675 3446 714 ser-

1863 733 2054 788 vitium
2092 737 2165 801 ei,
2206 745 2259 792 et
2297 742 2495 810 populo
2514 741 2653 809 ejus,
2688 754 2741 799 et
2770 747 2953 803 vivite.
2981 749 3064 804 13.
3101 749 3283 816 Quare
3326 769 3446 806 mo-

1861 826 2102 889 riemini,
2125 837 2203 891 tu,
2229 837 2285 884 et
2306 832 2542 900 populus
2564 835 2632 902 Χ
2658 844 2783 891 tuus
2803 835 2857 890 in
2880 839 3079 908 gladio,
3111 851 3166 896 et
3196 842 3248 896 in
3276 842 3439 906 fame,

1862 924 1917 968 et
1949 915 2001 969 in
2035 915 2232 985 morte,
2279 923 2580 976 secundum
2612 923 2666 977 id
2707 928 2849 993 quod
2899 927 3145 996 loquitur
3179 928 3443 985 Dominus

1863 1005 1931 1058 ad
1989 1008 2270 1074 pupulum,
2321 1012 2653 1082 quicumque
2717 1029 2825 1070 non
2883 1017 3112 1072 coluerit
3165 1021 3440 1075 servitium

1865 1101 1976 1170 regi
2006 1100 2320 1172 Babylonis.
2350 1105 2439 1159 14.
2471 1105 2538 1160 Et
2563 1123 2668 1161 non
2699 1107 2931 1164 audietis
2960 1111 3122 1165 verba
3153 1113 3444 1182 propheta-

1863 1207 2007 1257 rum,
2042 1195 2134 1263 qui
2152 1195 2342 1250 dicunt
2391 1197 2459 1252 ad
2488 1212 2606 1263 vos,
2639 1197 2870 1254 dicendo
2897 1201 2916 1269 1
2954 1219 2966 1254 :
3001 1200 3076 1270 (ο)
3098 1201 3214 1257 Νοη
3243 1205 3446 1259 servie-

1863 1282 1936 1338 tis
1967 1284 2080 1354 regi
2115 1283 2430 1355 Babylonis,
2472 1286 2561 1341 I5.
2603 1288 2731 1356 quia
2777 1289 2962 1358 iniqua
3006 1290 3082 1344 illi
3115 1293 3443 1361 prophetant

1864 1373 2042 1438 vobis,
2071 1377 2330 1444 quoniam
2368 1393 2474 1433 non
2501 1379 2625 1432 misi
2662 1393 2780 1445 eos,
2813 1379 2945 1435 dicit
2981 1379 3263 1441 Dominus.
3295 1386 3360 1451 Χ
3390 1392 3444 1438 et

1867 1460 1944 1514 illi
1979 1461 2000 1528 1
2048 1465 2376 1532 prophetarit
2419 1467 2470 1518 in
2505 1467 2730 1522 nomine
2759 1481 2882 1522 meo
2921 1467 2999 1537 (ρ)
3047 1467 3103 1523 in
3139 1469 3349 1539 iniquo,
3384 1480 3443 1524 ut

1866 1553 2094 1621 perdant
2118 1569 2235 1610 vos.
2253 1556 2255 1558 ’
2274 1554 2339 1609 Et
2365 1557 2613 1626 peribitis
2642 1573 2760 1623 vos,
2791 1568 2848 1612 et
2873 1559 3164 1628 prophetat,
3200 1564 3294 1630 qui
3321 1577 3445 1632 prn-

1867 1647 2096 1714 phetant
2125 1647 2278 1702 vobis
2324 1662 2387 1702 -ι-
2423 1648 2476 1702 in
2512 1648 2703 1718 iniquo
2733 1649 3014 1704 mendacia
3047 1649 3096 1717 1.
3133 1650 3221 1705 16.
3255 1651 3442 1713 Vobis,

1866 1747 1921 1790 et
1945 1738 2340 1802 sacerdotibus,
2374 1747 2427 1793 et
2455 1739 2602 1792 omni
2639 1740 2836 1808 popqu
2875 1738 3004 1794 huic
3044 1738 3259 1795 locutus
3301 1757 3442 1804 sum,

1868 1827 2096 1882 dicens:
2131 1828 2223 1882 Sic
2256 1828 2393 1882 dixit
2419 1827 2723 1884 Dominus:
2769 1827 2847 1883 Ne
2868 1828 3102 1884 audiatis
3129 1828 3290 1883 verba
3322 1845 3446 1899 pro-

1868 1917 2176 1986 phetarum,
2228 1918 2318 1986 qui
2363 1920 2690 1988 prophetant
2733 1919 2911 1984 vobis,
2959 1919 3201 1974 dicentes
3239 1938 3252 1972 :
3299 1918 3441 1975 Ecce

1867 2022 1996 2061 vasa
2035 2008 2234 2062 domus
2290 2008 2501 2064 Dominl
2553 2017 2897 2063 revertentur
2942 2023 3010 2063 ex
3057 2007 3334 2080 Babylone
3377 2012 3444 2077 Χ

1868 2108 2013 2148 nunc
2054 2094 2342 2150 confestim
2385 2095 2454 2164 1,
2495 2095 2624 2165 quia
2663 2097 2738 2166 (q)
2782 2095 2968 2166 iniqua
3010 2097 3334 2165 prophetarit
3379 2111 3445 2151 σι-

1871 2185 2040 2250 vobis,
2066 2199 2176 2239 non
2213 2185 2335 2240 misi
2370 2199 2466 2240 eos
2499 2185 2546 2254 1.
2579 2186 2668 2240 17.
2697 2189 2768 2254 Χ
2789 2184 2867 2241 Ne
2890 2185 3126 2241 audiatis
3157 2201 3251 2241 eos
3289 2203 3301 2239 :
3338 2186 3446 2239 Cu-

1867 2274 1962 2330 Iite
1989 2274 2270 2331 servitium
2291 2276 2407 2346 regi
2434 2275 2756 2346 Babylonis,
2791 2285 2845 2331 et
2871 2276 3053 2340 vivite,
3082 2283 3137 2331 et
3165 2289 3331 2345 quare
3357 2276 3448 2330 ﬁet

1871 2364 1999 2419 urbs
2033 2364 2150 2419 haec
2198 2365 2415 2420 deserta
2457 2365 2479 2432 1
2510 2365 2534 2418 ?
2572 2365 2660 2421 18.
2697 2363 2753 2419 Si
2783 2365 3060 2434 prophetae
3092 2374 3237 2432 sunt,
3274 2365 3343 2434 (r)
3393 2373 3448 2418 et

1869 2454 1915 2509 si
1947 2461 2032 2509 est
2047 2453 2269 2509 verbum
2297 2453 2510 2508 Domini
2537 2455 2593 2508 in
2624 2455 2725 2518 eis,
2744 2463 3275 2510 occurrantnunc-t—
3304 2455 3440 2509 mihi

1869 2544 1962 2615 (ε),
1993 2545 2121 2615 quia
2152 2545 2233 2601 sic
2261 2545 2400 2600 dixit
2429 2544 2710 2609 Dominus,
2742 2555 2797 2600 et
2823 2560 2890 2600 ex
2916 2545 3137 2601 residuo
3162 2559 3442 2608 vasorum,

1867 2649 1990 2700 quae
2027 2649 2136 2690 non
2176 2635 2372 2690 sumsit
2415 2649 2511 2689 rex
2544 2634 2857 2706 Babylonis,
2895 2650 3018 2690 cum
3049 2636 3322 2705 captivum
3357 2637 3448 2688 ab.

1867 2724 2026 2778 duxit
2051 2722 2376 2778 Jecboniatn
2405 2717 2438 2779 ελ
2459 2723 2783 2786 Jerusalem,
2817 2724 2871 2778 in
2903 2724 3233 2794 Babylonem
3266 2725 3446 2792 ingre-

1867 2815 2088 2870 dientur
2127 2815 2148 2882 1
2184 2819 2248 2885 (ι)
2296 2817 2361 2882 Χ
2404 2815 2537 2870 dicit
2565 2814 2829 2870 Dominus
2863 2813 3126 2871 Dominus
3155 2815 3440 2877 virtutum.

1869 2916 1929 2961 ut
1965 2920 2076 2961 non
2116 2907 2314 2961 abeant
2359 2921 2507 2970 vasa,
2555 2922 2678 2976 qua:
2721 2907 2976 2962 derelicta
3013 2917 3143 2961 sunt
3181 2909 3238 2961 in
3279 2909 3446 2961 domo

1872 2997 2106 3062 Domini,
2136 3008 2192 3054 et
2219 2999 2274 3052 in
2307 2999 2471 3052 domo
2499 2999 2642 3068 regis
2669 2997 2846 3060 Judae,
2877 3008 2930 3054 et
2959 3000 3014 3052 in
3037 2997 3363 3064 Jerusalem,
3391 2999 3444 3050 in

1869 3089 2223 3161 Babylonem.
2270 3088 2359 3144 19.
2400 3089 2538 3155 Quia
2571 3091 2685 3144 haec
2712 3090 2845 3145 dicit
2875 3089 3140 3145 Dominus
3182 3091 3442 3144 virtutum

1869 3184 1935 3238 de
1958 3175 2252 3249 columnis,
2279 3191 2331 3237 et
2354 3181 2420 3236 de
2441 3182 2598 3248 mari,
2623 3189 2677 3237 et
2698 3181 2764 3237 de
2790 3181 3136 3244 Machonoth,
3163 3181 3240 3252 (ιι)
3273 3191 3327 3235 et
3352 3197 3448 3235 su-

1868 3291 1964 3345 per
2005 3273 2225 3330 residuo
2266 3287 2543 3337 vasorum,
2595 3288 2718 3343 qua:
2762 3273 2981 3327 residua
3025 3280 3156 3327 sunt
3203 3271 3261 3325 in
3309 3271 3446 3324 urbe

1870 3368 1970 3422 hac
1995 3384 2009 3422 :
2035 3365 2127 3422 20.
2159 3380 2284 3435 qua
2319 3381 2427 3420 non
2461 3365 2660 3420 sumsit
2684 3362 3192 3418 Nabuchodonosor
3218 3377 3314 3417 rex
3345 3360 3446 3415 Ba-

1867 3457 2102 3526 bylonis,
2129 3456 2351 3527 quando
2373 3454 2674 3525 deportavit
2696 3452 3011 3508 Jechoniam
3041 3453 3211 3508 ﬁlium
3235 3451 3444 3507 Joacim

1867 3555 2048 3618 regem
2078 3546 2232 3602 Judre
2259 3561 2326 3602 ex
2351 3545 2654 3601 Jerusalem
2690 3544 2742 3597 in
2777 3544 3128 3614 Babylonem,
3173 3550 3228 3597 et
3254 3557 3448 3596 omnes

1869 3640 2070 3694 liberos
2097 3638 2271 3702 Judte,
2306 3646 2360 3691 et
2389 3636 2710 3692 Jerusalem.
2739 3634 2829 3688 21.
2865 3633 3003 3699 Quia
3033 3633 3147 3687 haec
3174 3633 3305 3687 dicit
3337 3633 3443 3687 Du-

1869 3729 2052 3782 minus
2083 3725 2342 3780 virtutum
2371 3723 2512 3779 Deus
2537 3721 2756 3778 lsraelis
2781 3737 2946 3790 super
2973 3735 3127 3785 vasa,
3153 3735 3276 3789 quae
3308 3720 3447 3775 resi-

1867 3818 1974 3874 dua
2001 3824 2131 3873 sunt
2171 3816 2226 3870 in
2256 3815 2422 3870 domo
2449 3811 2687 3876 Domini,
2718 3819 2773 3866 et
2805 3811 2860 3865 in
2900 3810 3066 3865 domo
3093 3808 3236 3878 regis
3264 3807 3437 3872 Judaa.

1867 3919 1924 3964 et
1949 3910 2002 3964 in
2031 3907 2332 3962 Jerusalem
2359 3923 2372 3960 :
2407 3905 2499 3959 22.
2538 3905 2600 3960 In
2639 3903 2969 3975 Babylonem
3000 3903 3357 3966 adducentur,
3385 3911 3441 3959 et

1870 4001 1946 4056 ibi
1971 4007 2134 4054 erunt
2171 4012 2345 4068 usque
2375 3997 2440 4051 ad
2471 3996 2640 4062 diem,
2682 4010 2792 4064 quo
2819 3993 3054 4050 visitabo
3086 4008 3173 4060 ea,
3217 3993 3296 4064 (π)
3329 3994 3446 4048 haec

1868 4092 2001 4150 dicit
2030 4091 2314 4156 Dominus,
2334 4095 2402 4143 'et
2431 4085 2726 4144 ascendere
2755 4084 2952 4142 faciam
2981 4099 3067 4151 ea,
3103 4094 3158 4141 et
3187 4085 3442 4141 reducam

1867 4198 1932 4239 ea
1955 4183 2010 4237 in
2045 4181 2224 4236 locum
2266 4180 2410 4235 hunc
2442 4179 2489 4246 1.
3355 4194 3358 4197 κ

1938 4275 2073 4344 Cap.
2091 4270 2334 4328 XXVIII.
2354 4269 2564 4324 —-—I.Et
2592 4268 2794 4324 factum
2817 4273 2901 4323 est
2932 4266 2984 4320 in
3012 4280 3158 4320 anno
3176 4262 3268 4318 illo
3296 4265 3364 4332 Χ
3388 4263 3442 4316 in

1871 4365 2163 4436 principio,
2200 4364 2277 4433 (ν)
2311 4377 2436 4417 cum
2469 4369 2721 4431 regnaret
2750 4359 2972 4414 Sedecia
3019 4373 3114 4411 rex
3163 4355 3336 4420 Judze,
3388 4355 3442 4408 in

1872 4471 2016 4511 anno
2043 4456 2065 4522 1
2097 4463 2318 4524 quarto,
2347 4454 2400 4507 in
2432 4467 2619 4507 mense
2643 4452 2838 4520 quinto
2863 4450 3001 4505 dixit
3025 4447 3159 4503 mihi
3197 4444 3441 4501 Hanania

186 4556 216 4595 a
249 4549 393 4594 terra
425 4548 620 4603 vestra,
657 4539 724 4605 Χ
755 4547 810 4593 et
837 4539 1144 4608 dispergam
1177 4555 1296 4602 vos,
1337 4546 1392 4593 et
1424 4538 1666 4606 peribitis
1699 4538 1722 4604 1
1751 4579 1766 4602 ,
1803 4532 1846 4588 D
1876 4545 2020 4600 ﬁlius
2043 4545 2186 4598 Azor
2213 4544 2286 4613 (ι)
2315 4541 2806 4612 pseudopropheta,
2865 4541 2960 4609 qui
3004 4552 3071 4592 ex
3112 4538 3356 4602 Gabaon,
3390 4536 3442 4590 in

187 4633 277 4684 It.
309 4641 369 4684 et
399 4645 554 4699 gens,
593 4642 952 4698 quaecumque
977 4629 1345 4683 introduxerit
1375 4629 1574 4684 collum
1609 4644 1770 4684 suum

185 4723 294 4780 sub
323 4722 518 4791 jugum
568 4720 712 4790 regis
761 4719 1078 4790 Babylonis,
1124 4729 1180 4774 et
1225 4727 1446 4790 operata
1488 4718 1654 4774 fuerit
1701 4721 1772 4784 ei,

185 4811 355 4865 etiam
382 4810 688 4878 relinquam
719 4824 838 4862 eam
873 4823 1036 4878 super
1065 4818 1210 4864 terra
1252 4824 1373 4874 sua,
1407 4811 1474 4877 Χ
1507 4809 1644 4864 dicit
1671 4808 1777 4864 Do-

187 4900 374 4955 minus
410 4899 457 4968 1,
490 4911 542 4955 et
571 4900 884 4968 operabitur
915 4901 966 4953 in
995 4914 1078 4963 ea,
1112 4909 1166 4954 et
1191 4899 1457 4955 habitabit
1489 4901 1544 4955 in
1568 4916 1652 4956 ea.
1689 4903 1777 4956 12.

187 4992 258 5047 Et
282 4992 350 5046 ad
379 4992 658 5048 Sedeciam
685 5007 864 5061 regem
885 4990 1038 5046 Judaz
1094 4992 1310 5047 locutus
1330 5007 1447 5047 sum
1473 4995 1772 5050 secundum

260 5091 328 5158 (‘)
359 5089 435 5142 Ita
458 5088 582 5160 cod.
615 5087 737 5158 Syr.
760 5098 963 5152 ἾὉἋΠ
994 5087 1278 5160 Abclioris;
1302 5089 1400 5160 sed
1429 5089 1615 5158 lapsus
1645 5093 1857 5155 scribae,
1890 5107 1988 5160 pro
2011 5101 2219 5156 πων-π

1105 5157 1332 5238 Reliqui,
1355 5157 1596 5243 cadaver
1602 5162 1758 5243 (ejus.
1837 5157 2301 5243 (g).EthoIluine_s.
2359 5158 2701 5243 μ’)βείίφιξν
2731 5159 2823 5243 cui,
2866 5157 3063 5243 Ρίξοέί·

933 5229 1126 5282 estiam
1163 5229 1420 5296 regionis.
1499 5229 1560 5298 (ι)
1596 5229 1676 5292 8.,
1719 5229 1876 5286 ιρι-ναξ
1894 5229 2034 5300 ejus.
2113 5232 2206 5299 (in)
2237 5233 2324 5292 .4.,
2353 5229 2438 5292 8.,
2472 5229 2524 5282 in
2558 5237 2725 5297 peste.
2805 5229 2882 5295 (η)
2910 5229 3039 5282 Eos.
3115 5229 3189 5294 (ο)
3216 5229 3442 5302 Reliqui,

933 5299 1008 5365 (p)
1045 5300 1135 5363 Α.,
1164 5298 1218 5351 in
1248 5301 1549 5370 mendacio.
1629 5307 1702 5370 (q)
1735 5302 1817 5366 S.,
1849 5300 2152 5356 mendacia.
2229 5301 2299 5369 (r)
2325 5299 2640 5370 A.,_et_nun
2670 5297 2995 5370 est_verbum
3017 5295 3229 5370 Domini
3261 5295 3314 5370 i_n
3343 5307 3442 5370 eis.

191 5160 261 5228 (ε)
293 5159 361 5212 Ει
403 5159 746 5228 adduxerunt
773 5175 921 5228 eum.
942 5204 956 5217 .
996 5159 1063 5226 (Ῑ)

188 5227 384 5283 omnes
409 5237 602 5297 terras.
681 5227 753 5295 (k)
781 5227 870 5291 A.,
901 5227 1126 5282 bestiam
1163 5229 1420 5296 regionis.

188 5314 300 5353 non
333 5299 525 5351 celetis
549 5297 858 5352 servitium.

1873 4639 2037 4694 domo
2084 4635 2298 4690 Domini
2348 4642 2476 4689 ante
2520 4634 2716 4688 oculos
2767 4630 3134 4693 sacerdotum,
3175 4639 3230 4684 et
3263 4630 3445 4684 omnis

1873 4729 2081 4799 populi,
2117 4728 2306 4781 dicens
2340 4745 2352 4780 :
2392 4726 2447 4779 2.
2493 4724 2584 4780 Sic
2613 4725 2751 4779 dixit
2791 4723 3057 4777 Duminus
3086 4725 3153 4790 Χ
3181 4721 3441 4776 virtutum

1875 4821 2020 4874 Deus
2041 4818 2278 4884 Israelis,
2309 4817 2542 4872 dicendo
2573 4816 2595 4882 1
2642 4832 2655 4868 :
2681 4813 2928 4870 Contrivi
2953 4813 3143 4883 jugum
3174 4813 3318 4882 regis
3344 4811 3446 4867 Ba-

1876 4909 2114 4978 bylonis.
2145 4910 2199 4963 '5.
2227 4909 2422 4963 Adhuc
2464 4909 2570 4961 duo
2599 4907 2726 4960 anni
2777 4904 3013 4969 dierum,
3054 4918 3154 4974 ego
3190 4903 3444 4957 reducam

1882 4995 1949 5051 ad
1979 4993 2158 5050 locum
2197 4997 2340 5050 hunc
2375 4991 2559 5049 omnia
2586 5008 2712 5049 vasa
2747 4994 2946 5048 domus
2982 4985 3218 5060 Domini,
3255 4993 3332 5063 (a)
3377 4995 3444 5059 Χ

2253 5091 2539 5153 Achboris;
2570 5089 2774 5153 Graace,
2807 5088 2902 5141 τοῦ
2946 5087 3206 5159 ’Δχοὸὡμ
3246 5087 3441 5140 Drach.

2253 5176 2301 5208 s.
2377 5159 2452 5208 (hi
2477 5158 2701 5208 Reliqui.
2731 5159 2818 5208 cui
2869 5159 3063 5208 placet.
3141 5157 3204 5208 iii
3239 5159 3324 5208 Α..
3361 5154 3441 5208 8..

2113 5163 2301 5216 mines.
2377 5159 2452 5230 (lt)
2477 5158 2701 5228 Reliqui,
2731 5159 2818 5213 cui
2869 5157 3063 5226 placet.
3141 5157 3204 5226 (i)
3239 5159 3324 5217 Α..
3361 5157 3443 5216 8.,

2113 5232 2206 5299 (in)
2237 5233 2324 5302 .4.,
2351 5228 2438 5302 _S.,
2472 5229 2524 5282 in
2558 5237 2725 5297 peste.
2805 5229 2882 5302 (tt)
2910 5226 3047 5302 Eos.
3115 5227 3189 5302 (ρ)
3215 5224 3445 5302 _Reliqtii,

186 5368 258 5435 is)
285 5368 378 5427 Α..
409 5367 462 5420 in
489 5365 716 5420 Domino
742 5361 1128 5438 exercituum{
1162 5366 1410 5438 (tiliam,
1435 5361 1782 5436 quibus'sunt
1807 5361 2076 5435 asterisci,
2126 5361 2652 5438 pro's'uperioribus,
2672 5368 2873 5436 quibus
2901 5378 3029 5419 sunt
3050 5363 3316 5438 lemnisci,
3343 5361 3446 5438 ad-

183 5439 302 5493 dita
337 5445 467 5507 sunt
508 5451 573 5490 ex
606 5437 868 5507 versione
903 5435 1754 5507 _leeodotionis,piequiparantia
1786 5441 1836 5494 vi
1876 5441 1964 5505 iis,

2055 5425 2141 5493 um.
2169 5425 2374 5506 Reliqui
2414 5425 2659 5492 fecerunt
2782 5451 2834 5490 θ.
2881 5425 3310 5506 ιξαηεςυζενέυιι).
3343 5427 3445 5500 [11³

184 5506 462 5583 scholium
519 5505 722 5560 codicis
747 5505 867 5630 Syr.
898 5504 1123 5577 Drach.]
1197 5509 1276 5576 (tt)
1308 5499 1701 5575 'A.,.'et'super
1741 5499 1982 5564 basibus.
2016 5499 2096 5571 8.,
2126 5519 2179 5562 et
2206 5499 2307 5575 pro
2335 5507 2576 5563 basibus.
2652 5499 2730 5577 (ai)
2773 5509 2862 5569 Α..
2892 5505 2972 5565 8.,
3003 5503 3138 5580 dicit
3163 5499 3442 5553 Dominus.

186 5578 267 5630 tul
295 5575 480 5630 Regis.
557 5578 630 5630 is)
655 5576 746 5630 A..
823 5612 862 5630 ..
897 5577 1177 5630 nronbeta.
1253 5577 1332 5630 (al
1371 5575 1517 5630 Haec.
1553 5577 1752 5630 auibus
1785 5588 1914 5630 sunt
1953 5577 2220 5630 asterisci.
2248 5591 2346 5630 nro
2381 5576 2449 5630 iis
2470 5585 2754 5630 sunt.uuae
2776 5575 2916 5630 apud
2957 5569 3097 5625 LXX
3124 5576 3442 5630 interpretes

186 5578 267 5647 (ς)
295 5575 480 5645 Regis.
557 5578 630 5644 (ι)
655 5576 721 5628 Α.

823 5612 862 5640 .,
895 5568 1213 5644 propheta.’
1253 5568 1332 5644 (a)
1371 5575 1517 5639 Haec,
1553 5568 1924 5646 quibussunt
1953 5568 2220 5636 asterisci;
2248 5591 2346 5646 pro
2381 5576 2449 5631 iis
2470 5568 2754 5646 sunt,qua3
2776 5575 2916 5644 apud
2957 5569 3097 5625 LXX
3124 5568 3447 5636 interpretes

187 5641 434 5713 iueruiit.
467 5641 622 5727 (Hcce
653 5641 1488 5726 obscuraita—vertendarp'utavi,
1523 5641 1687 5710 verbis
1719 5666 1761 5744 Γ

1872 5643 1984 5744 lf'm
2012 5659 2080 5711 ad
2111 5641 2264 5712 vocesw
2284 5641 2401 5741 175.1
2423 5641 3072 5744 mStrausferendis‘milii
3098 5647 3272 5744 uisis.)
3291 5669 3294 5674 ·
3314 5646 3446 5744 [Dira

187 5716 549 5810 intelligentia
585 5741 743 5810 hujus
779 5739 1060 5823 Norbergii
1087 5716 1831 5823 observationis.adponititus
1863 5716 2227 5798 Ιιῖρέοιιοιίοιι
2257 5716 2396 5798 sicut
2424 5716 2652 5798 habetur
2677 5716 2730 5796 in
2759 5738 2879 5794 cod.
2915 5735 3033 5806 Syr.
3057 5718 3174 5822 r51
3197 5716 3451 5823 ειιπήνίνη

191 5844 211 5884 :
237 5831 321 5883 ’τη
348 5807 559 5908 {intrita
594 5807 768 5910 vim:
802 5809 918 5911 ἶν’-,η
953 5807 1050 5885 niS
1073 5833 1388 5910 πρῡν-πηεοκ
1416 5807 1532 5906 prb
1567 5807 1706 5884 inm
1751 5825 1764 5878 Ι

1869 5822 1972 5895 31).]
