3902 6470
434 408 571 464 25-ιῖ

436 538 558 593 qua:
585 522 785 576 sumsit
811 519 1318 576 Nabuchodonosor
1353 537 1446 576 rex
1475 519 1768 594 Babylonis
1800 537 1868 580 ex
1899 525 2021 581 loco
2051 541 2093 596 Α
2127 528 2260 580 tioni
2307 529 2368 596 1,

439 613 562 678 hoc,
601 621 656 668 et
702 611 1005 666 introduxit
1038 625 1102 666 ea
1151 611 1206 665 in
1243 611 1601 684 Babylonem,
1640 615 1694 670 4.
1734 623 1789 670 et
1815 617 2041 671 Jecho-'

438 705 588 759 niam
625 703 796 758 filium
826 697 1036 757 Joacim
1075 718 1257 774 regem
1300 702 1474 772 Juda,
1507 714 1562 761 et
1592 721 1812 762 omnem
1843 707 2017 776 capti-

437 796 660 848 vitatem
691 792 864 856 Judze,
898 794 990 862 qui
1017 793 1246 870 ingressi
1279 805 1408 850 sunt
1434 797 1489 850 in
1523 796 1878 867 Babylonem,
1911 813 2014 868 ego

438 884 696 938 reducam
735 885 788 938 in
834 885 1014 939 locum
1063 885 1233 950 hunc,
1257 887 1392 942 dicit
1419 887 1782 956 Dominus1,
1845 903 1907 944 σι-
1959 897 2015 945 et

433 970 780 1038 Jechoniam,
811 983 865 1027 et
901 976 1436 1046 transmigrationem
1463 976 1616 1032 Judae
1642 978 1664 1045 1
1693 995 1707 1042 ;
1740 979 1869 1047 quia
1889 992 2016 1034 con-

439 1073 611 1117 teram
661 1065 847 1134 iugum
882 1067 1025 1136 regis
1057 1065 1369 1138 Babylonis.
1407 1068 1439 1122 5
1500 1068 1568 1122 Et
1612 1071 1753 1124 dixit
1779 1069 2013 1126 Jeremia

439 1157 507 1223 Χ
564 1156 828 1224 propheta
884 1158 906 1225 1
963 1159 1030 1210 ad
1088 1157 1390 1213 llananiam
1440 1164 1507 1228 Χ
1565 1163 2015 1232 pseudoprophe-

440 1255 549 1299 tam
585 1245 607 1313 1
647 1255 774 1300 ante
817 1248 1007 1302 oculos
1034 1248 1403 1314 sacerdotum,
1435 1261 1488 1305 et
1514 1260 1640 1307 ante
1671 1254 1864 1308 oculos
1892 1269 2013 1308 om«

441 1337 525 1392 nis
561 1337 767 1406 populi,
809 1340 1070 1392 stantium
1109 1341 1162 1394 in
1210 1340 1373 1393 domo
1409 1339 1648 1407 Domini,
1684 1343 1739 1397 6.
1785 1354 1840 1398 et
1873 1343 2014 1398 dixit

438 1424 672 1481 Jeremia
704 1431 772 1496 Χ
806 1431 1068 1497 propheta
1114 1431 1136 1500 1
1181 1449 1194 1485 :
1233 1431 1308 1501 (ὁ)
1347 1431 1484 1487 Vere
1525 1433 1604 1488 sic
1633 1433 1796 1490 faciet
1829 1434 2015 1488 Domi-

441 1533 546 1573 nus
579 1536 592 1572 :
625 1528 826 1573 statuet
853 1520 1118 1576 Dominus
1151 1523 1374 1577 verbum
1406 1533 1581 1588 tuum,
1615 1525 1760 1593 quod
1799 1533 1856 1579 tu
1885 1541 2014 1594 pro-

440 1609 654 1677 phetas,
695 1609 761 1663 ad
791 1612 987 1665 reverti
1027 1611 1338 1668 faciendum
1374 1629 1500 1668 vasa
1529 1614 1727 1670 domus
1768 1615 2012 1679 Domini,

438 1707 492 1750 et
515 1711 734 1751 omnem
778 1700 1308 1770 transmigrationem
1337 1717 1404 1756 ex
1438 1702 1709 1772 Babylone
1732 1704 1800 1757 ad
1832 1706 2013 1759 locum

440 1785 603 1840 hunc.
652 1786 702 1840 7.
732 1785 1120 1844 Verumtamen
1157 1791 1226 1861 (c)
1256 1794 1438 1846 audite
1469 1796 1538 1861 Χ
1561 1809 1707 1847 nunc
1739 1794 1762 1858 1
1790 1795 2011 1849 verbum

442 1875 566 1936 hoc.
601 1879 745 1946 quod
779 1893 880 1948 ego
899 1880 1024 1936 dico
1057 1879 1110 1934 in
1134 1895 1297 1937 aures
1329 1882 1408 1952 (ά)
1442 1894 1672 1948 vestras,
1697 1893 1750 1937 et
1774 1884 1827 1936 in
1851 1899 2012 1938 aures
2045 1880 2087 1933 Β
2118 1886 2259 1941 filios
2292 1896 2347 1940 et
2379 1887 2544 1949 filias,
2587 1894 2644 1940 et
2679 1884 3120 1955 multiplicamini
3178 1885 3247 1950 Χ
3297 1883 3372 1937 ibi
3417 1882 3440 1949 1
3472 1923 3487 1945 ,

439 1965 622 2020 omnis
670 1969 876 2037 populi.
914 1969 968 2024 8.
1018 1969 1326 2040 Prophetas,
1383 1974 1479 2043 qui
1536 1973 1759 2029 fuerunt
1805 1974 2018 2043 priores

439 2069 527 2107 me
552 2095 566 2119 ,
604 2069 658 2110 et
677 2057 887 2126 priores
923 2059 990 2130 (ε)
1027 2060 1183 2116 vobis
1209 2076 1239 2115 a
1265 2062 1488 2127 saeculo,
1528 2071 1584 2116 et
1622 2062 2018 2131 prophetarum

443 2144 512 2215 ff)
545 2162 710 2215 super
756 2159 898 2203 terra
931 2151 1126 2216 multa,
1170 2161 1226 2206 et
1261 2167 1426 2221 super
1480 2153 1664 2222 regnis
1713 2154 1928 2222 magnis
1960 2155 2015 2207 in

439 2238 668 2303 bellum,
696 2242 764 2307 Χ
799 2249 852 2294 et
882 2241 936 2294 in
963 2243 1128 2305 mala,
1151 2253 1206 2297 et
1227 2243 1283 2297 in
1306 2252 1536 2298 mortem
1571 2244 1618 2311 1.
1641 2244 1694 2298 9.
1725 2244 2013 2315 Propheta,

439 2326 536 2395 qni
568 2329 912 2398 prophetavit
958 2330 1012 2384 in
1045 2347 1254 2400 pacem,
1297 2348 1467 2402 quum
1511 2334 1661 2388 venit
1691 2334 1918 2388 verbum
1948 2338 2014 2402 Χ

441 2417 718 2486 prOpheta:
746 2418 770 2486 1
795 2458 809 2482 ,
843 2418 917 2489 (_q)
948 2431 1282 2491 cognoscent
1308 2422 1649 2491 prepbetam,
1679 2438 1842 2491 quem
1868 2423 2018 2478 misit

443 2520 506 2562 σι-
537 2508 618 2562 eis
645 2510 668 2576 1
705 2509 970 2565 Dominus
995 2510 1071 2582 (It)
1098 2512 1154 2566 in
1180 2512 1304 2567 fide.
1330 2513 1416 2566 10.
1447 2512 1514 2567 Et
1541 2514 1740 2568 sumsit
1765 2513 2018 2572 Hanania

440 2600 506 2664 Χ
536 2599 802 2669 propheta
833 2601 856 2668 1
911 2615 974 2656 -ι-
1024 2603 1078 2656 in
1111 2603 1286 2658 oculis
1320 2604 1502 2659 omnis
1528 2604 1714 2674 populi
1742 2603 1766 2672 1
1792 2604 2017 2660 collaria

438 2705 505 2742 ex
553 2690 695 2743 collo
743 2688 996 2747 Jeremite
1027 2696 1095 2760 Χ
1126 2694 1405 2763 propheta:
1441 2694 1499 2762 1,
1530 2702 1586 2748 et
1620 2693 1887 2764 confregit
1928 2709 2014 2748 ea.

443 2780 527 2834 ll.
565 2782 635 2836 Et
673 2783 810 2838 dixit
851 2781 1096 2838 Haeania
1131 2795 1257 2839 ante
1287 2785 1481 2840 oculos
1533 2789 1601 2854 Χ
1642 2787 1822 2842 omnis
1858 2789 1882 2854 1
1917 2800 2017 2856 po-

439 2872 572 2940 puli,
609 2873 798 2928 dicens
844 2892 858 2928 :
895 2875 988 2930 Sic
1020 2876 1157 2952 dixit
1190 2877 1454 2933 Dominus
1498 2919 1511 2931 .
1539 2876 1642 2932 Sic
1670 2878 2014 2948 confringant

435 2962 630 3034 jugum
667 2966 736 3032 Χ
765 2962 1330 3022 Nabuchodonosoris
1350 2968 1498 3038 regis
1526 2967 1819 3038 Babylonis
1841 2968 1905 3037 (i)
1929 2983 2018 3024 ευ-

439 3067 534 3121 per
575 3051 792 3108 duobus
846 3056 1008 3112 annis
1050 3056 1264 3112 dierum
1322 3057 1396 3128 (Ir)
1446 3072 1514 3112 ex
1559 3058 1719 3114 collis
1768 3058 2014 3113 omnium

438 3143 704 3210 gentium.
756 3143 822 3198 Et
867 3145 1003 3198 abiit
1059 3142 1297 3202 Jeremia
1345 3147 1610 3217 propheta
1662 3147 1686 3216 1
1756 3147 1813 3202 in
1867 3149 2013 3203 viam

439 3248 618 3288 suam.
668 3232 758 3288 l2.
798 3235 864 3290 Et
902 3233 1110 3290 factum
1154 3245 1239 3292 est
1270 3239 1496 3292 verbum
1523 3237 1740 3293 Domini
1767 3239 1835 3294 ad
1855 3237 2012 3294 Jere-

437 3323 627 3388 miam,
663 3336 958 3395 postquam
992 3326 1263 3397 confregit
1304 3327 1554 3383 Hanania
1581 3331 1649 3396 Χ
1683 3329 1948 3399 propheta
1987 3330 2010 3396 1

438 3414 663 3470 collaris
696 3417 763 3485 Χ
799 3417 918 3486 ejus
967 3433 1033 3472 ex
1076 3418 1219 3472 collo
1259 3418 1326 3488 (ι)
1371 3419 1493 3488 ejus
1519 3422 1798 3489 propheta:
1828 3421 1849 3488 1
1880 3458 1897 3485 ,
1931 3421 2017 3476 di-

436 3518 567 3558 cens
607 3522 621 3557 :
658 3505 744 3561 l5.
796 3506 974 3573 Vade,
1019 3513 1076 3562 et
1114 3507 1205 3562 dic
1247 3508 1315 3562 ad
1357 3507 1698 3574 llananiam,
1731 3509 1962 3566 dicendo
1997 3529 2011 3565 ς

439 3592 533 3648 Sic
563 3592 702 3648 dixit
749 3594 1012 3652 Dominus
1067 3614 1081 3649 :
1127 3595 1365 3652 Collaria
1404 3598 1534 3669 ligni
1579 3598 1919 3669 confregisti,
1962 3609 2018 3655 et

439 3682 638 3739 faciam
671 3683 768 3752 (m)
801 3701 902 3757 pro
941 3686 1026 3742 his
1051 3688 1276 3742 collaria
1305 3687 1435 3743 ferri
1467 3707 1480 3742 ε
1509 3689 1596 3744 14.
1629 3691 1761 3759 quia
1780 3691 1862 3746 sic
1877 3691 2016 3747 dixit

439 3775 710 3832 Dominus
749 3781 816 3846 Χ
848 3778 1112 3836 virtutum
1144 3781 1168 3848 1
1205 3780 1348 3837 Deus
1373 3779 1594 3837 lsraelis
1614 3799 1629 3838 :
1653 3781 1848 3852 jugum
1881 3782 2015 3838 ferri

438 3869 598 3938 posui
641 3885 806 3940 super
852 3871 1053 3928 collum
1109 3873 1356 3930 omnium
1393 3874 1634 3943 gentium
1679 3877 1749 3942 Χ
1793 3875 2012 3941 harum,

438 3961 507 4016 ad
541 3963 890 4019 serviendum
919 3961 1446 4021 Nabuchodonosori
1484 3965 1508 4034 1
1547 3965 1660 4036 regi
1694 3964 2011 4036 Babylonis,

437 4056 502 4122 Χ
529 4063 585 4109 et
631 4056 815 4110 colent
864 4057 1146 4112 servitium
1184 4056 1260 4122 ei,
1312 4065 1369 4111 et
1409 4071 1626 4127 quoque
1677 4056 1755 4126 (η)
1807 4057 2014 4113 bestias

437 4146 552 4215 agri
592 4147 713 4200 dedi
759 4148 808 4201 ei
845 4149 893 4214 1.
951 4147 1040 4201 15.
1091 4147 1158 4202 Et
1204 4147 1353 4206 dixit!
1385 4147 1622 4204 Jeremia
1653 4152 1721 4216 Χ
1748 4151 2012 4220 prepheta

437 4237 695 4294 Hanaoim
737 4239 1015 4307 prapbeta
1059 4239 1082 4307 1
1119 4257 1133 4293 :
1166 4239 1308 4294 Audi
1351 4243 1419 4307 Χ
1453 4255 1622 4304 nunc,
1669 4241 1914 4296 Hanania
1946 4243 2008 4310 1:

433 4328 549 4384 Non
583 4330 732 4384 misit
762 4337 813 4384 te
844 4329 1108 4386 Dominus
1152 4349 1165 4383 ε
1199 4343 1255 4386 et
1286 4339 1343 4384 tu
1373 4331 1647 4388 conlidere
1689 4332 1866 4388 fecisti
1914 4348 2013 4402 po-

432 4421 618 4491 pulum
662 4421 810 4476 hunc
865 4422 940 4489 (ο)
983 4436 1146 4492 super
1198 4422 1425 4493 iniquis.
1485 4423 1573 4478 l6.
1632 4421 1862 4493 Propter
1907 4423 2013 4479 hoc

431 4513 513 4568 sic
562 4511 700 4568 dixit
750 4511 1018 4568 Dominus
1073 4531 1087 4567 :

430 4615 587 4662 terra;
619 4622 635 4658 :
663 4606 767 4660 hoc
794 4619 938 4659 anno
960 4608 1029 4672 Χ
1053 4613 1109 4660 ιιι
1144 4604 1166 4672 1
1201 4605 1487 4671 morieris;
1516 4605 1646 4675 quia
1669 4607 1735 4673 Χ
1766 4605 2008 4675 obliqui-

431 4704 596 4751 tatem
630 4698 653 4765 1
681 4704 738 4750 tu
767 4697 984 4752 locutus
1013 4710 1073 4750 es
1095 4696 1163 4750 ad
1189 4695 1498 4750 Dominum.
1537 4695 1622 4749 17.
1662 4693 1729 4748 Ει
1761 4705 2010 4754 mortuus

429 4796 513 4843 est
541 4789 609 4855 )t(
643 4787 887 4850 ilanania
921 4788 1185 4858 propheta
1229 4789 1282 4842 in
1332 4802 1476 4844 anno
1509 4787 1602 4844 illo
1635 4787 1660 4854 1
1710 4788 1766 4843 in
1815 4801 2004 4844 mense

429 4877 680 4944 septimo.

495 4967 631 5036 Cap.
675 4966 868 5023 XXiX.
900 4971 950 5024 l.
978 4969 1043 5025 Et
1069 4971 1184 5028 hac
1204 4971 1368 5026 verba
1396 4970 1540 5036 libri,
1569 4985 1694 5040 quae
1731 4971 1883 5024 misit
1907 4968 2000 5025 Je-

428 5059 594 5114 remia
647 5062 714 5127 Χ
764 5061 1028 5129 propheta
1077 5063 1098 5130 1
1153 5077 1220 5118 ex
1272 5061 1574 5116 Jerusalem
1625 5061 1694 5115 ad
1748 5061 2000 5116 seniores

425 5151 944 5222 transmigrationis,
982 5160 1037 5206 et
1064 5152 1130 5206 ad
1172 5151 1506 5220 sacerdotes,
1553 5160 1609 5207 et
1646 5154 1712 5205 ad
1758 5152 1994 5221 pseudo-

423 5241 742 5310 prOphetas,
793 5241 1079 5310 epistolam
1140 5241 1195 5296 in
1243 5241 1575 5314 Babylonem
1622 5256 1687 5297 ot-
1728 5242 1998 5311 demigra-

1611 405 1836 461 CODEX
1881 405 2545 462 SYRO-HEXAPLABIS.

3555 405 3687 464 πίε

2419 537 2474 582 et
2509 527 2578 581 ad
2626 539 2843 581 omnem
2892 525 3188 596 populum;
3219 540 3361 596 quos
3393 527 3690 596 deportavit

2118 617 2629 674 Nabuchodonosor
2659 621 2727 686 Χ
2757 631 2784 672 a
2817 617 3118 673 Jerusalem
3152 618 3207 673 in
3257 618 3592 688 Babylonem
3629 623 3648 688 1
3675 639 3689 684 ;

2117 707 2173 761 2.
2207 707 2282 778 (p)
2318 723 2444 762 cum
2473 709 2540 762 ad
2587 709 2841 763 ultimum
2874 723 3132 778 egressus
3161 718 3244 762 est
3270 706 3536 763 Jechonia
3576 725 3688 774 rex,

2115 808 2173 852 et
2204 799 2411 868 regina,
2446 810 2503 854 et
2535 800 2795 864 eunuchi,
2826 803 2892 868 Χ
2931 808 2984 854 et
3018 800 3295 869 principes
3324 797 3480 855 Judae
3513 815 3576 856 ex
3605 800 3689 856 Je-

2117 890 2356 944 rusalem
2383 891 2443 957 1,
2468 899 2524 945 et
2553 891 2736 946 omnis
2758 891 2916 954 liber,
2937 900 2991 946 et
3026 892 3102 961 (q)
3135 893 3356 955 artifex,
3391 900 3447 946 et
3479 892 3693 948 vinctus

2042 1041 2064 1050 -
2117 995 2180 1032 ex
2205 978 2530 1042 Jerusalem.
2591 982 2646 1035 '5.
2698 981 2753 1035 in
2795 995 2958 1035 manu
2999 981 3204 1036 Eleasae
3237 984 3332 1037 ﬁlii
3363 982 3612 1051 Saphan,
3647 991 3696 1034 et

2118 1069 2389 1124 Gamarim
2423 1070 2517 1124 filii
2550 1069 2768 1132 Helciaz,
2793 1084 2956 1135 quem
2984 1070 3131 1124 misit
3169 1059 3397 1123 Sedécia
3424 1083 3519 1122 rex
3547 1066 3698 1121 Juda:

2115 1159 2184 1212 ad
2219 1162 2284 1225 )t(
2318 1157 2916 1213 Nabucliodouosorem
2957 1158 2980 1224 1
3015 1173 3196 1227 regem
3220 1158 3521 1226 Babylonis
3548 1169 3610 1210 ὴ
3643 1156 3693 1209 in

2115 1247 2445 1319 Babylonem
2491 1251 2548 1318 1,
2607 1249 2848 1303 dicens:
2898 1249 2952 1302 4.
3003 1247 3094 1301 Sic
3143 1248 3280 1302 dixit
3328 1245 3597 1299 Dominus
3631 1246 3693 1311 Χ

2115 1340 2378 1396 virtutum
2441 1339 2462 1406 1
2530 1341 2672 1395 Deus
2726 1337 2944 1394 lsraelis
2999 1353 3168 1407 super
3210 1337 3688 1406 demigrationem,

2114 1449 2280 1503 quam
2312 1433 2618 1502 demigrare
2650 1431 2778 1487 fecit
2808 1446 2875 1486 ex
2910 1429 3214 1485 Jerusalem
3256 1432 3323 1497 Χ
3371 1429 3429 1481 in
3469 1426 3693 1495 Babylo—

2115 1539 2240 1578 nem
2274 1523 2296 1590 1
2325 1542 2338 1577 :
2372 1524 2428 1580 5.
2454 1523 2746 1577 Edilicate
2773 1524 2986 1583 domos,
3013 1530 3068 1576 et
3099 1521 3360 1582 habitate,
3380 1529 3436 1572 et
3459 1519 3693 1588 plantate

2115 1615 2328 1677 hortos,
2373 1624 2428 1670 et
2465 1615 2609 1670 edite
2641 1615 2856 1670 fructus
2886 1629 3104 1677 eorum,
3138 1611 3190 1667 6.
3228 1622 3281 1666 et
3309 1611 3518 1667 sumite
3564 1621 3692 1662 uxo-

2115 1723 2223 1772 res,
2243 1716 2295 1761 et
2318 1706 2479 1762 facite
2505 1715 2666 1761 natos
2701 1707 2862 1770 filios,
2886 1716 2940 1760 et
2971 1705 3130 1768 filias,
3151 1714 3207 1758 et
3229 1703 3431 1758 sumite
3455 1701 3585 1756 ﬁliis
3609 1714 3695 1754 veb

2116 1798 2248 1853 stris
2295 1812 2514 1860 uxores,
2556 1806 2614 1852 et
2659 1798 2800 1852 filias
2828 1803 3040 1851 vestras
3063 1797 3186 1850 date
3210 1794 3368 1856 viris,
3399 1802 3454 1847 et
3481 1792 3692 1862 pariant

3537 1890 3591 1936 et
3625 1895 3692 1934 ne

2118 1977 2500 2032 diminuamini
2535 1994 2552 2032 :
2590 1977 2644 2029 7.
2677 1986 2733 2031 et
2773 1977 2938 2030 vivite
2968 1975 3037 2041 (r)
3072 1976 3126 2029 in
3174 1990 3363 2044 pacem
3411 1983 3593 2035 terrm,
3635 1971 3690 2026 in

2117 2083 2280 2138 quam
2316 2067 2623 2137 demigrare
2646 2067 2748 2122 feci
2779 2081 2879 2122 vos
2914 2067 3044 2122 illuc
3075 2081 3092 2119 ε
3131 2075 3185 2120 et
3213 2074 3366 2119 orate
3390 2079 3492 2134 pro
3519 2063 3601 2118 eis
3627 2063 3690 2117 ad

2117 2156 2446 2223 Dominum;
2497 2159 2626 2227 quia
2669 2159 2722 2211 in
2759 2172 2890 2227 pace
2924 2158 2993 2228 (ε)
3025 2171 3218 2212 eorum
3254 2155 3316 2209 fit
3369 2153 3532 2208 vobis
3570 2169 3688 2224 pax.

2117 2247 2170 2302 8.
2206 2247 2480 2312 Quoniam
2528 2249 2608 2304 sic
2651 2248 2790 2303 dixit
2821 2248 3089 2302 Dominus
3122 2249 3192 2316 Χ
3239 2247 3510 2300 virtutum
3553 2245 3688 2300 Dens

2116 2338 2334 2395 lsraelis
2368 2340 2389 2406 1
2420 2357 2435 2395 :
2467 2338 2588 2394 Non
2624 2341 2990 2409 persuadeant
3013 2339 3169 2395 vobis
3205 2339 3689 2409 pseudopropheta:

2119 2433 2185 2498 Χ
2209 2431 2376 2484 vestri
2411 2430 2433 2496 1
2467 2443 2531 2484 +
2558 2432 2653 2500 qui
2685 2431 2738 2484 in
2770 2432 2927 2486 vobis
2953 2433 3013 2501 1,
3045 2439 3099 2485 et
3139 2444 3202 2484 -ιι-
3229 2443 3336 2483 non
3367 2432 3436 2498 (ι)
3469 2443 3688 2497 persua-

2115 2522 2279 2576 deant
2301 2522 2454 2576 vobis
2483 2523 2505 2589 1
2533 2523 2872 2578 divinatorcs
2894 2523 3062 2577 vestri
3085 2542 3098 2578 :
3120 2531 3176 2576 et
3196 2537 3264 2576 ne
3291 2521 3620 2590 andiatis(u)
3641 2521 3690 2572 in

2116 2611 2348 2667 somniis
2369 2613 2588 2675 vestris,
2615 2629 2738 2682 qua:
2764 2627 2861 2667 vos
2893 2614 3214 2678 somniatis;
3250 2611 3305 2666 9.
3345 2611 3477 2682 quia
3511 2611 3689 2679 iniqua

2117 2702 2194 2756 illi
2225 2703 2548 2772 prophetarit
2576 2703 2734 2759 vobis
2764 2718 2929 2772 super
2967 2703 3190 2756 nomine
3219 2717 3343 2756 meo
3375 2723 3389 2757 :
3423 2717 3537 2756 non
3571 2701 3690 2755 misi

2115 2805 2232 2854 eos,
2280 2790 2416 2845 dicit
2454 2791 2738 2846 Dominus.
2793 2792 2882 2846 10.
2930 2791 3068 2855 Quia
3098 2793 3180 2846 sic
3207 2790 3346 2844 dixit
3377 2788 3646 2843 Dominus
3676 2804 3690 2839 :

2119 2881 2197 2952 (τι)
2226 2882 2363 2937 Cum
2391 2882 2564 2936 futuri
2620 2891 2748 2937 sunt
2793 2883 3006 2951 impleri
3044 2881 3308 2952 Babyloni
3344 2878 3690 2949 septuaginta

2116 2973 2265 3038 anni,
2302 2973 2539 3028 visitabo
2577 2987 2698 3036 vos,
2742 2981 2801 3028 et
2851 2974 3129 3042 imponam
3184 2986 3351 3041 super
3393 2985 3495 3024 vos
3527 2970 3693 3023 verba

2115 3077 2234 3116 mea
2269 3064 2336 3129 Χ
2360 3063 2503 3116 bona
2538 3061 2561 3128 1
2585 3099 2601 3125 ,
2631 3061 2698 3115 ad
2723 3061 3092 3116 reducendum
3115 3074 3214 3115 vos
3239 3061 3293 3113 in
3318 3057 3500 3113 locum
3526 3057 3692 3110 hunc.

2120 3153 2207 3208 11.
2245 3157 2312 3222 Χ
2350 3152 2490 3219 Quia
2518 3167 2620 3221 ego
2644 3155 2762 3208 scin
2789 3153 3202 3221 cogitationem,
3225 3151 3365 3219 .quia
3391 3164 3494 3220 ego
3511 3163 3638 3203 sum
3670 3147 3692 3214 1

2116 3253 2170 3298 et
2202 3245 2450 3314 cogitans
2473 3259 2640 3314 super
2668 3257 2783 3308 vos,
2813 3246 2880 3311 Χ
2915 3243 3050 3298 dicit
3089 3241 3357 3296 Dominus
3390 3243 3414 3311 1
3440 3281 3456 3306 ,
3482 3239 3692 3310 cogita-

2117 3337 2318 3392 tionem
2347 3337 2521 3406 pacis,
2548 3346 2602 3390 et
2627 3350 2736 3390 non
2769 3336 2936 3400 mala,
2974 3333 3043 3388 ad
3075 3334 3318 3389 dandum
3367 3332 3524 3387 vobis
3572 3341 3694 3402 post

2118 3429 2234 3482 hac
2268 3431 2334 3495 Χ
2370 3427 2536 3482 etiam
2574 3441 2728 3496 spem
2778 3445 2792 3480 :
2838 3426 2930 3480 l9.
2964 3433 3020 3479 et
3051 3427 3303 3479 invocate
3342 3439 3448 3486 me,
3492 3432 3549 3478 et
3590 3422 3696 3476 ibi-

2117 3519 2188 3572 tis
2223 3518 2286 3586 1,
2320 3529 2374 3572 et
2419 3527 2574 3572 orate
2619 3519 2686 3572 ad
2733 3533 2840 3582 me,
2881 3525 2936 3572 et
2984 3517 3279 3572 exaudiam
3326 3529 3451 3569 vos.
3501 3515 3598 3569 15.
3636 3511 3698 3566 Et

2116 3607 2369 3676 qureretis
2397 3621 2506 3670 me,
2543 3615 2599 3661 et
2627 3605 2915 3659 invenietis
2947 3619 3057 3668 me,
3077 3604 3206 3673 quia
3236 3601 3494 3672 quaeretis
3525 3615 3621 3654 me
3646 3601 3698 3654 in

2117 3706 2230 3752 toto
2255 3698 2421 3752 corde
2453 3705 2638 3752 vestro
2674 3713 2689 3751 :
2719 3697 2807 3750 l4.
2845 3704 2900 3750 et
2930 3695 3207 3764 apparebo
3255 3693 3430 3755 vobis,
3467 3695 3536 3758 Χ
3563 3691 3700 3746 dicit

2116 3788 2402 3854 Dominus,
2455 3796 2511 3844 et
2569 3787 2827 3843 reducam
2880 3786 3255 3855 captivitatem
3311 3793 3578 3844 vestram,
3645 3789 3700 3837 et

2115 3882 2450 3949 congregabo
2487 3893 2584 3934 vos
2619 3893 2689 3933 ex
2721 3878 2984 3932 omnibus
3013 3877 3290 3947 gentibus,
3323 3882 3378 3929 et
3403 3887 3476 3928 ex
3512 3872 3698 3927 omni-

2116 3972 2220 4026 bus
2244 3971 2400 4035 locis,
2429 3985 2542 4040 quo
2569 3969 2806 4039 dispersi
2840 3982 2940 4024 vos
2986 3968 3139 4030 illuc,
3194 3966 3327 4021 dicit
3372 3965 3649 4019 Dominus
3682 3981 3698 4016 :

2114 4067 2169 4112 et
2206 4058 2460 4112 reducam
2495 4071 2596 4112 vos
2639 4057 2695 4110 in
2745 4056 2950 4122 locum,
2985 4056 3132 4110 unde
3177 4055 3462 4124 deportavi
3494 4069 3595 4108 vos
3627 4054 3694 4106 il-

2115 4150 2203 4204 lue
2236 4149 2282 4216 1.
2318 4149 2402 4202 15.
2437 4148 2574 4214 Quia
2601 4148 2838 4212 dixistis,
2877 4148 3029 4218 quod
3069 4147 3359 4202 constituit
3401 4146 3569 4199 nobis
3600 4144 3688 4197 Do

2114 4241 2296 4296 minus
2317 4240 2607 4309 prophetas
2637 4239 2691 4293 in
2715 4239 3013 4295 Babvione.
3046 4238 3133 4294 16.
3160 4243 3226 4308 Χ
3249 4239 3388 4304 Quia
3413 4239 3532 4292 hac
3561 4237 3692 4292 dicit

2113 4330 2378 4387 Dominus
2411 4331 2478 4385 ad
2504 4346 2687 4401 regem
2719 4332 3005 4387 sedentem
3033 4347 3199 4400 super
3245 4332 3388 4385 solio
3446 4329 3690 4392 Davidis.

2112 4430 2166 4473 et
2187 4434 2352 4489 super
2379 4434 2598 4476 omnem
2625 4419 2884 4489 populum
2918 4419 3248 4473 habitantem
3280 4418 3335 4472 in
3380 4417 3524 4469 urbe
3565 4417 3690 4476 hac,

1145 4511 1283 4568 Ecce
1323 4527 1428 4584 ego
1481 4515 1641 4570 mitto
1690 4522 1746 4570 te
1793 4529 1825 4568 a
1868 4513 2009 4570 facie
2040 4540 2084 4595 υ
2116 4511 2310 4568 fratres
2329 4522 2562 4577 vestros,
2605 4512 2696 4581 qui
2727 4527 2838 4566 non
2869 4511 3073 4581 egressi
3106 4517 3237 4565 sunt
3269 4522 3394 4564 cum
3433 4509 3592 4562 vobis
3634 4507 3688 4558 in

2112 4607 2526 4678 demigratione.
2570 4606 2658 4661 17.
2702 4603 2827 4660 Haec
2861 4605 2998 4659 dicit
3046 4603 3312 4658 Dominus
3358 4601 3624 4656 virtutum
3675 4618 3687 4650 :

2113 4697 2250 4753 Ecce
2278 4712 2380 4768 ego
2402 4698 2560 4752 mitto
2582 4698 2636 4751 in
2666 4712 2762 4752 eos
2787 4697 3050 4766 gladium,
3093 4704 3150 4750 et
3197 4694 3420 4759 famem,
3450 4702 3506 4747 et
3539 4706 3686 4746 mor-

2109 4797 2242 4849 tem,
2270 4795 2327 4841 et
2357 4786 2500 4842 dabo
2534 4787 2585 4841 id
2630 4796 2690 4840 ut
2719 4789 2858 4841 licus
2897 4786 2977 4856 (ῃ)
3014 4787 3257 4848 Suarim,
3295 4800 3419 4854 quae
3452 4798 3564 4837 non
3593 4797 3686 4836 eo-

2108 4879 2394 4932 niedentur
2427 4891 2539 4946 pra:
2560 4877 2790 4931 malitia.
2824 4877 2909 4931 18.
2947 4876 3012 4930 Et
3031 4891 3330 4945 persequar
3353 4883 3478 4945 post
3504 4889 3601 4928 eos
3631 4873 3684 4926 in

2107 4967 2306 5038 gladio,
2329 4977 2384 5023 et
2407 4969 2461 5022 in
2493 4967 2656 5031 fame,
2689 4976 2742 5021 et
2771 4968 2826 5020 in
2857 4976 3057 5030 morte,
3083 4976 3136 5020 et
3158 4967 3300 5020 dabo
3331 4981 3426 5020 eos
3453 4966 3505 5018 in
3539 4979 3684 5018 com-

2107 5060 2403 5114 motionem
2451 5059 2708 5116 omnibus
2742 5060 2927 5129 regnis
2963 5068 3140 5120 terra,
3189 5059 3243 5112 in
3282 5058 3682 5127 juramentum,

2103 5161 2158 5206 ct
2203 5152 2257 5205 in
2291 5151 2540 5216 exitium,
2571 5160 2625 5206 et
2669 5152 2720 5204 in
2766 5151 3009 5214 sibilum,
3043 5159 3098 5204 et
3131 5150 3188 5203 in
3221 5147 3575 5217 approbrium
3627 5145 3680 5197 in

2106 5241 2363 5296 omnibus
2395 5241 2683 5312 gentibus,
2721 5256 2831 5312 quo
2867 5239 3098 5309 dispersi
3132 5253 3226 5293 eos
3271 5236 3420 5290 illuc.
3455 5234 3542 5289 19.
3577 5232 3681 5286 Pro

491 5413 570 5476 (δ)
609 5416 702 5476 Α..
731 5412 958 5470 fideliter
984 5422 1044 5486 te
1066 5413 1401 5486 geres.‘lieb.
1429 5431 1609 5471 amen.
1685 5412 1927 5486 (c)Audi.
2004 5414 2082 5483 (ά)
2111 5413 2280 5486 T_uas_.
2355 5413 2423 5483 (ε)
2449 5412 2546 5468 Te.
2610 5411 2974 5486 _(f)_A.,super
3005 5409 3179 5486 terris
3200 5409 3407 5486 multis.
3474 5407 3564 5486 1(9)
3589 5408 3674 5486 4.,

423 5481 508 5555 _S.,
545 5492 927 5555 cognoscetur.
1003 5481 1091 5555 (h)_'
1109 5485 1198 5555 A_.,
1228 5483 1308 5555 Si,
1334 5486 1386 5541 in
1411 5486 1653 5542 veritate.
1693 5481 1702 5485 ’
1732 5481 1792 5555 (ἱ)
1815 5481 2073 5555 Rursus.
2101 5483 2199 5555 7(lr)
2242 5482 2319 5536 Ex
2340 5481 2501 5538 collo.
2578 5481 2931 5552 (liJeremim.

1378 5569 1540 5624 super
1571 5549 1876 5612 mendacio.
1952 5553 2030 5622 (p)
2072 5549 2489 5624 A.‘,'postquam
2525 5549 2779 5624 egressus
2813 5560 2898 5605 est
2921 5549 3193 5624 Jechonia
3220 5556 3420 5624 reget
3441 5561 3572 5624 qua
3592 5556 3678 5624 est

815 5622 898 5686 S.,
933 5616 1230 5694 principem
1259 5616 1561 5694 fabrorum,
1584 5635 1812 5690 etcum,
1840 5625 1935 5694 qui
1960 5616 2220 5694 includit:
2291 5616 2361 5693 (ν)
2396 5616 2678 5694 Αηδξίὶη
2712 5636 2898 5694 pacem
2929 5620 3134 5694 urbis._
3176 5619 3246 5694 (ξ)
3285 5617 3440 5694 Ejus.
3465 5616 3546 5694 ’(1)
3581 5616 3675 5670 Re-

420 5551 652 5607 bestiam
685 5570 710 5608 r
780 5553 944 5608 iouis.
1015 5551 1094 5624 (ο)
1132 5553 1223 5616 Α..
1253 5551 1336 5617 8..

421 5623 628 5693 regina.
706 5570 782 5693 ὦ
815 5622 898 5686 S.,
933 5623 1230 5693 principem
1259 5623 1336 5679 fal

3034 5485 3104 5542 m)
3144 5479 3250 5534 Pro
3282 5479 3386 5533 eis.
3461 5479 3547 5547 (τι)
3586 5478 3674 5536 Α..

420 5689 883 5780 ζιςξὶριεςίξῄριιιξ
913 5689 1317 5780 vos-propheta
1345 5689 1556 5752 vestriI
1610 5697 1688 5766 (ιι)
1727 5689 1806 5751 Ad
1833 5689 2068 5780 somnia.
2146 5691 2224 5762 (π)
2265 5689 2358 5758 Α..
2392 5693 2570 5779 inore
2594 5689 2945 5762 impletionis,
2971 5689 3255 5761 Babyloni.
3329 5690 3410 5758 (y)
3450 5692 3545 5752 A.,
3568 5701 3670 5741 non

420 5761 796 5818 eomedendas.
841 5761 923 5819 S..
953 5761 1175 5820 ultimas
