3902 6540
168 449 309 511 2849

1392 446 1714 504 -ιειιειιωῑ
1742 448 1983 507 CAPUT
2020 447 2163 504 XXX
2176 488 2190 504 .

168 562 405 634 ecquod
442 577 550 618 non
578 559 910 618 audiverunt
932 560 1100 619 verba
1128 576 1270 631 mea,
1292 563 1426 620 dicit
1451 564 1739 632 Dominus,
1772 571 1817 629 Α
1843 567 2073 622 remiam
2101 580 2130 621 a
2162 564 2397 621 Domino
2435 584 2448 622 :
2477 568 2534 621 2.
2566 569 2656 625 Sic
2687 570 2828 627 dixit
2860 536 3124 631 Dominus
3159 575 3304 633 Deus
3336 578 3386 633 is

166 656 295 724 quia
322 654 447 709 misi
469 654 539 710 ad
560 669 656 710 eos
677 668 865 710 servos
884 668 1036 710 meos
1060 655 1373 724 prophetas,
1391 663 1736 713 antevertens

166 754 221 798 et
252 745 494 810 mittens,
524 751 711 800 etnon
761 745 835 816 (ι)
876 744 1229 813 audiverunt,
1275 747 1410 802 dicit
1451 746 1737 804 Dominus.

166 832 257 887 20.
291 832 361 887 Et
390 849 489 890 vos
517 834 702 890 audite
736 835 964 892 verbum
997 835 1435 900 Domini,omnis
1462 838 1743 908 demigra-

168 924 264 986 tio,
289 940 455 993 quam
508 925 632 981 misi
664 940 734 980 ex
768 924 1075 981 Jerusalem
1112 926 1169 981 in
1212 924 1546 998 Babylonem
1578 928 1601 996 1
1635 929 1739 998 (a).

164 1015 255 1069 21.
293 1014 387 1071 Sic
413 1015 552 1071 dixit
596 1016 864 1072 Dominus
901 1021 967 1086 Ἃ(
1004 1017 1319 1089 virtutum1
1355 1018 1498 1074 Deus
1525 1019 1740 1075 lsraelis

166 1123 332 1177 super
366 1108 575 1175 Achiab
603 1111 671 1176 Χ
704 1109 878 1164 [ilium
912 1106 1081 1163 Culiat
1108 1108 1165 1177 1,
1189 1117 1244 1163 et
1264 1124 1427 1178 super
1455 1108 1740 1164 Sedeciam

168 1203 235 1268 χ
259 1200 428 1254 filium
450 1200 686 1266 Maasim,
712 1201 1106 1270 prophetantes
1144 1201 1297 1255 vobis
1323 1215 1489 1269 super
1520 1202 1742 1256 nomine

165 1305 288 1345 meo
314 1290 394 1360 (b)
426 1292 479 1344 in
507 1292 694 1361 iniquo
724 1291 746 1359 1
780 1309 794 1347 :
826 1291 963 1347 Ecce
984 1307 1085 1362 ego
1122 1292 1193 1347 do
1233 1306 1330 1347 eos
1362 1292 1416 1346 in
1449 1307 1646 1347 manus
1670 1295 1740 1362 ῖς(

162 1379 714 1437 Nabuchodonosoris
745 1382 767 1451 1
794 1382 940 1452 regis
968 1381 1256 1453 Babylonis
1288 1401 1303 1437 :
1334 1392 1387 1437 et
1409 1382 1620 1438 occidet
1641 1398 1740 1439 eos

165 1481 288 1527 ante
325 1473 517 1528 oculos
553 1483 786 1529 vestros.
826 1473 916 1528 22.
947 1472 1015 1527 Et
1040 1482 1258 1530 sument
1294 1489 1361 1529 ex
1395 1476 1476 1529 eis
1512 1474 1742 1528 maledi-

162 1564 400 1618 etionem
441 1565 495 1617 in
534 1563 681 1617 omni
708 1564 1106 1633 demigratione
1133 1562 1308 1627 Judm,
1332 1578 1458 1633 quae
1480 1564 1535 1618 in
1570 1562 1741 1634 Baby-

163 1653 309 1720 lone,
339 1654 584 1710 dicentes
612 1668 627 1707 :
665 1652 853 1708 Faciat
880 1664 931 1710 te
954 1653 1241 1719 Dominus,
1286 1654 1429 1710 sicut
1475 1652 1603 1709 fecit
1637 1648 1741 1708 Se;

162 1744 397 1807 deciam,
441 1752 498 1798 et
541 1743 689 1800 sicut
726 1743 938 1798 Achiab
989 1743 1078 1813 (‘),
1132 1758 1275 1812 quos
1332 1746 1405 1812 (ε)
1457 1743 1610 1798 frixit
1643 1759 1736 1797 rex

162 1834 461 1906 Babylonis
485 1834 539 1888 in
562 1834 706 1904 igne,
729 1832 819 1887 23.
841 1842 1061 1903 propter
1083 1834 1160 1903 (ά)
1184 1835 1550 1904 iniquitatem,
1570 1848 1735 1903 quam

1844 656 2027 723 raelis,
2049 656 2237 712 dicens
2265 676 2279 712 :
2306 655 2494 713 Scribe
2513 662 2578 727 x
2603 662 2697 717 tibi
2725 663 2745 731 1
2774 667 2957 719 omnia
2975 667 3161 733 verba,
3188 668 3262 737 (ο)
3288 685 3413 739 quae

1841 748 2075 804 revelavi
2114 748 2237 813 tibi,
2270 749 2326 803 in
2360 748 2503 804 libro
2540 767 2554 804 :
2589 752 2643 806 ὅ.
2678 754 2803 823 quia
2830 754 3117 812 ecce'dies
3158 760 3408 823 veniunt,

1841 838 1972 894 dicit
2001 840 2287 905 Dominus,
2341 850 2396 897 et
2426 842 2682 897 reducam
2725 846 2798 915 (p)
2831 846 3281 919 demigrationem
3315 866 3412 921 ρος

1841 932 1954 1001 puli
2002 933 2109 988 mei
2144 932 2382 998 lsraelis,
2430 944 2484 989 et
2520 933 2693 1001 Iudae,
2728 940 2857 992 dicit
2893 940 3175 1007 Dominus,
3234 944 3307 1015 (q)
3357 952 3412 999 et

1840 1022 2096 1078 reducam
2124 1038 2220 1079 eos
2245 1025 2299 1078 in
2334 1034 2557 1091 terram,
2581 1043 2745 1096 quam
2773 1029 2894 1083 dedi
2923 1032 3166 1098 patribus
3192 1049 3406 1101 eorum,

1842 1112 1913 1184 (r)
1939 1124 1991 1168 et
2021 1115 2414 1184 impcritabunt
2434 1118 2502 1171 ei.
2532 1118 2585 1171 4.
2617 1119 2683 1174 Et
2708 1121 2820 1175 haec
2843 1122 3027 1186 verba,
3057 1138 3175 1193 quae
3193 1125 3409 1183 locutus

1839 1209 1924 1255 est
1955 1202 2216 1259 Dominus
2247 1220 2413 1273 super
2447 1205 2667 1271 lsraele,
2701 1218 2754 1263 et
2798 1211 2866 1278 Χ
2894 1224 3059 1279 super
3095 1214 3118 1281 1
3155 1213 3315 1271 Juda.
3351 1217 3406 1271 5.

1843 1288 1935 1343 Sic
1983 1289 2122 1343 dixit
2168 1292 2430 1347 Dominus
2471 1311 2485 1347 :
2523 1292 2726 1349 Vocem
2764 1298 2833 1368 (ε)
2883 1299 3095 1356 timoris
3130 1304 3359 1358 audietis
3393 1322 3407 1358 :

1840 1378 2025 1443 timor,
2054 1388 2111 1434 et
2156 1396 2264 1434 non
2306 1390 2392 1436 est
2425 1398 2550 1451 pas.
2583 1386 2636 1438 6.
2673 1384 3012 1458 lnterrogate
3053 1393 3119 1460 )9:
3168 1409 3311 1448 nunc
3345 1395 3408 1464 1,

1838 1476 1893 1522 et
1926 1469 2123 1532 videte,
2151 1471 2195 1524 si
2217 1472 2425 1540 peperit
2456 1475 2772 1529 masculus?
2812 1491 2875 1532 -ι-
2906 1487 2962 1533 et
2995 1480 3063 1535 de
3102 1482 3318 1547 timore,
3355 1484 3409 1539 in

1839 1574 1950 1628 quo
1977 1560 2299 1616 detinebunt
2329 1564 2472 1619 latus
2502 1573 2555 1619 et
2582 1567 2819 1622 salutem
2858 1570 2927 1637 1?
2951 1587 3121 1640 quare
3150 1575 3258 1629 vidi
3297 1591 3415 1629 om-

1840 1665 1963 1704 nem
2001 1651 2294 1716 hominem,
2328 1664 2382 1709 et
2410 1671 2602 1711 manus
2630 1657 2751 1726 ejus
2785 1674 2951 1728 super
2984 1662 3126 1718 latus
3152 1664 3313 1734 ejus"
3344 1669 3411 1735 Χ

1839 1740 1984 1795 sicut
2008 1742 2099 1796 illa
2123 1743 2146 1810 1
2171 1758 2295 1813 qua:
2327 1745 2487 1813 parit,
2514 1762 2681 1802 versae
2708 1760 2837 1804 sunt
2864 1756 2931 1821 x
2962 1767 3153 1810 omnes
3179 1756 3201 1821 1
3245 1756 3411 1812 facies

1841 1831 1896 1885 in
1917 1833 2218 1904 auriginem
2251 1836 2352 1892 :7.
2391 1836 2643 1894 +Facta
2683 1848 2811 1895 sunt
2856 1841 2913 1909 1,
2957 1846 3023 1905 Χ
3065 1860 3142 1899 vae
3182 1847 3238 1915 1,
3282 1849 3411 1916 quia

164 1901 415 1983 focerunt
439 1922 492 1975 in
530 1901 745 1986 Israele,
775 1901 1186 1992 etiswprarunt
1211 1901 1414 1979 uxores
1439 1924 1511 1995 (ε)
1536 1901 1735 1978 civium
1769 1901 1813 1956 Β
1842 1901 2070 1990 magnus
2103 1921 2223 1977 dies
2258 1921 2370 1988 ille,
2404 1934 2457 1979 et
2488 1943 2595 1980 non
2630 1936 2713 1983 est
2762 1901 2939 1987 talis:
2961 1901 3025 1987 et
3058 1901 3273 2004 tempus
3300 1901 3406 1990 an-

161 2024 413 2073 suorum,
439 2009 505 2079 If)
538 2018 594 2064 et
638 2009 952 2065 revelarunt
977 2011 1204 2065 verbum
1245 2011 1300 2064 in
1346 2011 1570 2066 nomine
1616 2026 1738 2067 meo

162 2100 230 2168 χ
254 2099 512 2169 iniquum
539 2101 595 2168 1,
618 2098 764 2168 quod
786 2112 894 2153 non
920 2099 1150 2169 praecepi
1169 2100 1251 2156 eis
1279 2117 1293 2154 :
1320 2108 1376 2157 et
1400 2114 1501 2170 ego
1527 2103 1597 2171 χ
1613 2116 1738 2157 sum

160 2204 387 2259 gnarus,
428 2190 593 2244 etiam
626 2190 651 2258 1
689 2189 866 2254 testis,
906 2190 1042 2245 dicit
1084 2188 1374 2247 Dominus.
1417 2192 1508 2246 2i.
1553 2193 1620 2248 Et
1666 2194 1739 2248 ad

163 2278 433 2335 Sauream
464 2279 865 2336 Nebemaiitam
886 2280 1056 2349 dices,
1086 2283 1154 2351 Χ
1191 2282 1381 2338 dicens
1410 2300 1425 2338 :
1477 2282 1572 2340 25.
1611 2282 1739 2340 Haec

160 2369 290 2425 dicit
308 2368 577 2425 Dominus
603 2370 871 2426 virtutum
908 2369 1056 2425 Deus
1080 2372 1149 2440 ῖς(
1177 2370 1413 2439 lsraelis,
1454 2372 1645 2429 dicens
1668 2372 1692 2441 1
1722 2391 1737 2428 :

161 2460 266 2516 Pro
293 2474 363 2516 eo
385 2461 533 2530 quod
564 2469 622 2515 tu
646 2461 846 2517 misisti
879 2462 934 2516 in
972 2463 1197 2518 nomine
1227 2463 1302 2533 (g)
1328 2472 1443 2519 tuo
1471 2463 1645 2520 libros
1670 2464 1741 2519 ad

161 2566 381 2607 omnem
407 2553 693 2623 populum,
726 2553 822 2623 qui
852 2554 907 2607 in
932 2552 1261 2619 Jerusalem,
1308 2567 1373 2610 οι-
1408 2569 1579 2624 quum
1627 2570 1739 2609 non

161 2642 285 2698 misi
321 2653 377 2697 te
411 2643 466 2696 in
500 2644 725 2699 nomine
760 2659 888 2699 meo
928 2645 976 2713 1,
1000 2656 1061 2700 et
1086 2646 1153 2700 ad
1193 2644 1527 2715 Sophoniam
1568 2646 1736 2701 ﬁlium

159 2731 412 2801 Maasias,
441 2736 510 2802 Χ
534 2742 590 2789 et
620 2735 688 2790 ad
717 2749 910 2791 omnes
934 2735 1248 2792 sacerdotes
1281 2736 1304 2803 1
1337 2737 1569 2793 dicendo
1600 2756 1614 2791 :
1643 2737 1737 2792 26.

161 2823 425 2880 Dominus
444 2825 596 2881 dedit
616 2827 1038 2882 tesacerdotem
1064 2842 1163 2897 pro
1205 2825 1398 2898 Jojada
1431 2828 1738 2892 sacerdote,

159 2918 234 2985 (In)
277 2924 343 2972 ut
383 2932 539 2974 esses
573 2917 865 2988 praefectus
902 2919 959 2973 in
987 2919 1152 2975 domo
1196 2917 1609 2974 Domini-omni
1642 2920 1740 2973 bo-

157 3004 318 3069 mini,
352 3020 413 3062 -ιν
442 3005 506 3078 (i)
537 3009 629 3077 qui
673 3009 897 3075 insanit,
952 3018 1010 3064 et
1056 3009 1207 3064 omni
1281 3009 1492 3065 homini

156 3096 450 3165 prophetat
481 3116 495 3152 :
528 3107 583 3153 et
607 3099 765 3155 dabis
794 3113 919 3155 eum
947 3100 1002 3155 in
1028 3116 1329 3166 carcerem,
1360 3111 1414 3157 et
1443 3101 1501 3156 in
1521 3109 1738 3156 catara-

153 3198 326 3244 ctam.
351 3189 444 3243 27.
474 3188 543 3244 Et
570 3206 717 3247 nunc
737 3205 912 3261 quare
949 3191 1025 3262 (It)
1064 3206 1177 3248 non
1221 3192 1546 3263 increpastis
1586 3191 1736 3247 Jere-
1762 3226 1803 3282 ο

153 3280 350 3345 miam,
374 3282 473 3350 qui
501 3297 573 3336 ex
617 3283 922 3347 Anathotb,
951 3284 1047 3353 qui
1081 3285 1374 3355 prOpbetat
1414 3285 1610 3341 vobis?
1636 3285 1728 3341 28.

151 3366 320 3435 Quod
354 3380 577 3440 propter
600 3372 708 3431 hoc
735 3372 887 3429 misit
930 3372 993 3443 (ι)
1027 3374 1096 3429 ad
1137 3388 1235 3430 vos
1276 3374 1334 3428 in
1374 3372 1733 3446 Babylonem,

151 3460 348 3517 dicens
377 3478 393 3515 :
427 3461 759 3518 Momentum
784 3473 869 3520 est
899 3482 914 3519 :
947 3464 1213 3521 aediﬁcato
1242 3464 1464 3529 domos,
1491 3474 1547 3520 et
1581 3466 1736 3521 habi-

153 3563 291 3619 tate,
315 3563 371 3608 et
386 3553 628 3624 plantate
650 3554 862 3621 hortos,
890 3566 946 3610 et
968 3556 1266 3613 comedetis
1288 3555 1499 3611 fructus
1517 3570 1733 3624 eorum.

154 3645 249 3701 29.
306 3644 375 3700 Et
423 3646 554 3716 legit
598 3644 883 3717 Sophonia
932 3650 1000 3716 ζα(
1044 3647 1301 3703 sacerdos
1347 3649 1369 3717 1
1415 3649 1616 3704 librum

152 3740 309 3794 hunc
330 3738 393 3792 in
422 3753 586 3795 aures
614 3736 866 3793 Ieremia
897 3739 1179 3808 propheta:
1210 3740 1258 3807 1.
1299 3740 1391 3794 30.
1424 3740 1491 3792 Et
1524 3738 1734 3793 factum

148 3831 485 3887 estverburn
517 3829 730 3886 Domini
760 3831 830 3885 ad
858 3828 1176 3896 Ieremiam,
1206 3831 1396 3886 dicens
1430 3848 1443 3885 :
1475 3831 1566 3883 51.
1587 3830 1736 3884 Mitte

148 3922 221 3975 ad
256 3922 331 3989 »ς
376 3934 593 3975 omnem
632 3921 653 3988 1
697 3921 1172 3991 demigrationem,
1208 3919 1396 3976 dicens
1425 3937 1441 3974 :
1474 3917 1571 3974 Sic
1600 3918 1735 3974 dixit

152 4005 430 4067 Dominus
466 4022 632 4073 super
663 4007 937 4064 Samosata
968 4002 1392 4071 Nehemalit'am,
1434 4009 1566 4079 quia
1604 4022 1736 4078 pro-

149 4096 402 4164 phetarit
437 4096 597 4152 vobis
647 4095 883 4163 Semina,
930 4105 987 4153 et
1031 4112 1135 4168 ego
1175 4112 1286 4153 non
1333 4096 1462 4152 misi
1501 4112 1651 4160 eum,
1678 4106 1737 4153 et

146 4186 435 4242 conlidere
467 4186 599 4245 fecit
626 4203 727 4244 vos
754 4188 854 4259 (in)
884 4202 1050 4258 super
1080 4190 1271 4260 iniquo
1313 4207 1329 4244 :
1370 4189 1463 4244 52.
1510 4196 1737 4260 propter

149 4279 266 4334 hoc
297 4281 379 4334 sic
416 4279 563 4335 dixit
602 4282 871 4336 Dominus
912 4297 927 4335 :
964 4279 1105 4337 Ecce
1154 4296 1258 4353 ego
1298 4281 1537 4336 visitabo
1569 4296 1737 4351 super

150 4370 427 4425 Sameram
482 4373 551 4439 χ(
605 4371 1003 4427 Nebcmalitarn
1046 4371 1103 4439 1,
1153 4381 1209 4428 et
1245 4387 1413 4442 super
1453 4372 1532 4443 (η)
1562 4387 1735 4443 genus

146 4460 279 4530 ejus
313 4478 331 4515 :
356 4470 419 4517 et
448 4476 554 4516 non
594 4463 701 4517 erit
740 4462 791 4517 ei
828 4468 895 4531 χ(
928 4464 1095 4519 homo
1137 4463 1334 4518 sedens
1375 4464 1398 4530 1
1436 4464 1580 4518 inter
1614 4478 1733 4530 vos,

1533 3010 1595 3077 1,
1644 3010 1769 3081 qui'

1840 2019 2058 2081 gustum
2091 2022 2175 2067 est
2202 2012 2426 2079 Jacobo,
2455 2018 2508 2072 8.
2540 2026 2593 2072 et
2625 2034 2691 2073 ex
2726 2020 2826 2075 hoc
2864 2025 3171 2080 servabitur
3205 2046 3217 2081 :
3252 2030 3320 2097 Χ
3357 2037 3412 2083 cf.

1837 2101 1944 2155 erit
1975 2101 1996 2168 1
2032 2102 2085 2156 in
2108 2103 2331 2168 dieillo,
2363 2106 2501 2160 dixit
2526 2107 2790 2165 Dominus
2816 2114 2872 2178 3a
2904 2113 3165 2169 virtutum
3196 2117 3252 2185 1,
3282 2134 3414 2172 con-

1839 2188 2076 2260 fringam
2103 2190 2297 2262 jugum
2332 2208 2398 2248 ex
2431 2195 2570 2249 collo
2614 2212 2827 2264 eorum,
2864 2212 2917 2255 et
2952 2202 3167 2257 vincula
3220 2221 3412 2260 eorum

1841 2281 2157 2336 abscindam
2192 2300 2206 2336 :
2239 2282 2304 2353 (ι)
2334 2292 2388 2337 et
2423 2300 2527 2339 non
2555 2289 2797 2343 servient
2838 2290 2916 2344 illi
2960 2305 3153 2348 rursus
3178 2295 3372 2352 alienis
3399 2318 3412 2352 :

1841 2369 1895 2427 9.
1925 2378 1980 2425 et
2002 2372 2246 2425 servient
2279 2373 2512 2429 Domino
2558 2374 2669 2431 Deo
2699 2393 2821 2443 suo,
2850 2388 2902 2433 et
2936 2380 3123 2435 Davidi
3149 2384 3258 2453 regi
3287 2401 3411 2449 suo,

1840 2464 1909 2529 Χ
1931 2477 2094 2532 quem
2126 2463 2150 2530 1
2183 2463 2434 2519 excitabo
2458 2466 2559 2522 eis.
2595 2468 2680 2523 l0.
2707 2472 2774 2537 >ε<
2798 2468 2879 2523 Tu
2907 2481 3084 2526 autem
3104 2488 3173 2528 ne
3197 2475 3410 2543 timeas,

1840 2568 1997 2610 serve
2017 2556 2114 2621 mi,
2159 2554 2350 2623 Iacob,
2382 2557 2513 2612 dicit
2546 2558 2828 2627 Dominus,
2868 2579 3043 2632 neque
3078 2580 3295 2635 paveas,
3328 2566 3411 2625 is-

1841 2645 1954 2699 rael
1991 2663 2005 2699 :
2041 2646 2170 2715 quia
2205 2661 2334 2702 ecce
2358 2663 2461 2718 ego
2491 2649 2700 2703 redimo
2735 2660 2787 2706 te
2818 2668 2848 2707 e
2895 2653 3219 2726 longinquo,
3248 2667 3300 2712 et
3326 2673 3409 2713 se-

1840 2752 1963 2792 men
1991 2746 2144 2794 tuum
2174 2753 2204 2793 a
2231 2740 2545 2808 captivitate
2565 2755 2755 2795 eorum
2784 2761 2797 2797 :
2823 2753 2876 2798 et
2898 2756 3199 2800 revertetur
3219 2745 3410 2815 Jarnb,

1839 2834 1894 2879 et
1926 2828 2252 2896 requiescet,
2294 2838 2350 2884 et
2376 2831 2515 2886 bene
2552 2835 2806 2902 patietur,
2838 2843 2892 2889 et
2924 2849 3031 2889 non
3084 2837 3188 2891 erit
3241 2848 3409 2895 exter-

1840 2930 1993 2973 rens.
2025 2919 2111 2974 11.
2143 2920 2282 2985 Quia
2315 2930 2491 2976 tecum
2523 2939 2668 2989 sum,
2708 2923 2840 2981 dicit
2896 2928 3181 2995 Dominus,
3222 2930 3287 2984 ad
3324 2945 3409 2984 re-

1840 3007 2156 3064 dimeudum
2189 3021 2241 3065 te
2284 3029 2299 3065 τ
2349 3013 2479 3082 quia
2519 3013 2717 3070 faciam
2772 3020 3307 3075 consummationem
3354 3020 3408 3075 in

1841 3100 2098 3155 omnibus
2154 3102 2437 3171 gentibus,
2470 3105 2525 3159 in
2558 3120 2699 3175 quos
2733 3107 2960 3178 dispersi
3013 3118 3063 3164 te
3118 3110 3296 3165 illuc:
3360 3121 3408 3166 te

1842 3198 2025 3244 autem
2070 3205 2178 3246 non
2206 3191 2406 3249 faciam
2439 3204 2491 3251 te
2515 3201 3047 3256 consummationem
3075 3211 3129 3258 et
3160 3203 3408 3259 erudiam

1839 3287 1890 3333 te
1914 3279 1969 3333 in
1995 3279 2289 3349 judicium,
2324 3292 2379 3339 et
2409 3284 2684 3356 impunem
2716 3287 3045 3344 dimittenda
3076 3307 3185 3345 non
3231 3293 3401 3363 impu~
3464 3354 3465 3357 η

1836 3384 1961 3424 nem
2011 3370 2285 3427 dimittam
2326 3380 2381 3428 te
2413 3373 2461 3443 1.
2514 3375 2603 3430 12.
2653 3379 2734 3444 (u)
2778 3376 2871 3434 Sic
2916 3380 3056 3435 dixit
3098 3383 3411 3441 Dominus:

1835 3459 2081 3516 Excitavi
2113 3465 2180 3531 )t(
2209 3463 2639 3522 confractionem
2665 3477 2812 3522 tuam
2844 3470 2867 3539 1
2910 3488 2923 3524 :
2975 3470 3229 3527 dolorosa
3256 3474 3412 3547 plaga
3464 3540 3465 3543 η

1838 3560 1968 3607 tua:
2000 3553 2087 3608 15.
2119 3570 2230 3609 non
2258 3566 2361 3620 est,
2394 3558 2486 3626 qui
2505 3557 2714 3627 judicet
2741 3559 3011 3629 judicium
3041 3579 3055 3615 :
3083 3562 3137 3617 in
3166 3564 3411 3620 dolorem

1838 3653 2029 3699 sanata
2048 3660 2142 3699 es:
2172 3646 2253 3714 (π)
2286 3648 2497 3703 utilitas
2533 3664 2639 3703 non
2662 3658 2747 3704 cst
2770 3651 2887 3704 tibi.
2915 3652 2999 3705 14.
3029 3652 3232 3708 Omnes
3254 3656 3411 3709 amici

1837 3736 1914 3790 tui
1930 3735 2079 3790 obliti
2093 3746 2222 3792 sunt
2236 3739 2333 3799 tui,
2359 3740 2560 3808 )(ipse
2586 3741 2608 3809 1
2638 3741 2761 3811 (sic)
2788 3756 2893 3796 nou
2920 3742 3329 3813 interrogabnnt
3348 3745 3411 3801 de

1835 3835 1921 3890 te;
1944 3826 2073 3895 quia
2106 3828 2462 3896 percussione
2496 3830 2701 3885 inimici
2733 3829 2976 3900 percussi
3004 3838 3080 3895 te,
3113 3830 3413 3901 disciplina
3456 3828 3457 3831 “

1837 3917 1975 3972 dura
2023 3926 2188 3987 Super
2230 3933 2446 3973 omnem
2478 3919 2827 3989 iniquitatem
2877 3930 3024 3977 tuam
3055 3922 3409 3992 multiplicat:

1836 4019 1965 4067 sunt
1994 4016 2217 4079 peccata
2258 4018 2372 4066 tua.
2411 4011 2503 4066 15.
2534 4013 2603 4080 ῖς(
2627 4010 2807 4078 Quare
2844 4012 3049 4067 clamas
3078 4026 3244 4083 super
3285 4030 3413 4069 con-

1804 4124 1811 4129 ~
1837 4100 2158 4157 fractionem
2190 4101 2385 4155 tuam?
2410 4101 2622 4157 violens
2645 4102 2801 4156 dolor
2830 4112 2956 4158 tuus
2976 4113 3199 4173 propter
3227 4104 3413 4159 multi-

1837 4192 2081 4246 tudinem
2134 4191 2483 4260 iniquitatum
2536 4198 2754 4245 tuarum
2808 4206 2825 4243 :
2870 4193 3017 4261 quod
3068 4191 3414 4246 invaluerunt

1836 4289 2059 4352 peccata
2098 4290 2215 4346 tua,
2253 4279 2501 4335 fecerunt
2537 4282 2653 4335 llaec
2698 4280 2793 4335 tibi
2836 4282 2883 4350 1.
2927 4281 3015 4335 l6.
3048 4280 3274 4353 Propter
3308 4280 3417 4335 hoc

1838 4388 2050 4437 omnes,
2080 4372 2173 4442 qui
2209 4371 2507 4427 comedunt
2540 4380 2612 4435 te,
2644 4371 3005 4426 comedentur
3053 4389 3068 4426 :
3118 4381 3172 4426 et
3223 4385 3415 4427 omnes

1839 4465 1912 4535 (ῃ)
1959 4464 2171 4518 inimici
2206 4464 2280 4518 tui
2322 4476 2544 4518 carnem
2578 4475 2736 4516 suam
2794 4476 3013 4516 omnem
3062 4463 3351 4517 comedent
3395 4479 3409 4516 :

145 4547 221 4603 ad
252 4548 546 4609 ridendum
576 4552 740 4614 bona,
777 4568 900 4622 qum
935 4568 1039 4622 ego
1075 4554 1271 4609 faciam
1298 4555 1476 4621 vobis,
1511 4558 1580 4624 Χ
1610 4557 1741 4610 dicit
1770 4548 1817 4607 Ι)
1846 4569 1907 4611 -ι-
1956 4569 2120 4624 super
2150 4552 2558 4608 multitudinem
2599 4551 2951 4621 iniquitatum
2985 4561 3203 4607 tuarum
3234 4552 3417 4607 multi-

145 4638 455 4708 Dominus,
507 4642 637 4713 quia
676 4644 1137 4701 machinationem
1183 4646 1403 4703 loculus
1455 4657 1539 4703 est
1573 4662 1739 4717 super
1842 4645 2038 4715 plicata
2068 4652 2193 4699 sunt
2228 4651 2450 4712 peccata
2486 4650 2602 4706 tua,
2647 4641 2894 4696 fecerunt
2944 4642 3059 4697 haec
3109 4641 3205 4695 tibi
3252 4640 3275 4709 1
3312 4659 3325 4694 :
3360 4650 3417 4696 et

234 4734 389 4789 mino
409 4734 458 4789 2.

234 4748 311 4786 mt
409 4734 458 4789 °.

149 4732 711 4897 DoCajTIEXX.—l.
741 4827 996 4895 Verbum,
1024 4828 1171 4898 quod
1198 4828 1402 4885 factum
1432 4836 1516 4884 est
1546 4828 1613 4883 ad
1638 4828 1731 4885 Je-

1839 4745 2021 4802 erunt,
2062 4736 2157 4805 qui
2210 4734 2446 4789 illudunt
2494 4732 2593 4788 tibi
2647 4732 2701 4786 in
2752 4730 3073 4794 ludibrium,
3104 4739 3157 4786 et
3200 4744 3417 4795 omnes,

1840 4827 1913 4897 (ι)
1962 4826 2054 4896 qni
2099 4824 2393 4895 depraedati
2440 4832 2572 4880 sunt
2625 4834 2699 4885 te,
2738 4822 2883 4877 dabo
2935 4822 2987 4875 in
3027 4821 3285 4891 praedam.
3324 4820 3416 4876 1⁸1.
3491 4832 3494 4838 ‘

219 5065 299 5139 (ι)
335 5064 655 5144 Audivistis.
734 5065 808 5137 (a)
849 5065 1105 5120 Scbolion
1138 5067 1258 5121 cod.
1293 5065 1501 5136 Syriaci
1532 5086 1546 5122 :
1579 5066 1765 5144 Allata
1801 5065 1890 5120 bic
1922 5064 2097 5144 _verba
2126 5063 2380 5144 quaedam
2426 5059 2726 5144 secundum
2766 5058 3042 5144 Aquilam,
3082 5058 3415 5144 utinqu‘i‘gem

142 5128 240 5200 iis;
266 5128 390 5205 qua:
422 5151 525 5189 txx
553 5128 873 5205 interpretes
864 5145 1078 5258 spostea
1107 5128 1425 5206 posuerunt,
1453 5137 1891 5207 congruentiora,
1922 5134 1993 5188 ibi
2026 5128 2197 5214 pos-ita
2231 5140 2401 5218 sunt.'
2436 5132 2508 5201 (b)
2548 5130 2636 5191 Α..
2670 5134 2723 5212 in
2756 5128 3058 5183 mendacio.
3139 5128 3410 5208 (⁸)]ὲίῖθιοε

142 5206 414 5258 Ac-hiab.
442 5204 536 5258 Dr.
612 5204 683 5258 (cl
727 5206 815 5258 A..
908 5244 944 5258 ..
992 5206 1215 5258 assavit.
1293 5205 1369 5258 (di
1409 5205 1501 5258 A..
1542 5206 1716 5258 nefas.
1793 5205 1861 5258 (el
1901 5204 1990 5258 Α..
2022 5217 2317 5257 sociorum.
2361 5200 2443 5258 δ..
2479 5199 2737 5258 proximi.
2814 5196 2880 5258 (Γ)
2921 5200 3013 5258 Α..
3044 5196 3129 5258 3.,
3158 5207 3209 5253 et
3251 5198 3410 5250 locuti

140 5204 414 5261 Ac-biab.
442 5204 536 5258 Dr.

140 5284 301 5330 811111».

612 5204 683 5276 (c)
702 5204 705 5205 ⁷
727 5206 815 5267 Α..

139 5343 466 5407 tantem,ut
493 5344 788 5413 conjiceres
816 5360 940 5397 eum
965 5344 1018 5397 in
1049 5343 1270 5398 domum
1303 5352 1721 5413 tormentorum,
1744 5353 1798 5398 et
1828 5343 1929 5399 sub
1954 5358 2095 5413 sera.

141 5429 260 5468 non
294 5408 914 5482 increpasti'leremiam
957 5413 1366 5482 Anathothiten.
1420 5408 1716 5468 Convitiati’
1759 5414 1910 5469 estis.
1987 5411 2049 5479 (ι)
2090 5408 2190 5482 Α..
2232 5408 2316 5472 8.,
2351 5408 2418 5482 ad
2438 5424 2572 5482 _nos.

380 5273 454 5344 (g)
494 5272 630 5330 Meo.
663 5272 671 5276 ⁷
706 5276 781 5343 (It)
825 5272 906 5339 S.,
940 5285 999 5329 ut
1020 5290 1170 5331 esses
1195 5272 1501 5344 speculator
1523 5274 1722 5330 domus
1754 5272 1966 5344 Demini
2003 5272 2146 5341 apud
2183 5286 2408 5344 onmem
2446 5272 2619 5323 virum

992 5196 1215 5260 assa-vit.
1293 5205 1373 5280 (d)_
1409 5196 1501 5269 21.,
1541 5196 1716 5280 nefas.

1838 5196 1990 5280 ')7_A.,
2022 5196 2317 5280 sociorum.
2361 5196 2454 5264 S.,'
2479 5196 2737 5280 proximi.
2792 5196 2880 5280 _(f)
2921 5200 3013 5280 ᾼ..
3044 5196 3209 5280 8.,Αει
3251 5197 3411 5280 locuti

3223 5266 3416 5330 replie-

3231 5334 3412 5412 aliqui,

2704 5267 3042 5324 radicentcm
3089 5278 3143 5321 et

2697 5376 2732 5407 .,
2763 5338 2995 5407 perdito.
3074 5337 3146 5402 (Ιι)

2174 5340 2364 5410 (i)_A.,
2396 5340 2612 5410 insano.

2650 5406 2744 5478 (m)
2765 5403 2876 5478 ’ᾼη
2910 5422 3074 5478 super
3102 5403 3410 5478 mendacio.

138 5486 228 5553 (η)
271 5468 581 5559 Α.,,εεεί.ιιεη
616 5468 773 5559 ejus._
834 5485 907 5559 (_o)
949 5481 1039 5547 Α.,
1075 5468 1565 5559 8.-,ίᾳυᾶξιιρυυιυδ
1596 5498 1737 5539 sum.

1838 5485 1888 5553 p)
1926 5468 2312 5559 aversior-tem.
2380 5478 2454 5547 (q)
2631 5468 2685 5532 et
2715 5468 3014 5559 collocabo.
3093 5468 3411 5559 (ν)

138 5540 662 5623 ὲιέρβεὲίἀεὴυῃιδ
711 5551 780 5621 (s)
821 5540 911 5623 Α..
940 5540 1179 5623 stuporis
1212 5540 1530 5623 audivimus
1571 5570 1585 5609 :
1636 5540 1961 5623 pavor.‘_'_'(t)
2000 5548 2087 5623 _S.,
2128 5549 2331 5623 nonin
2373 5540 2685 5623 servitutem
2726 5540 3149 5623 redigent'eunl
3178 5540 3416 5619 amplius

139 5609 338 5689 alie'ni,
367 5623 462 5677 sed
493 5609 986 5690 colentise'rvitium
1020 5609 1247 5677 Domino
1275 5619 1387 5675 Deo
1418 5636 1538 5688 suo,
1590 5609 1653 5678 et.
1680 5620 1865 5676 Davidi
1903 5609 2015 5690 regi
2048 5609 2211 5690 suo.‘
2252 5620 2331 5688 (υ)
2372 5617 2779 5690 4.,__quo_niam.
2797 5609 3071 5690 haecdicit
3107 5609 3413 5690 Dominus:
3500 5646 3505 5647 κ

140 5682 366 5761 resecta
394 5704 521 5761 spes
564 5689 1082 5761 confractionis_tua:
1114 5712 1125 5744 :
1156 5692 1291 5745 dura
1327 5691 1482 5761 plaga
1512 5682 1605 5761 tua
1635 5709 1650 5746 :
1686 5706 1794 5746 non
1821 5700 1925 5761 est,
1950 5682 2058 5761 Aqui
2098 5682 2397 5761 judicet'ad
2425 5682 3111 5761 alligationemsanitatum
3168 5688 3410 5761 tuar‘utu.

140 5762 228 5827 (a)
270 5752 663 5846 S_.,_s:ani‘tas._
710 5752 1533 5846 (gl)!illi§_.,uoppresstfres'tui
1578 5776 1771 5817 omnes
1821 5760 1897 5817 illi
1946 5752 1999 5816 in
2033 5752 2399 5829 captivitatem
2446 5752 2619 5813 ibunt.
2656 5753 2739 5821 8.,
2775 5752 3129 5808 deducentur.

138 5845 242 5901 qui
274 5829 542 5901 diripiunt
570 5838 622 5885 te
650 5828 1109 5900 in‘direptionem.

3231 5747 3306 5819 (ι)
3349 5748 3415 5804 δ.
