3902 6532
489 417 494 420 ‘
532 431 668 488 25M
1695 429 1926 487 conn:
1964 429 2630 488 SYROJlEXAPLARlS.
3611 440 3726 497 me

535 551 675 615 Quia
705 547 972 604 adducam
1005 545 1081 617 (α)
1107 545 1628 614 sanationcm_tuam
1667 563 1682 598 :
1714 561 1745 600 a
1773 545 1926 614 plaga
1955 545 2108 600 dolo-
2134 551 2181 605 Δ
2207 546 2455 606 claudus,
2475 545 2718 614 gravida,
2749 552 2804 599 et
2826 543 3046 612 pariens
3077 542 3272 598 simul:
3298 551 3473 600 cintus
3488 556 3728 621 magnus1,

535 656 663 696 rosa
689 639 896 694 sanabo
935 649 1008 702 te,
1037 638 1172 693 dicit
1210 636 1506 700 Dominus;
1557 635 1633 706 (b)
1689 637 1819 706 quia
1859 637 2105 705 dispersa
2211 644 2266 690 et
2294 643 2632 690 revertentur
2665 634 2790 688 huc.
2833 634 2886 688 9.
2931 631 2988 686 In
3022 632 3150 686 ﬂetu
3179 633 3449 696 exierunt,
3473 643 3523 688 et
3555 636 3602 690 in
3625 655 3732 694 oon.

533 741 726 786 vocata
751 745 833 785 es.
880 733 947 797 Ἀ(
991 727 1122 783 Sion
1159 729 1272 782 haec
1305 728 1328 796 1
1368 740 1428 782 -ι-
1463 727 1679 781 venatio
1711 735 1893 780 vestra
1931 736 2015 781 est
2043 727 2102 794 1;
2211 724 2478 780 solatione
2509 723 2772 778 adducam
2793 737 2886 778 eos
2901 723 2978 793 (υ)
3009 722 3426 792 confirmanst')
3448 740 3596 794 super
3612 729 3734 787 rivos

533 823 663 892 quia
698 822 793 892 qui
826 829 1036 891 quaerat
1065 835 1205 885 eam,
1242 834 1352 874 non
1375 827 1478 873 est.
1513 818 1599 872 18.
1634 819 1704 888 (c)
1729 817 1819 872 Sic
1840 817 1976 872 dixit
1999 818 2106 872 Do-
2212 827 2477 880 aquarum
2511 812 2565 865 in
2591 812 2678 864 via
2709 818 2877 876 recta,
2907 820 2962 865 et
3009 826 3118 866 non
3145 813 3409 866 errabunt
3437 813 3490 867 in
3521 829 3598 870 ea.
3619 814 3734 882 Quia

535 913 719 968 minus
753 929 773 967 :
805 912 942 966 Ecce
965 927 1065 982 ego
1087 911 1339 966 reducam
1364 909 1811 979 demigrationem
1835 911 1901 976 Χ
1929 917 2105 962 tento-
2210 901 2387 957 factus
2415 917 2538 957 sum
2569 901 2751 956 lsraeli
2784 901 2836 954 in
2869 909 3078 970 patrem
3109 919 3123 956 :
3148 910 3204 956 et
3237 901 3485 970 Ephrem
3507 905 3735 978 primoge-

535 1004 742 1057 riorum
770 1003 794 1070 1
828 1001 1042 1068 Jacobi,
1067 1009 1121 1056 et
1164 1000 1239 1071 id)
1269 999 1599 1069 captivitatis
1630 998 1749 1066 ejus
1779 998 2108 1052 miserebor.»
2211 992 2360 1046 nitus
2380 1006 2533 1046 meus
2567 1002 2670 1045 est.
2708 990 2789 1044 l0.
2817 991 3013 1045 Audite
3033 992 3258 1048 verbum
3302 991 3536 1056 Domini,
3559 1008 3736 1066 gentes,

534 1091 601 1147 Et
639 1093 998 1148 aedilicabitur
1045 1093 1177 1145 urbs
1228 1105 1393 1160 super
1439 1088 1780 1143 altitudinem
1825 1088 1945 1156 ejus
1990 1105 2003 1141 :
2049 1096 2104 1142 et

529 1181 793 1250 templum
826 1181 980 1250 juxta
1008 1180 1273 1250 judicium
1299 1192 1458 1232 suum
1485 1178 1712 1232 sedebit.
1747 1178 1834 1232 19.
1865 1177 1932 1231 Et
1949 1193 2102 1248 egre-

531 1270 750 1326 dientur
788 1272 856 1342 (e)
891 1286 957 1326 ex
997 1272 1078 1325 eis
1118 1269 1478 1331 celebrantes,
1510 1277 1564 1322 et
1607 1284 1713 1324 vox
1747 1269 2048 1323 ludentium
2081 1285 2098 1324 :

529 1373 586 1416 et
612 1363 988 1431 multiplicabo
1011 1377 1125 1424 eos,
1154 1369 1336 1414 etnon
1368 1361 1704 1422 minuentur,
1741 1362 1808 1428 )t(
1838 1368 1892 1412 et
1927 1360 2101 1414 eﬂun-

529 1449 656 1502 dam
693 1463 810 1512 eos,
851 1459 906 1503 et
938 1463 1046 1502 non
1097 1447 1255 1516 pauci
1294 1447 1587 1501 reddentur
1626 1447 1672 1514 1.
1701 1447 1791 1500 20.
1823 1446 1890 1499 Et
1920 1447 2100 1517 ingre-

529 1525 749 1594 dientur
791 1539 881 1592 lilii
928 1553 1140 1599 eorum,
1193 1545 1251 1590 ut
1301 1545 1459 1592 antea
1506 1555 1519 1590 :
1569 1537 1638 1606 (Ῑ)
1683 1545 1736 1591 et
1787 1537 2101 1591 testimonia

528 1644 720 1684 eorum
751 1638 876 1682 ante
907 1627 1099 1682 faciem
1132 1641 1309 1681 meam
1354 1626 1657 1697 dirigentur
1703 1645 1716 1681 :
1761 1635 1815 1682 et
1865 1628 2100 1683 visitabo

524 1719 599 1785 ῖς(
629 1732 792 1786 super
831 1731 1022 1771 omnes
1069 1716 1126 1783 1,
1177 1717 1269 1786 qui
1321 1715 1564 1785 allligunt
1605 1731 1746 1772 eos:
1793 1715 1882 1770 2t.
1939 1718 2012 1787 (g)
2047 1729 2102 1772 et

526 1816 688 1862 erunt
715 1807 1048 1876 potentiores
1078 1822 1144 1860 eo
1169 1820 1332 1876 super
1355 1821 1449 1861 eos
1480 1825 1492 1860 :
1522 1815 1576 1860 et
1603 1809 1855 1876 princeps
1885 1807 2004 1877 ejus
2033 1823 2098 1862 ex

2207 1090 2262 1135 et
2304 1081 2622 1134 annuntiate
2672 1081 2725 1134 in
2771 1081 2980 1134 insulas
3016 1081 3374 1150 longinquas,
3426 1083 3619 1138 dicite:
3653 1087 3738 1152 Qui

2208 1173 2490 1228 ventilavit
2528 1171 2805 1234 lsraelem,
2851 1171 3200 1240 congregabit
3238 1187 3390 1235 eum,
3429 1181 3485 1225 et
3508 1176 3741 1232 custodiet

2207 1277 2356 1325 eum,
2387 1262 2556 1330 utqui
2583 1261 2754 1330 pascit
2779 1275 2993 1330 gregem
3031 1274 3213 1313 suum.
3248 1260 3335 1312 11.
3385 1259 3521 1325 Quia
3552 1261 3742 1319 redemit

2212 1351 2473 1406 Dominus
2505 1348 2789 1410 Jacobum,
2823 1350 2896 1417 (ι)
2929 1348 3177 1402 liberavit
3201 1362 3321 1401 eum
3347 1364 3377 1402 e
3403 1364 3565 1401 manu
3583 1350 3739 1406 durio-

2209 1444 2285 1498 ris
2315 1458 2378 1497 eo
2409 1461 2422 1495 :
2453 1442 2534 1495 l2.
2563 1450 2617 1494 et
2647 1441 2883 1503 venient,
2908 1447 2962 1492 et
2991 1437 3338 1502 laetabuntur,
3364 1441 3434 1505 χ(
3463 1447 3516 1492 et
3539 1443 3738 1498 exsulta.

2209 1536 2342 1589 bunt
2372 1537 2392 1603 1
2426 1535 2498 1604 (α)
2533 1535 2586 1588 in
2619 1541 2800 1588 monte
2828 1531 3010 1586 Sionis
3054 1547 3068 1583 :
3105 1540 3159 1586 et
3191 1533 3410 1588 venient
3451 1548 3607 1602 super
3629 1536 3742 1592 bona

2208 1625 2444 1690 Domini,
2506 1641 2670 1694 super
2717 1633 2916 1678 terram
2955 1621 3244 1687 frumenti,
3295 1634 3348 1678 et
3401 1622 3555 1684 vini,
3604 1624 3667 1694 (ὁ)
3701 1637 3746 1682 et

2208 1718 2466 1779 fructum,
2517 1725 2573 1770 et
2629 1716 3024 1785 jumentorum,
3089 1724 3144 1768 et
3187 1715 3395 1778 ovium,
3451 1724 3510 1768 et
3557 1716 3741 1771 boum:

2206 1821 2259 1864 et
2307 1811 2413 1866 erit
2467 1809 2650 1864 anima
2711 1823 2925 1870 eorum,
2969 1807 3041 1874 (c)
3098 1816 3157 1861 ut
3215 1806 3443 1876 lignum,
3491 1806 3622 1875 quod
3671 1809 3747 1862 dat

527 1911 594 1950 eo
630 1895 959 1965 egredietur.
992 1896 1068 1965 (Ii)
1121 1895 1188 1949 Et
1233 1896 1578 1966 congregabo
1611 1911 1726 1960 eos,
1773 1905 1828 1950 et
1871 1912 1931 1952 se
1969 1912 2098 1952 con-
2134 1912 2173 1968 Β
2205 1901 2416 1956 fructus
2446 1918 2459 1955 :
2507 1909 2563 1955 et
2596 1915 2704 1954 non
2755 1899 3002 1954 esurient
3036 1897 3294 1965 amplius.
3333 1897 3425 1951 15.
3466 1895 3604 1951 Tunc
3628 1914 3746 1966 gau-

525 1996 739 2041 vertent
769 1989 835 2040 ad
867 2001 952 2040 me
989 2005 1002 2040 :
1037 1989 1298 2056 quoniam
1329 1988 1453 2056 quis
1484 1987 1570 2042 hic
1610 1995 1714 2051 est,
1757 1987 1853 2056 qui
1890 1987 2102 2042 dederit
2203 1993 2410 2046 debunt
2440 1991 2680 2060 virgines
2707 1988 2783 2058 (ά)
2809 1988 2862 2042 in
2889 1996 3036 2042 cmtu
3063 1987 3522 2053 adolescentium,
3543 1996 3593 2041 et
3615 2004 3748 2044 senes

527 2089 623 2129 cor
653 2089 811 2129 suum
853 2073 914 2145 (ἱ)
958 2073 1203 2128 converti
1239 2073 1305 2126 ad
1344 2088 1451 2136 me,
1506 2076 1575 2141 χ(
1627 2072 1760 2134 dicit
1802 2071 2099 2128 Dominus?

2206 2095 2268 2136 +
2299 2081 2607 2152 gaudebunt
2647 2079 2669 2148 1
2708 2096 2722 2132 :
2762 2086 2818 2131 et
2853 2086 3060 2131 vertam
3093 2076 3302 2130 luctum
3331 2091 3530 2140 eorum
3560 2077 3611 2130 in
3636 2093 3745 2147 gau-

524 2165 616 2218 2‘2.
652 2164 717 2218 Et
743 2165 899 2219 eritis
931 2163 1068 2218 mihi
1111 2163 1162 2216 in
1193 2164 1480 2233 populum,
1517 2171 1570 2217 ct
1597 2179 1698 2232 ego
1733 2179 1826 2219 ero
1859 2164 2018 2219 vobis
2044 2165 2100 2218 in
2201 2173 2373 2236 dium,
2417 2170 2488 2242 (c)
2529 2178 2585 2224 et
2613 2169 2810 2224 faciam
2845 2182 2943 2222 eos
2985 2167 3230 2221 laetantes
3274 2168 3340 2233 Χ
3381 2181 3413 2220 e
3458 2169 3747 2224 maeroribus

527 2253 696 2309 Deum
725 2255 772 2322 1.
798 2255 893 2309 25.
929 2253 1001 2324 (Ιι)
1033 2252 1172 2319 Quia
1203 2255 1282 2308 ira
1315 2252 1530 2308 Domini
1565 2253 1859 2309 furibunda
1880 2269 2102 2324 egressa
2200 2280 2396 2319 eorum
2427 2264 2473 2332 ζ.
2507 2263 2590 2316 tt.
2617 2277 2677 2317 -ι-
2699 2259 3058 2330 Magniﬁcabo
3077 2259 3125 2326 1,
3149 2268 3204 2313 et
3233 2258 3522 2314 inebriabo
3545 2259 3745 2314 anima

524 2355 609 2400 est
648 2363 662 2399 :
701 2361 923 2416 egressa
971 2355 1055 2401 est
1094 2348 1198 2408 ira,
1249 2360 1374 2414 quae
1427 2355 1644 2400 versata
1689 2360 1855 2414 super
1904 2346 2099 2414 impios

2205 2355 2548 2411 sacerdotum
2589 2367 2650 2408 σε-
2683 2350 2920 2406 ﬁliorum
2949 2349 3077 2404 Levi
3119 2349 3167 2417 1,
3199 2352 3266 2418 Χ
3296 2349 3750 2418 pinguedine1:et

522 2437 727 2494 veniet.
758 2437 850 2491 24.
884 2437 1003 2491 Νοη
1041 2446 1344 2492 revertetur
1379 2437 1457 2491 ira
1496 2436 1699 2492 furoris
1736 2437 1978 2503 Domini,
2005 2437 2105 2492 do-
2202 2445 2436 2516 populus
2483 2458 2640 2498 meus
2696 2441 2856 2496 bonis
2905 2441 3044 2496 meis
3089 2442 3521 2504 saturabuntur,
3557 2444 3617 2506 Χ
3646 2443 3754 2497 dicit

529 2543 634 2582 nec
695 2526 883 2593 Γθείδῐο
943 2541 997 2582 ει
1048 2529 1226 2583 donec
1286 2529 1585 2582 constituat
1650 2527 2102 2598 praeparationem
2206 2534 2539 2602 Dominus1.
2581 2535 2670 2590 15.
2709 2532 2801 2587 Sic
2834 2533 2974 2587 dixit
3021 2533 3326 2588 Dominus:
3362 2531 3484 2587 Vox
3523 2533 3577 2587 in
3612 2532 3750 2588 ltama

523 2618 710 2673 cordis
732 2619 838 2672 sui.
871 2620 928 2671 ln
969 2619 1073 2672 line
1102 2619 1312 2672 dierum
1347 2619 1686 2687 c0gnoscetis
1713 2633 1799 2672 ea.

2205 2629 2387 2683 audita
2408 2636 2510 2693 est,
2541 2627 2606 2696 (r)
2642 2626 2985 2689 lamentatio,
3019 2634 3074 2680 et
3116 2622 3276 2680 ﬂetus
3311 2642 3325 2678 :
3367 2623 3575 2679 Rachel
3594 2626 3753 2694 deplo-

596 2708 749 2764 CAP.
788 2707 1113 2762 XXXl.—i.
1144 2707 1199 2762 In
1235 2717 1478 2777 tempore
1515 2707 1607 2762 illo
1638 2707 1778 2762 dixit
1809 2707 2102 2771 Dominus,
2205 2735 2334 2773 mus
2379 2733 2546 2787 super
2591 2717 2719 2772 ﬁliis
2756 2717 2872 2772 suis
2907 2733 2924 2771 ;
2975 2730 3083 2771 non
3119 2715 3292 2771 voluit
3323 2715 3401 2785 (g)
3449 2718 3754 2786 requiescere

524 2803 633 2858 Ero
659 2803 712 2856 in
744 2800 912 2862 Deum
949 2799 1011 2871 (ι)
1058 2801 1242 2869 generi
1297 2799 1534 2863 lsraelis,
1567 2808 1620 2854 et
1668 2799 1743 2854 illi
1786 2807 1948 2854 erunt
1969 2799 2102 2853 mihi
2209 2814 2274 2876 χ(
2307 2825 2470 2877 super
2506 2809 2632 2863 aliis
2671 2808 2787 2864 suis
2824 2809 2871 2877 ζ,
2907 2809 3036 2876 quia
3075 2823 3180 2861 non
3224 2816 3373 2862 sunt.
3413 2807 3504 2862 16,
3537 2807 3622 2862 Sic
3641 2807 3756 2863 dixit

525 2892 580 2947 in
606 2891 886 2962 populum.
917 2890 974 2943 ‘2.
1013 2887 1104 2943 Sic
1139 2889 1277 2943 dixit
1322 2889 1586 2944 Dominus
1621 2908 1634 2943 :
1670 2891 1854 2944 Inveni
1885 2889 1978 2961 (m)
2014 2905 2099 2944 ca-

2207 2902 2471 2955 Dominus
2517 2919 2530 2952 :
2597 2898 2834 2954 Desistat
2862 2914 2968 2952 vox
3015 2907 3108 2952 tua
3138 2912 3169 2951 a
3204 2897 3356 2962 fletu,
3391 2907 3452 2951 et
3478 2899 3614 2952 oculi
3641 2898 3708 2951 tui
3729 2914 3755 2952 a

525 2982 693 3036 lidum
728 2982 782 3035 in
805 2981 1024 3036 deserto
1064 2980 1140 3050 (η)
1182 2995 1307 3034 cum
1342 2980 1430 3045 iis,
1475 2981 1568 3050 qui
1603 2981 1878 3050 perierunt
1904 2980 2099 3051 gladio.

2205 2995 2481 3059 lacrimis;
2525 2993 2657 3062 quia
2694 2999 2779 3046 est
2817 3006 3026 3046 merces
3069 2991 3220 3059 operi
3255 2999 3372 3056 tuo,
3418 2993 3489 3058 Χ
3525 2991 3758 3046 dieitDo-

524 3070 621 3136 Ite,
662 3082 717 3127 et
743 3086 811 3126 ne
834 3070 1071 3142 perdatis
1111 3069 1362 3125 lsraelem
1397 3089 1412 3125 :
1457 3072 1511 3125 5.
1551 3086 1617 3126 ex
1649 3071 1953 3141 longinquo
2000 3071 2099 3126 Do«

2208 3086 2390 3138 minus
2435 3086 2481 3152 1,
2534 3092 2590 3138 et
2650 3090 2994 3137 revertentur
3046 3096 3114 3136 ex
3170 3090 3312 3136 terra
3382 3081 3758 3136 inimicorum:

527 3165 710 3219 minus
763 3165 914 3219 visus
958 3173 1042 3218 est
1083 3165 1155 3218 ei.
1192 3163 1513 3232 Dilectione,
1549 3179 1671 3232 quae
1723 3164 1776 3216 in
1822 3164 2099 3226 saeculum,

2209 3177 2274 3230 17
2307 3179 2375 3244 χ(
2401 3187 2454 3231 et
2485 3177 2592 3230 erit
2616 3191 2741 3244 spes
2764 3172 3098 3230 extremitati
3129 3182 3254 3238 tuae,
3281 3172 3415 3228 dicit
3438 3171 3695 3228 Dominus
3718 3173 3761 3239 1.

524 3255 686 3310 dilexi
719 3263 769 3308 te
811 3272 824 3308 :
868 3262 1088 3325 propter
1122 3255 1224 3309 hoc
1264 3255 1404 3308 traxi
1451 3261 1504 3309 te
1551 3256 1619 3309 ad
1668 3254 2098 3310 misericordiam

2205 3268 2278 3336 (Ii)
2309 3242 2714 3336 permanentia
2775 3265 2898 3320 ﬁliis
2957 3265 3066 3320 tuis
3125 3266 3181 3319 in
3233 3265 3502 3320 terminos
3564 3277 3760 3319 eorum.

524 3346 951 3415 adipiscendam.
1010 3349 1065 3400 4.
1127 3345 1433 3400 Editicabo
1489 3354 1559 3409 te,
1619 3354 1674 3400 et
1721 3345 2094 3409 mdit'icaberis,
2205 3355 2292 3409 18,
2340 3355 2627 3410 audiendo
2676 3355 2862 3409 audivi
2915 3353 3166 3424 Ephraam
3211 3354 3272 3424 (i)
3314 3362 3762 3423 conquerentem:

523 3441 676 3508 virgo
699 3437 914 3494 lsraelis
948 3459 961 3492 :
997 3439 1070 3508 (ο)
1105 3441 1283 3494 adhuc
1312 3456 1560 3495 assumes
1581 3450 1893 3510 tympanum
1921 3450 2095 3504 tuum.
2202 3445 2478 3516 castigasti
2506 3462 2611 3510 me,
2635 3455 2690 3501 et
2715 3448 3013 3518 castigatus
3039 3461 3160 3502 sum
3197 3455 3290 3501 :ut
3319 3446 3526 3500 vitulus
3555 3445 3624 3515 (is)
3668 3459 3766 3499 non

522 3537 578 3583 et
609 3528 906 3598 egredieris
949 3529 1024 3599 (ρ)
1056 3544 1178 3583 cum
1215 3530 1370 3583 turba
1415 3530 1740 3584 ludentium.
1783 3531 1836 3584 5.
1887 3528 2100 3585 Rursus
2201 3535 2384 3590 didici.
2440 3533 2710 3589 Cuiiverte
2767 3549 2875 3595 me,
2929 3544 2985 3589 et
3038 3543 3351 3596 convertar,
3388 3532 3522 3602 quia
3572 3542 3628 3586 tu
3665 3532 3764 3585 Do-

522 3616 794 3686 plantabis
826 3617 1014 3672 vineas
1046 3618 1102 3670 in
1131 3628 1313 3672 monte
1343 3615 1607 3671 Samaria:
1641 3636 1653 3671 :
1685 3618 1921 3685 plantate
1950 3619 2102 3687 plan-
2202 3626 2384 3682 minus
2413 3625 2557 3681 Deus
2587 3641 2738 3680 meus
2770 3645 2784 3680 ε
2819 3626 2905 3681 19,
2943 3627 3202 3696 quoniam
3231 3625 3293 3695 (ι)
3340 3625 3408 3678 ad
3445 3627 3610 3680 tinem
3641 3638 3760 3693 capo

525 3707 780 3772 lationes,
808 3707 881 3778 (ᾳ)
918 3717 972 3763 et
1000 3707 1216 3763 laudate
1249 3727 1262 3764 :
1313 3710 1367 3762 6.
1409 3708 1538 3778 quia
1569 3719 1652 3763 est
1680 3709 1796 3764 dies
1836 3710 1908 3780 (r)
1940 3724 2100 3764 voca-
2203 3718 2423 3774 iiviiatis
2460 3733 2592 3774 mere
2621 3719 2872 3786 pmnituit
2904 3733 3011 3782 me,
3056 3717 3152 3786 (nt)
3187 3724 3242 3770 et
3280 3717 3346 3770 ad
3384 3716 3553 3770 linem
3578 3729 3647 3770 ex
3667 3730 3765 3783 quo

2201 3810 2452 3879 cognovi,
2497 3809 2575 3878 (n)
2619 3809 2858 3878 ingcmui
2904 3822 3013 3878 prae
3047 3808 3137 3862 die
3177 3806 3424 3876 pudoris,
3462 3813 3524 3860 et
3572 3803 3768 3860 ostendi

2204 3900 2323 3963 tibi,
2350 3901 2493 3968 quod
2529 3898 3096 3968 accepiopprohrium
3126 3898 3196 3952 ab
3232 3896 3614 3952 adolescentia
3644 3909 3766 3950 mea.

2200 3987 2290 4043 20.
2329 3987 2400 4042 Es
2457 3989 2602 4042 ﬁlius
2643 3988 2716 4057 (0)
2759 3987 2989 4042 dilectus
3033 3987 3172 4040 mihi
3223 3983 3506 4054 Ephraem:
3555 3986 3625 4051 x
3665 3981 3764 4048 es:

2202 4077 2463 4144 parvulus
2490 4075 2786 4142 delicatus;
2821 4076 2951 4145 quia
2981 4074 3057 4145 (p)
3081 4089 3179 4143 pro
3207 4089 3274 4129 eo
3300 4073 3450 4144 quod
3478 4074 3645 4128 verba
3666 4087 3766 4127 mea

2203 4169 2256 4222 in
2283 4184 2348 4222 eo
2376 4167 2472 4237 (τι),
2507 4167 2858 4223 recordando
2894 4166 3223 4222 recordabar
3253 4165 3375 4235 ejus
3408 4166 3484 4235 Χ
3517 4163 3762 4228 iterum1:

2203 4259 2272 4328 (r)
2314 4268 2536 4328 propter
2575 4259 2680 4313 hoc
2715 4258 2786 4329 (ε)
2827 4258 3077 4313 festinavi
3109 4273 3275 4328 super
3320 4271 3410 4321 eo,
3467 4256 3762 4311 miserando

525 3797 688 3852 tionis
717 3798 1057 3854 defendentis
1085 3813 1338 3854 sermone
1379 3799 1433 3852 in
1478 3799 1756 3854 montibus
1805 3797 2052 3869 Ephraem
2084 3819 2097 3855 ε

522 3887 751 3958 surgite,
803 3886 872 3958 (ε)
918 3896 973 3942 et
1005 3887 1282 3942 ascendite
1320 3888 1375 3941 in
1427 3886 1646 3942 Sionem
1691 3889 1756 3941 ad
1808 3887 2096 3944 Dominum

501 3975 694 4046 .Deum
727 3985 995 4031 nostrum.
1019 3977 1072 4030 7.
1097 3980 1161 4045 (ι)
1189 3975 1280 4032 Sic
1296 3976 1433 4030 dixit
1462 3976 1724 4031 Dominus
1750 3980 1816 4045 Ἀ(
1839 3977 2095 4046 Jacobo1:

523 4066 602 4138 (ιι)
635 4065 938 4132 Exsultate,
966 4067 1248 4133 laetamini,
1272 4076 1324 4122 et
1355 4068 1562 4122 hinnite
1585 4082 1748 4138 super
1778 4077 1941 4138 caput
1965 4083 2100 4136 gen-

523 4157 660 4212 tium
695 4176 710 4212 :
745 4158 928 4213 audita
976 4157 1159 4225 facite,
1214 4170 1270 4212 et
1315 4158 1550 4221 laudate,
1602 4159 1763 4214 dicite
1801 4178 1814 4212 :
1865 4159 2100 4212 Salvavit

521 4247 788 4304 Dominus
824 4249 1080 4320 populum
1123 4265 1301 4313 suum,
1328 4249 1589 4318 reliquias
1620 4247 1856 4305 lsraelis.
1881 4248 1933 4303 8.
1962 4248 2102 4306 Ecce

520 4353 622 4411 ego
659 4340 872 4395 adduco
898 4355 993 4396 eos
1024 4357 1091 4395 ex
1129 4341 1404 4410 aquilone,
1439 4351 1493 4394 et
1521 4342 1865 4411 congregabo
1891 4356 1986 4395 eos
2021 4342 2100 4412 (π)

521 4432 592 4485 ab
611 4439 856 4487 extremo
877 4441 1032 4487 terra:
1068 4433 1120 4486 in
1157 4433 1500 4487 solemnitate
1532 4433 1828 4500 paschalis;
1862 4436 1930 4499 Χ
1959 4443 2012 4488 et
2033 4436 2101 4488 ad

523 4525 830 4580 faciendum
862 4525 1002 4581 lilios
1035 4527 1249 4579 turbam
1293 4527 1519 4580 multam
1554 4545 1566 4580 :
1611 4527 1666 4580 in
1699 4529 1780 4581 eis
1805 4542 2006 4593 caecus,
2038 4537 2092 4582 et

2202 4349 2502 4404 miserebor
2533 4348 2672 4418 ejus,
2711 4348 2839 4402 dicit
2871 4347 3160 4403 Dominus.
3195 4348 3287 4402 2i.
3331 4346 3632 4402 Constitue
3654 4347 3766 4413 teip-

2201 4453 2340 4498 sam,
2368 4442 2435 4505 x
2462 4439 2527 4510 (ι)
2562 4440 2937 4509 speculatores
2978 4438 3064 4493 fac
3092 4439 3188 4492 tibi
3228 4437 3330 4508 ipsi
3369 4438 3393 4505 1
3427 4440 3516 4506 (at)
3561 4438 3768 4508 punitio-

2201 4543 2348 4590 nem,
2376 4529 2444 4583 da
2478 4544 2571 4584 eor
2599 4538 2749 4584 tuum
2785 4529 2865 4599 (αι)
2901 4528 2956 4582 in
2994 4528 3254 4583 humeros
3285 4546 3299 4582 :
3333 4529 3414 4596 (υ)
3445 4527 3561 4590 via,
3593 4527 3644 4580 in
3677 4539 3766 4595 qua

592 4666 669 4741 tu)
693 4667 783 4741 Α.,
807 4664 889 4726 8.,
908 4666 1195 4741 sanitatem
1219 4665 1336 4725 tibi.
1395 4665 1470 4741 (b)_
1493 4665 1574 4730 8.,
1593 4668 1949 4741 quiaremota
1974 4683 2099 4721 voca

2205 4685 2270 4722 es.
2331 4668 2567 4741 (ᾤμεθα.
2630 4670 2706 4741 (d)
2728 4668 2812 4741 8.,
2833 4669 3149 4741 diversoriis
3170 4669 3289 4737 ejus
3312 4670 3549 4741 gratiam
3577 4670 3765 4722 faciam.

521 4736 593 4808 (c)
617 4738 702 4800 Α.,
728 4735 814 4798 8.,
837 4751 903 4788 ex
929 4735 1008 4808 eis
1035 4736 1334 4808 gratiarum
1367 4737 1531 4808 actio.
1611 4737 1677 4808 (ί)
1708 4737 1798 4799 Α.,
1837 4739 1920 4800 8.,
1948 4745 2003 4791 et
2025 4747 2220 4794 canus.
2299 4735 2482 4807 (gl—8.,
2507 4749 2560 4794 et
2586 4735 2697 4794 erit
2718 4739 2874 4793 fortis
2899 4742 3017 4808 ejus
3045 4755 3112 4794 ex
3142 4735 3228 4793 eo.
3260 4735 3349 4804 Αῖ,
3383 4748 3443 4792 et
3473 4739 3580 4793 erit
3602 4742 3784 4792 fortior

518 4806 641 4880 ejus
675 4820 740 4880 εξ
762 4819 850 4880 eo.
899 4805 1000 4880 _(li)
1032 4806 1123 4866 A.,
1156 4803 1238 4862 8..
1265 4814 1318 4858 et
1345 4806 1602 4880 accedere
1622 4803 1828 4880 faciam
1854 4823 2000 4870 eum,
2025 4817 2079 4862 et

2207 4803 2339 4863 edet
2361 4811 2426 4863 ad
2457 4825 2564 4863 me.
2640 4811 2702 4879 (ἱ)
2737 4811 2832 4880 Α.,
2865 4803 3396 4880 θοέθὰειθθβάιηαη
3435 4809 3515 4880 (lt)
3553 4809 3642 4872 Α.,
3664 4823 3771 4862 ecce

522 4874 678 4956 turbo
701 4872 942 4956 Domini,
965 4872 1066 4956 ira,
1087 4889 1211 4954 quae
1249 4875 1578 4956 egredietur,
1607 4877 1838 4956 procella
1865 4887 2130 4956 evertens.
2165 4876 2246 4944 8.,
2269 4895 2392 4956 ecce
2416 4872 2708 4956 tempestas
2735 4879 2968 4931 Domini.
3027 4880 3088 4956 (ι)
3111 4877 3201 4940 Α.,
3230 4872 3494 4956 omnibus
3518 4881 3769 4956 cog-natiu-

520 4944 703 5018 nibus.
757 4945 850 5012 (m)
895 4943 1116 5012 Reliqui,
1158 4948 1406 5018 gratiam.
1487 4944 1562 5018 (ῃ)
1598 4947 1686 5018 ΑΛ..
1732 4947 1959 5018 populus
2009 4943 2448 5016 deletusgladio,
2499 4943 2591 5018 qui
2623 4949 2763 5018 abit,
2806 4959 2864 5001 ut
2897 4943 3138 5015 requiem
3182 4956 3398 5016 praestet
3439 4943 3650 5001 lsraeli.
3698 4945 3768 5009 5.,

560 5013 783 5087 epulum
818 5023 1090 5087 servatum
1136 5014 1386 5087 agladio,
1411 5015 1700 5087 quijabit,
1725 5016 2044 5083 utrequiem
2087 5013 2303 5085 prastét
2331 5013 2538 5072 lsraeli'.
2619 5017 2692 5086 (ο)
2731 5013 3158 5082 A.,‘ornaberis.
3183 5013 3196 5016 ’
3235 5019 3308 5087 (ρ)
3351 5018 3445 5080 Α.,
3486 5018 3542 5070 in
3589 5026 3767 5069 turma.

560 5027 783 5080 oputum
818 5027 1090 5066 servatum
1136 5027 1386 5082 agtauio,
1429 5031 1521 5082 qui
1562 5027 1695 5074 abit,
1725 5027 2044 5083 utrequiem
2087 5033 2099 5085 ι

522 5027 596 5221 {in
641 5083 727 5144 Α.,
779 5089 830 5134 et
885 5082 1185 5149 profanate.
1275 5084 1344 5152 (r)
1385 5086 1478 5149 A.,
1524 5082 1610 5146 S.,
1661 5086 1965 5165 clamarunt
1999 5101 2096 5140 eus

547 5155 586 5219 ι)
630 5149 774 5204 Haec.
849 5154 929 5219 (ιι)
970 5151 1060 5217 Α.,
1108 5152 1345 5206 laudate.
1425 5154 1504 5221 (ω)
1543 5153 1634 5216 Α.,
1675 5168 1705 5206 a
1746 5153 1934 5208 foveis.
2015 5156 2090 5221 (y)

2205 5027 2303 5072 Stet
2331 5027 2538 5072 lsraelt.
2619 5027 2692 5086 (0)
2731 5027 3158 5082 A.,‘ornaberls.
3235 5027 3308 5087 (ρ)
3351 5027 3445 5080 Α.,
3486 5027 3542 5070 ιη
3589 5027 3766 5069 turma.

2205 5104 2254 5142 es
2302 5089 2355 5140 in
2412 5097 2596 5141 monte
2638 5086 2910 5155 Eplirzem.
3002 5087 3070 5152 (δ)
3122 5089 3210 5150 Α.,
3272 5085 3354 5149 8.,
3400 5088 3766 5139 ascendamus.

2207 5199 2220 5220 ,
2255 5158 2448 5211 ducam
2489 5172 2584 5211 eos
2621 5159 2686 5210 ad
2736 5155 2910 5210 fontes
2944 5170 3229 5221 aquarum.
3306 5158 3371 5221 (‘)
3421 5155 3537 5208 Pro
3586 5165 3766 5218 “im,

547 5155 586 5219 ι)
630 5149 774 5224 llaec.
849 5154 929 5219 (α)
970 5151 1060 5217 Α.,
1108 5149 1345 5206 laudate.
1425 5154 1504 5222 (ac)
1543 5153 1634 5216 A.,
1675 5168 1705 5206 λ
1746 5153 1934 5224 foveis.
2015 5156 2090 5224 (y)
2132 5157 2220 5220 Α.,
2255 5158 2448 5211 ducam
2489 5172 2584 5211 eos
2621 5149 2701 5210 ad.
2736 5155 2910 5210 fontes
2944 5149 3229 5222 aquarum.
3306 5158 3371 5222 (‘)
3421 5155 3537 5208 Pro
3586 5165 3768 5224 1m,

521 5222 1460 5296 con/irrigans,scribendumAputem
1501 5231 1705 5296 mm,
1737 5223 1994 5296 hospitari
2026 5222 2099 5294 fat

2205 5243 2243 5279 ς.
2295 5226 2556 5294 A’orberg.
2635 5226 2708 5296 (ι)
2746 5227 2831 5292 Α.,
2857 5234 2921 5296 et
2949 5225 3228 5296 roboravit
3258 5240 3406 5278 eum.
3439 5293 3452 5296 _
3489 5225 3568 5293 (ο)
3613 5223 3694 5287 8.,
3725 5227 3767 5274 in

521 5290 810 5344 altitudine
833 5289 1034 5344 Sionis.
1115 5289 1188 5360 (ὁ)
1230 5289 1312 5356 8.,
1337 5308 1499 5362 super
1530 5294 1732 5345 oleum.
1807 5292 1875 5362 (c)
1918 5289 2102 5359 A.,'nt
2148 5296 2337 5350 hortus
2374 5289 2653 5364 irrig'uusf
2689 5289 2790 5417 ἔτι)
2819 5289 2920 5360 Ἀ.,
2971 5295 3022 5347 in‘
3066 5303 3261 5360 turma,
3303 5302 3354 5346 et
3383 5289 3769 5357 adolescentes,

521 5368 575 5413 et
612 5375 769 5414 senes
801 5360 986 5413 simul.
1062 5362 1129 5417 ie)
1169 5361 1259 5417 Α..
1292 5372 1346 5415 et
1379 5363 1709 5416 consolabor
1735 5375 1850 5417 eos.
1879 5371 1933 5416 et
1965 5363 2248 5417 lietiticabo
2278 5379 2392 5417 eos.
2469 5365 2536 5417 (fl
2577 5365 2667 5417 A..
2756 5403 2792 5417 ..
2835 5364 3105 5417 canticum
3141 5363 3296 5417 ﬂetus
3322 5365 3764 5416 amaritudinum.

520 5368 586 5434 et
612 5375 769 5434 senes
801 5360 998 5434 simul.
1062 5362 1129 5428 (ε)
1169 5361 1259 5426 Α.,
1285 5372 1346 5434 et
1379 5360 1711 5434 consolabor
1723 5360 1933 5434 Aeos,'_et
1965 5363 2099 5417 lietifi

2205 5379 2248 5417 ιο
2278 5379 2392 5418 eos.
2469 5360 2536 5434 (Τ)
2577 5365 2667 5428 Α.,
2708 5360 2792 5428 8.,
2835 5364 3105 5419 canticum
3141 5363 3296 5418 fletus
3322 5365 3764 5416 amaritudinum.

544 5430 594 5504 gl
619 5429 1164 5504 A._,_cons_olationem
1184 5431 1429 5504 accipere
1460 5448 1620 5500 super
1643 5431 1766 5504 [illis
1791 5432 1927 5504 s_tns,
1947 5435 2072 5502 quia
2097 5449 2202 5504 non
2233 5443 2379 5487 sunt.
2457 5429 2533 5504 (ii)
2576 5434 2664 5495 A.,
2687 5443 2740 5485 et
2769 5443 3108 5487 revertentur
3135 5435 3226 5485 lilii
3258 5433 3311 5486 in
3332 5434 3621 5504 terminos
3637 5448 3768 5484 suos.

526 5496 646 5571 Th,
677 5499 901 5571 tiliiﬂtui.
980 5497 1040 5568 (i)
1080 5501 1169 5562 A.,
1201 5496 1608 5569 demigrantem.
1687 5499 1757 5570 (Ic)
1795 5501 1915 5568 Th.,
1957 5496 2062 5557 non
2086 5503 2332 5558 edoctus.
2410 5496 2474 5571 (ι)
2514 5496 2601 5568 Ἁ.,
2631 5513 2916 5571 postquam
2940 5517 3235 5556 conversus
3270 5503 3651 5570 fui,paenituit
3679 5515 3768 5552 ine.

523 5568 621 5638 (m)
643 5571 737 5643 3L,
770 5567 852 5631 8.,
879 5576 934 5643 et
959 5567 1246 5643 postquam
1275 5567 1524 5643 cognovi,
1546 5567 1720 5643 plausi
1742 5567 1919 5643 super
1937 5573 2076 5626 latus

2205 5589 2307 5627 tm.
2376 5567 2716 5643 (nilngemui
2739 5567 2906 5643 super
2930 5573 3118 5626 diebus
3139 5567 3520 5643 pudorisginei.
3554 5640 3578 5643 _
3599 5573 3671 5639 (ο)
3691 5571 3767 5628 Α..

521 5636 810 5710 pretiosus.
887 5636 972 5707 (pi
1011 5636 1092 5710 δῖ,
1131 5649 1216 5710 ex.
1295 5636 1366 5710 (ᾳ)
1409 5636 1594 5710 Sunt.
1644 5640 1712 5710 (r)
1754 5636 1842 5705 Α.,
1867 5651 2141 5696 commota
2167 5651 2292 5697 sunt
2323 5636 2678 5698 viscera'mea
2703 5641 2750 5693 ei
2787 5636 3155 5710 z'iniserando:
3175 5640 3507 5695 miserabor.
3539 5636 3624 5704 8.,
3653 5636 3768 5693 con-

523 5708 737 5781 turbata
761 5716 889 5781 sunt
909 5723 1034 5781 vasa
1054 5708 1308 5781 interiora
1330 5709 1388 5776 (ἰ.
1407 5723 1455 5781 θ.
1481 5708 1872 5781 mediastinum)
1897 5727 2014 5765 mea
2039 5727 2099 5764 su

2221 5727 2308 5767 eo.
2373 5712 2440 5781 (ε)
2475 5711 2854 5764 Visitavieum.
2915 5714 2979 5778 (t)
3008 5713 3096 5775 Α.,
3122 5708 3536 5777 8.,speculam.
3592 5710 3766 5779 (u)A.,

522 5775 934 5832 amaritudines.
962 5776 1046 5844 8.,
1075 5775 1346 5834 semitam.
1423 5780 1500 5850 (π)
1524 5782 1612 5847 Α.,
1644 5779 1772 5835 dum
1804 5781 2060 5836 crucifixa
2086 5775 2165 5838 es.
2244 5782 2318 5854 (ν)
2358 5775 2444 5847 AI,
2478 5782 2562 5848 8.,
2592 5782 2646 5834 in
2683 5781 2787 5845 via,
2828 5775 2934 5849 qua
2960 5781 3160 5844 abiisti,
3192 5775 3484 5836 revertere.

1737 5223 1994 5294 hospitari
2026 5223 2243 5294 faciens.
2295 5226 2556 5294 A’orberg.
