3902 6540
97 479 225 534 Ξῦὅῗῖ

97 587 292 651 abisti,
328 589 398 655 Χ
424 597 716 649 revertere,
746 587 900 658 virgo
935 586 1149 642 lsraelis
1188 587 1211 655 1
1250 605 1262 640 :

97 681 252 736 urbes
273 687 402 734 tuas
433 679 640 749 lugens.
669 679 760 733 22.
795 677 1093 747 Usquequo
1116 678 1190 747 (z)
1225 677 1535 743 reverteris,
1561 677 1670 731 lilia

97 771 388 841 despecta?
433 772 562 842 quia
595 772 801 826 creavit
839 769 1101 824 Dominus
1132 769 1364 824 salutem
1404 782 1465 822 οξ-
1511 767 1589 837 (α)
1617 767 1670 820 in

99 863 486 932 plantationem
529 864 551 930 1
590 877 785 916 novam
813 879 827 915 :
861 859 916 914 in
949 861 1124 915 salute
1149 859 1460 915 circuibunt
1492 859 1671 913 homi-

97 969 202 1008 nes.
227 953 323 1007 εδ.
353 951 447 1006 Sic
465 953 600 1006 dixit
632 951 896 1006 Dominus
925 953 992 1017 )a(
1023 951 1282 1003 virtutum
1319 949 1461 1004 Deus
1503 949 1676 1003 lsrae-

97 1044 198 1111 lis1
224 1061 237 1098 :
267 1043 464 1097 Adhuc
496 1043 678 1097 dicent
715 1054 1027 1096 sermonem
1057 1041 1203 1094 hunc
1235 1039 1288 1093 in
1327 1048 1469 1093 terra
1501 1037 1673 1102 Judte,

97 1146 140 1189 et
177 1135 234 1188 in
286 1135 518 1188 urbibus
555 1132 710 1202 ejus,
755 1132 975 1200 quando
1010 1130 1281 1184 reduxero
1320 1128 1676 1197 demigratio-

97 1240 211 1279 nem
241 1224 368 1294 ejus
400 1241 414 1277 :
449 1223 524 1293 (b)
574 1223 896 1277 Benedictus
930 1221 1194 1276 Dominus
1238 1235 1400 1288 super
1435 1227 1674 1272 montem

97 1318 296 1389 justum
323 1326 576 1371 sanctum
605 1315 725 1385 ejus
754 1331 767 1368 :
799 1314 890 1367 Ἡ.
921 1317 990 1381 (r)
1013 1321 1066 1368 et
1091 1312 1184 1382 qui
1221 1311 1470 1365 habitant
1501 1310 1554 1363 in
1582 1309 1676 1364 Ju-

99 1409 230 1471 d183,
285 1415 340 1462 et
393 1407 448 1461 in
497 1405 646 1460 omni
695 1407 830 1459 urbe
873 1403 1030 1474 ejus,
1069 1417 1194 1458 cum
1223 1401 1460 1472 agricola
1491 1410 1545 1455 et
1571 1400 1679 1454 elc—

98 1498 311 1552 rabitur
377 1497 432 1550 in
507 1511 687 1565 grege.
759 1494 851 1549 25.
930 1492 1068 1558 Quia
1123 1490 1386 1546 inebriavi
1460 1505 1677 1544 omnem

99 1590 335 1644 animam
376 1587 673 1652 sitientem,
717 1593 771 1639 et
813 1600 1030 1640 omnem
1065 1585 1304 1637 animam
1348 1583 1678 1638 esurientem

97 1680 363 1735 saturavi.
417 1677 507 1732 26.
559 1675 788 1745 Propter
836 1676 942 1729 hoc
984 1671 1396 1743 expergefactus
1437 1688 1583 1734 sum,
1628 1679 1683 1725 et

97 1771 249 1824 vidi:
307 1777 364 1823 et
422 1783 648 1823 somnus
699 1781 852 1821 meus
898 1765 1100 1820 attulit'
1134 1765 1469 1834 voluptatem
1521 1764 1676 1818 mihi.

95 1860 180 1915 27.
213 1859 359 1913 Ecce
396 1858 514 1913 dies
547 1855 793 1920 veniunt,
825 1855 957 1909 dicit
995 1857 1277 1916 Dominus.
1320 1866 1374 1909 et
1400 1855 1681 1909 seminabo

1307 469 1624 526 JEREMIIE
1650 469 1898 527 CAPUT
1939 469 2152 527 XXX".

1302 593 1580 640 revertere
1605 585 1671 640 ad
1702 589 1747 648 Α
1775 601 1895 641 esse
1925 601 2056 656 gens
2093 595 2219 641 ante
2255 584 2445 639 faciem
2486 601 2660 640 meam
2689 586 2945 644 omnibus
2974 589 3188 645 diebus.
3228 589 3352 645 Haec

3249 473 3351 532 554

1777 679 1908 732 dicit
1938 678 2198 733 Dominus
2239 696 2253 732 :
2285 678 2374 732 57.
2413 677 2473 748 (ι)
2503 679 2560 733 Si
2582 680 2851 734 elevatum
2880 680 3038 735 fuerit
3070 683 3264 736 ctelum
3297 682 3350 734 in

1777 769 2010 824 sublime
2043 777 2096 822 et
2128 768 2173 822 si
2208 768 2528 838 depressum
2565 770 2726 823 fuerit
2775 771 3140 840 pavimentum
3192 781 3352 826 terra:

1776 858 2054 921 deorsum;
2077 857 2241 911 etiam
2264 873 2366 927 ego
2385 873 2492 910 non
2517 860 2814 927 reprobabo
2838 864 2902 928 Ἀ(
2932 877 3092 914 omne
3120 861 3142 929 1
3178 877 3348 931 genus

1777 945 2016 1012 lsraelis,
2040 962 2136 1016 pro
2163 947 2440 1011 omnibus,
2473 962 2594 1014 qua:
2617 949 2875 1012 fecerunt,
2901 951 3031 1004 dicit
3067 949 3347 1004 Dominus.

1777 1039 1866 1095 38.
1892 1037 2028 1092 Ecce
2049 1039 2166 1092 dies
2191 1039 2432 1103 veniunt,
2458 1039 2589 1093 dicit
2609 1038 2891 1104 Dominus,
2917 1052 2969 1094 et
2999 1041 3354 1096 aedificabitur

1778 1131 1910 1184 urbs
1936 1129 2170 1183 Domino
2192 1143 2222 1183 a
2247 1137 2397 1184 turre
2420 1129 2697 1185 Hananael
2720 1147 2892 1201 usque
2923 1132 2988 1186 ad
3020 1143 3228 1202 portam
3253 1148 3353 1186 an-

1779 1221 1914 1290 guli,
1949 1219 2037 1274 39.
2064 1227 2117 1274 et
2157 1219 2324 1274 exibit
2360 1221 2427 1287 Χ
2451 1220 2629 1274 adhuc
2654 1219 2750 1290 (νη)
2777 1235 2899 1290 spes
2929 1220 2978 1290 1,
3005 1231 3059 1276 et
3087 1222 3355 1278 dimensio

1779 1315 1897 1383 ejus
1925 1327 2109 1367 coram
2133 1311 2213 1366 eis
2243 1327 2416 1380 usque
2448 1312 2511 1365 ad
2535 1312 2730 1366 collem
2757 1313 2931 1368 Gareb
2962 1330 2975 1366 :
3019 1321 3072 1367 et
3113 1315 3358 1385 cingetur

1770 1405 1835 1470 in
1866 1403 2098 1458 circuitu
2133 1418 2196 1456 ex
2232 1402 2503 1471 lapidibus
2535 1401 2613 1472 (η)
2644 1402 2868 1468 electis;
2897 1402 2987 1458 40.
3024 1404 3090 1472 3⁸(
3116 1412 3169 1457 et
3198 1417 3358 1459 omne

1781 1493 2110 1564 profundum
2135 1491 2208 1563 (ο)
2239 1493 2435 1547 domus
2455 1491 2715 1563 Fagadim
2745 1492 2768 1560 1
2794 1495 2880 1563 ('),
2915 1493 2990 1563 (ρ)
3019 1504 3072 1549 et
3099 1495 3355 1558 cinerem.

1780 1594 1836 1639 et
1863 1599 2080 1639 omnem
2111 1583 2421 1638 Asarimoth
2455 1599 2630 1655 usque
2678 1585 2744 1638 ad
2791 1595 3088 1641 torrentem
3120 1587 3357 1654 Cedron,

1783 1691 1958 1744 usque
1983 1676 2047 1729 ad
2072 1676 2329 1745 angulum
2356 1685 2522 1746 porta:
2543 1691 2806 1745 equorum
2839 1677 2912 1745 (ᾳ)
2949 1677 3195 1741 orientis,
3233 1693 3361 1732 san-

1783 1767 2051 1821 ctuarium
2086 1765 2336 1830 Domino,
2370 1777 2424 1820 et
2463 1781 2568 1820 non
2606 1766 2839 1836 amplius
2861 1766 3141 1834 evelletur,
3184 1782 3358 1836 neque

1783 1857 2094 1910 destruetur
2134 1872 2308 1925 usque
2331 1857 2385 1910 in
2423 1858 2703 1912 saeculum.

97 1956 162 2019 Χ
197 1951 426 2005 domum
457 1948 691 2011 lsraelis,
726 1955 780 2002 et
813 1947 836 2015 1
882 1949 1102 2001 domum
1139 1945 1312 2009 Judae,
1354 1961 1539 2001 semen
1581 1946 1679 2000 bo-
1713 1941 1752 1994 Β
1851 1950 2004 2005 CAP.
2039 1950 2333 2004 XXXII.—
2365 1954 2412 2006 1.
2457 1951 2715 2020 Verbum,
2752 1954 2898 2025 quod
2932 1953 3132 2009 factum
3168 1964 3250 2008 est
3289 1955 3354 2008 ad

96 2058 250 2106 num,
285 2050 342 2096 et
370 2055 554 2096 semen
587 2040 848 2109 jumenti.
879 2038 970 2092 28.
1025 2039 1088 2093 Et
1121 2041 1242 2100 erit,
1276 2039 1419 2092 sicut
1449 2037 1680 2106 vigilans

98 2133 171 2187 fui
200 2147 373 2200 super
397 2146 492 2186 eos
523 2134 590 2198 λι(
629 2131 696 2184 ad
729 2129 1162 2197 exstirpandum,
1203 2136 1257 2183 et
1294 2127 1359 2181 ad
1394 2129 1682 2182 destruen-

93 2225 245 2287 dum,
288 2229 345 2278 et
377 2221 428 2290 1,
459 2222 527 2276 ad
563 2221 937 2285 evertendum,
972 2222 1041 2288 χ
1069 2230 1122 2274 et
1149 2217 1215 2272 ad
1258 2218 1592 2289 perdendum
1631 2219 1678 2286 1,

93 2324 144 2368 et
180 2314 252 2368 ad
296 2314 439 2368 male
483 2311 830 2377 faciendum;
870 2312 952 2367 sic
985 2311 1222 2381 vigilabo
1255 2325 1420 2378 super
1449 2325 1564 2368 eos.
1615 2309 1682 2362 ad

91 2407 557 2472 aediﬁcandum,et
581 2403 647 2458 ad
681 2404 1061 2473 plantandum,
1083 2402 1215 2456 dicit
1240 2399 1681 2456 Dominus.29.ln

92 2496 288 2551 diebus
319 2485 443 2550 istis
467 2507 575 2547 non
605 2492 789 2546 dicent
813 2492 1080 2561 amplius:
1109 2489 1304 2544 Patres
1325 2490 1681 2543 comederunt

92 2601 227 2641 uvas
279 2584 547 2648 acerbas,
607 2591 661 2638 et
718 2583 908 2638 dentes
967 2581 1204 2636 ﬁliorum
1265 2582 1679 2648 obstupuerunt.

91 2675 180 2730 50.
211 2672 323 2728 Sed
351 2672 728 2742 unusquisque
767 2671 822 2725 in
880 2681 1105 2741 peccato
1147 2685 1248 2724 suo
1303 2670 1585 2732 morietur,
1615 2669 1683 2735 3K

96 2767 175 2835 (ά)
207 2765 396 2819 omnis
425 2764 591 2818 homo
621 2765 668 2832 1,
711 2772 764 2817 et
804 2762 897 2831 qui
931 2761 1230 2818 comederit
1261 2777 1397 2815 uvas
1435 2760 1680 2824 acerbas,

91 2856 488 2922 obstupescent
535 2853 732 2908 dentes
779 2853 918 2922 ejus.
973 2853 1062 2907 51.
1095 2850 1237 2907 Ecce
1276 2853 1394 2907 dies
1438 2851 1680 2917 veniunt,

90 2945 222 3024 dicit
266 2943 557 3007 Dominus,
590 2953 644 2998 et
687 2944 756 3014 (ε)
799 2944 1086 3014 disponam
1128 2944 1311 2998 domui
1359 2943 1600 3004 lsraelis,
1628 2952 1683 2996 et

88 3036 277 3091 domui
313 3033 467 3092 ludat
499 3036 566 3107 (r)
589 3035 769 3092 foedus
795 3051 1017 3101 novum,
1043 3036 1134 3101 52,
1162 3053 1271 3090 non
1290 3037 1446 3107 juxta
1472 3036 1672 3098 foedus,

87 3125 236 3193 quod
292 3125 540 3194 disposui
579 3125 828 3194 patribus
870 3139 1062 3179 eorum
1095 3124 1150 3178 in
1193 3125 1302 3187 die,
1341 3140 1464 3179 cum
1491 3138 1684 3193 appre-

85 3213 253 3268 uendi
300 3227 527 3267 manum
564 3227 778 3276 eorum,
810 3213 878 3266 ad
918 3210 1260 3267 educendum
1293 3227 1389 3267 eos
1415 3227 1484 3267 ex
1536 3221 1680 3266 terra

85 3301 338 3373 Egypti;
369 3303 498 3372 quia
534 3303 609 3356 illi
656 3316 766 3356 non
805 3308 1126 3356 manserunt
1179 3303 1236 3356 in
1281 3301 1486 3357 findere
1534 3313 1678 3368 meo,

81 3394 254 3448 etiam
289 3408 394 3463 ego
423 3392 634 3463 neglexi
661 3406 777 3456 eos,
809 3391 944 3446 dicit
973 3390 1256 3446 Dominus.
1289 3393 1378 3447 '53.
1414 3391 1555 3458 Quia
1582 3393 1685 3447 hoc

79 3484 294 3547 fwdus,
331 3482 480 3552 quod
515 3483 806 3554 disponam
837 3483 1029 3538 domui
1058 3483 1293 3547 lsraelis,
1323 3483 1396 3553 (g)
1428 3485 1684 3553 postdies

79 3586 247 3640 istos,
283 3575 424 3630 dicit
445 3574 709 3630 Dominus
741 3593 754 3628 :
801 3575 878 3644 (It)
917 3575 1064 3644 quod
1096 3575 1236 3630 dabo
1269 3575 1416 3646 leges
1451 3591 1604 3631 meas
1629 3576 1683 3630 in

79 3672 336 3720 mentem
367 3679 587 3729 eorum,
617 3672 672 3720 et
697 3667 766 3732 »ζ
803 3679 966 3734 super
999 3672 1216 3735 pectore
1240 3665 1262 3732 ζ
1289 3666 1468 3721 cordis
1495 3682 1684 3721 eorum

76 3759 333 3814 scribam
366 3772 461 3812 eas
490 3776 504 3811 :
535 3765 591 3811 et
625 3772 719 3812 ero
747 3757 827 3812 eis
853 3757 906 3810 in
934 3758 1123 3821 Deum,
1167 3766 1220 3812 et
1253 3758 1328 3810 illi
1357 3767 1518 3811 erunt
1552 3757 1686 3810 mihi

77 3849 138 3904 in
202 3847 501 3919 populum.
551 3845 644 3901 54.
708 3845 776 3901 Et
828 3863 939 3901 non
989 3846 1264 3901 docebunt
1304 3850 1370 3915 )t(
1424 3849 1618 3902 iterum
1659 3848 1681 3914 1

79 3939 485 4009 unusquisque
527 3938 749 3993 fratrem
783 3953 968 4001 suum,
999 3945 1054 3992 et
1087 3938 1468 4008 unusquisque
1503 3939 1689 4007 proxi-

75 4045 240 4084 mum
275 4043 465 4091 suum,
496 4029 686 4084 dicens
721 4047 734 4082 :
762 4027 940 4084 Nosce
978 4027 1301 4093 Dominum;
1342 4030 1471 4098 quia
1497 4045 1688 4085 omnes

84 4125 446 4189 cognoscent
486 4133 573 4172 me
614 4132 645 4171 a
689 4132 857 4187 parvo
898 4133 1087 4172 eorum
1130 4134 1304 4188 usque
1332 4119 1397 4173 ad
1429 4135 1688 4190 magnum

73 4224 318 4276 eorum,
347 4211 417 4277 Χ
446 4209 580 4264 dicit
607 4208 872 4264 Dominus
905 4210 928 4277 1
962 4228 975 4263 :
1005 4210 1264 4278 quoniam
1295 4211 1566 4280 propitius
1593 4226 1690 4266 ero

75 4299 485 4369 iniquitatibus
513 4314 729 4362 eorum,
767 4309 821 4352 et
846 4309 1196 4368 peccatorum
1229 4316 1420 4355 eorunt
1455 4317 1562 4356 non
1591 4317 1691 4356 re-

73 4391 375 4448 cordabor
405 4391 659 4460 amplius.
685 4390 774 4445 55.
811 4389 902 4444 Sic
931 4389 1072 4444 dixit
1109 4390 1391 4457 Dominus,
1423 4393 1516 4461 qui
1545 4393 1692 4448 dedit

82 4484 280 4540 solem
310 4482 366 4536 in
398 4481 580 4536 lumen
616 4482 743 4545 diei,
779 4484 844 4549 Ἃ(
877 4482 938 4551 (i)
963 4483 1017 4536 in
1047 4491 1307 4537 statutum
1341 4483 1388 4550 1,
1412 4483 1599 4537 lunam
1637 4492 1692 4538 et

1783 2039 2073 2094 Jeremiam
2107 2058 2137 2095 a
2188 2041 2416 2095 Domino
2439 2043 2493 2095 in
2521 2058 2665 2097 anno
2692 2042 2906 2097 decimo
2947 2043 3184 2098 Sedecia:
3216 2043 3358 2112 regis

1781 2125 1933 2183 Iuda:
1971 2149 1982 2182 :
2023 2130 2111 2184 hic
2137 2143 2314 2185 annus
2343 2140 2568 2185 octavus
2593 2132 2839 2188 decimus
2878 2135 2946 2202 Ἀ(
2979 2148 3156 2186 annus
3192 2131 3215 2200 1
3247 2131 3354 2186 Na-

1781 2219 2270 2284 buchodonosoris,
2295 2221 2406 2290 regi
2435 2222 2549 2289 (sic)
2573 2221 2883 2293 Babylonis.
2907 2223 2963 2276 2.
2993 2221 3058 2276 Et
3085 2225 3151 2290 )K
3181 2231 3309 2276 tunc
3333 2223 3356 2289 1

1783 2319 2025 2378 potestas
2049 2310 2189 2378 regis
2223 2309 2511 2380 Babylonis
2542 2312 2608 2381 (r)
2636 2310 2763 2366 fecit
2793 2313 2967 2368 fossas
3005 2329 3167 2382 super
3196 2311 3358 2367 Jeru-

1784 2404 1954 2456 salem
1995 2421 2007 2456 :
2054 2409 2113 2456 et
2135 2400 2366 2455 Jeremia
2402 2405 2466 2469 )t(
2504 2404 2810 2472 proplteta1
2845 2405 3254 2458 custodiebatur
3303 2404 3355 2456 in

1783 2492 1925 2545 atrio
1974 2492 2246 2553 carceris,
2283 2493 2376 2560 qui
2422 2502 2505 2546 est
2556 2496 2607 2547 in
2652 2496 2818 2549 domo
2859 2497 3002 2564 regis
3034 2498 3099 2562 χ(
3132 2493 3284 2548 Judzn
3330 2494 3352 2564 1

1784 2581 1836 2634 5.
1869 2581 1920 2632 in
1955 2596 2064 2649 quo
2109 2580 2380 2634 clauserat
2420 2597 2543 2636 eum
2586 2580 2808 2638 Sedecia
2849 2598 2943 2639 rex
3001 2587 3067 2650 χ(
3112 2582 3264 2637 ιιιόεε
3307 2585 3354 2653 1,

1783 2673 1970 2728 dicens
1998 2689 2011 2725 :
2048 2671 2228 2737 Quare
2259 2683 2312 2726 tu
2342 2674 2672 2743 pi-Ophetas?
2703 2675 2889 2730 dicens
2917 2694 2928 2729 :
2965 2675 3054 2730 Sic
3084 2675 3218 2729 dixit
3249 2673 3358 2730 Do-

1783 2764 1998 2818 minus:
2029 2763 2164 2818 Ei'ce
2193 2778 2292 2832 ego
2324 2766 2392 2818 do
2421 2768 2488 2832 Χ
2518 2766 2617 2837 τὴν
2645 2766 2667 2832 1
2710 2767 2898 2822 urbem
2936 2767 3077 2822 hanc
3106 2769 3156 2820 in
3191 2784 3356 2822 manu

1787 2853 1926 2922 regis
1954 2851 2265 2922 Babylonis,
2300 2863 2354 2907 et
2378 2855 2553 2923 capiet
2577 2871 2719 2909 eam.
2745 2856 2797 2910 4.
2829 2857 2895 2910 Et
2922 2856 3144 2912 Sedecia
3175 2861 3241 2926 ζα(
3263 2874 3356 2912 rex

1782 2941 1986 3010 Judaa1
2027 2959 2133 2998 non
2184 2945 2482 3000 salvabitur
2518 2962 2545 3000 a
2589 2963 2753 3002 mauu
2791 2948 3167 3005 Chaldaaorum
3192 2969 3205 3017 ;
3229 2951 3359 3019 quia

1769 3033 2044 3087 tradendo
2079 3036 2320 3090 tradetur
2360 3035 2412 3089 in
2450 3052 2648 3093 manus
2691 3039 2832 3110 regis
2860 3039 3174 3110 Babylonis,
3201 3051 3255 3094 et
3283 3041 3360 3094 lo-

1783 3133 1981 3192 quetur
2005 3139 2065 3178 os
2088 3125 2206 3193 ejus
2230 3126 2296 3180 ad
2327 3142 2388 3181 os
2413 3127 2578 3193 illius,
2616 3136 2672 3183 et
2709 3130 2850 3184 oculi
2874 3129 2992 3199 ejus
3017 3131 3204 3185 oculos
3240 3131 3360 3200 ejus

1783 3215 2044 3268 videbunt
2075 3234 2086 3268 :
2121 3216 2173 3269 5.
2208 3225 2261 3270 et
2285 3217 2336 3270 in
2379 3217 2704 3290 Babylonem
2732 3221 2799 3292 (ε)
2850 3221 3071 3275 intrabit
3113 3221 3358 3284 Sedecia,

1784 3312 1837 3357 et
1863 3304 1933 3357 ibi
1967 3305 2031 3374 (t)
2077 3305 2328 3386 sedebit,‘
2356 3309 2422 3375 Ἃ(
2466 3308 2639 3363 donec
2693 3311 2990 3365 visitavero
3033 3326 3181 3372 eum,
3231 3311 3363 3364 dicit

1784 3393 2070 3461 Dominus;
2095 3397 2222 3466 quia
2258 3385 2335 3467 (ul
2377 3398 2422 3452 si
2454 3401 2774 3468 pugnaverit
2801 3414 2921 3453 cum
2953 3399 3245 3465 Chaldaeis,
3282 3385 3384 3470 (ετ)

1785 3503 1894 3542 non
1920 3499 2066 3544 recte
2091 3492 2281 3560 agetis.
2314 3490 2368 3545 6.
2401 3490 2466 3545 Et
2491 3491 2628 3546 dixit
2653 3491 2888 3546 Jeremia
2918 3493 2940 3562 1
2983 3511 2996 3546 :
3028 3490 3254 3546 Factum
3280 3499 3365 3547 est

1786 3579 2012 3633 verbum
2044 3579 2262 3634 Domini
2307 3582 2374 3635 ad
2419 3597 2524 3644 me,
2576 3583 2765 3637 dicens
2800 3581 2836 3634 ε’
2864 3582 2914 3634 7.
2947 3581 3084 3637 Ecce
3115 3582 3362 3636 Nahmail

1787 3668 1931 3723 filius
1971 3667 2154 3724 Salom
2192 3671 2377 3726 fratris
2410 3673 2582 3740 patris
2617 3674 2696 3725 tui
2739 3673 2886 3726 venit
2916 3673 2982 3727 ad
3029 3681 3098 3737 te,
3134 3673 3318 3726 dicens
3341 3690 3362 3728 :

1786 3759 2010 3814 Posside
2047 3760 2140 3814 tibi
2181 3775 2371 3829 agrum
2416 3765 2484 3829 Χ
2525 3777 2706 3815 meum
2745 3761 2791 3829 1,
2831 3763 2921 3830 qui
2969 3763 3022 3815 in
3061 3762 3363 3827 Anathoth,

1789 3849 1916 3918 quia
1943 3850 2017 3919 (y)
2049 3849 2143 3904 tibi
2171 3850 2261 3920 jus
2298 3855 2362 3918 Ἀ(
2391 3852 2767 3920 propinquitas
2805 3853 3018 3922 generis
3058 3854 3079 3920 1
3118 3853 3184 3905 ad
3222 3852 3363 3906 acci-

1788 3940 2046 4008 piendum
2081 3941 2508 4009 possessionem.
2542 3942 2594 3996 8.
2640 3942 2706 3996 Et
2738 3943 2883 3996 venit
2908 3942 2973 3997 ad
3016 3958 3099 3995 me
3127 3955 3187 3998 σι-
3217 3943 3364 3997 Nah-

1791 4034 1920 4090 mail
1959 4033 2102 4088 filius
2136 4033 2317 4088 Salom
2349 4033 2372 4102 1
2409 4033 2592 4089 fratris
2623 4034 2791 4104 patris
2816 4035 2942 4101 mei,
2969 4035 3208 4105 Xjuxta
3245 4053 3363 4090 ver-

1790 4127 1917 4182 bum
1959 4125 2007 4193 1,
2042 4125 2094 4178 in
2123 4126 2320 4179 atrium
2352 4125 2607 4192 carceris,
2644 4134 2698 4181 et
2735 4126 2874 4180 dixit
2913 4127 3046 4180 mihi
3084 4146 3096 4180 :
3142 4126 3363 4182 Posside

1791 4216 1860 4282 χ
1889 4227 2033 4267 nunc
2070 4211 2093 4280 1
2144 4227 2335 4281 agrum
2377 4226 2580 4274 meum,
2615 4213 2707 4282 qui
2746 4212 3135 4276 in'Anathotb,
3174 4215 3264 4282 (μή
3314 4215 3362 4267 in

1793 4313 1935 4358 terra
1967 4300 2281 4371 Benjamiu;
2320 4302 2445 4370 quia
2495 4302 2589 4355 tibi
2629 4302 2881 4356 convenit
2911 4302 3184 4372 possidere
3212 4303 3280 4370 )t(
3312 4303 3362 4356 in

1791 4392 2184 4456 hereditatem,
2216 4400 2271 4446 et
2301 4399 2359 4444 tu
2389 4391 2573 4446 senior
2595 4405 2673 4456 es,
2705 4392 2924 4461 posside
2951 4407 3074 4447 eum
3105 4403 3158 4447 tu
3193 4393 3287 4447 tibi
3315 4393 3362 4462 1.

1791 4482 1859 4536 Et
1887 4481 2139 4552 cognovi,
2163 4480 2306 4549 quod
2343 4481 2568 4534 verbum
2600 4479 2815 4534 Domini
2840 4490 2924 4535 est
2955 4499 2969 4535 :
2997 4481 3029 4535 9
3060 4491 3112 4536 et
3139 4479 3362 4536 Possedi

70 4573 291 4628 stellas
321 4572 380 4626 in
404 4573 589 4626 lumen
617 4572 816 4636 noctis,
845 4571 920 4642 (It)
957 4581 1011 4626 et
1034 4573 1326 4627 clamorem
1357 4572 1410 4626 in
1441 4589 1612 4638 mare,
1634 4581 1689 4627 et
1720 4585 1764 4641 1)
1793 4587 1983 4642 agrum
2015 4573 2081 4638 »ξ
2104 4585 2131 4622 a
2163 4569 2410 4623 Nabmail
2443 4570 2465 4638 1
2496 4570 2605 4624 tilio
2634 4570 2818 4626 fratris
2841 4572 3012 4642 patris
3040 4573 3167 4635 mei,
3191 4572 3364 4642 )(qui
3443 4576 3445 4578 ’

69 4669 501 4734 obstupuerunt
545 4664 746 4719 fluctus
795 4664 964 4734 ejus;
1025 4663 1292 4717 Dominus
1339 4663 1684 4731 omnipotens

69 4771 297 4810 nomen
318 4755 391 4809 ei.
414 4755 504 4809 56.
531 4753 590 4809 Si
611 4755 944 4811 cessaverint
971 4754 1115 4823 leges
1142 4756 1222 4808 ba:
1244 4755 1311 4806 ab
1334 4762 1458 4807 ante
1488 4753 1683 4808 faciem

67 4863 301 4914 meam,
337 4846 474 4902 dicit
498 4845 783 4914 Dominus;
807 4847 972 4901 etiam
1003 4861 1176 4915 genus
1200 4843 1418 4899 lsraelis
1450 4846 1686 4901 cessabit

1791 4661 1846 4715 in
1880 4658 2158 4714 Anathotb
2194 4659 2240 4726 1,
2279 4667 2335 4712 et
2361 4659 2593 4728 appendi
2639 4660 2689 4714 ei
2732 4669 3010 4730 argentum
3052 4673 3256 4729 septem
3293 4661 3364 4732 (ι)

1791 4754 1980 4815 siclos,
2013 4761 2066 4805 et
2089 4752 2277 4804 decem
2311 4751 2520 4820 argenti
2554 4769 2567 4805 :
2608 4751 2694 4806 l0.
2730 4763 2783 4806 et
2821 4752 3015 4821 scripsi
3049 4752 3101 4806 in
3146 4754 3364 4820 librum,

1790 4855 1844 4900 et
1863 4843 2114 4914 sigillavi,
2136 4854 2188 4897 et
2218 4842 2404 4898 testari
2429 4841 2529 4898 feci
2554 4853 2738 4910 testes,
2760 4853 2813 4899 et
2832 4846 3061 4914 appendi
3086 4856 3366 4917 argentum

149 5103 237 5174 (ι)
268 5101 358 5166 Α..
387 5075 710 5174 deprimeris
727 5099 786 5174 in
816 5097 1166 5174 profundum,
1197 5096 1325 5174 dum
1353 5110 1541 5150 aversa
1566 5109 1649 5149 es.
1711 5095 1788 5174 (tt)
1813 5095 2285 5174 Feminanovain
2315 5105 2456 5174 terra
2573 5094 2748 5174 salute
2776 5093 3365 5174 circumdabitvirum.

65 5178 162 5232 8..

63 5390 160 5455 th)
219 5382 376 5434 Dabo
405 5383 573 5455 legem
606 5395 804 5434 meam.

883 5379 942 5446 (ἱ)
979 5381 1068 5442 A.,
1097 5385 1358 5428 statutum
1403 5375 1556 5446 ΙιμιιίιεΔ
1577 5382 1630 5426 et
1667 5375 1966 5426 stellarum.

220 5162 280 5228 in
304 5162 675 5226 terra-femina
693 5162 1050 5222 circumdabit
1070 5162 1372 5221 masculum
1401 5181 1624 5217 novum.
1704 5165 1777 5229 (ὁ)
1802 5167 1890 5228 A.,
1919 5166 2002 5223 8..
2039 5166 2322 5219 benedicat
2351 5166 2466 5225 tibi,
2493 5164 2742 5228 Domine,
2779 5162 3033 5216 habitans
3058 5164 3109 5216 in
3134 5165 3368 5233 jnstitia.

64 5255 146 5308 (ε)
189 5246 234 5297 Α
253 5283 295 5305 .,
313 5250 369 5296 et
387 5241 707 5293 ltabilabunt
730 5240 780 5292 in
801 5255 862 5293 ea
880 5237 1042 5303 Julia,
1076 5245 1130 5291 et
1159 5252 1348 5290 omnes
1373 5235 1532 5308 urbes
1554 5237 1691 5308 ejus.
1715 5233 1798 5300 8.,
1824 5237 1982 5308 simul
2012 5236 2263 5308 agricola
2278 5240 2606 5308 etductores
2631 5247 2877 5302 gregum.

65 5304 479 5378 brutiinis,qui
503 5311 801 5364 comederit
821 5325 954 5362 uvas
976 5309 1220 5360 acerbas.
1301 5308 1369 5372 (ε)
1391 5307 1500 5378 ’ΔΑη
1527 5304 1792 5378 excidam.
1818 5304 1904 5367 8.,
1923 5304 2220 5378 perﬁciam.
2300 5305 2365 5374 (Ῑ)

2957 5234 3035 5303 (d)
3191 5234 3368 5286 omnis

2390 5305 2476 5364 A.,
2507 5303 2590 5368 S.,
2617 5301 2902 5357 statutum.
2970 5301 3056 5372 ’(g)
3078 5301 3138 5356 Et
3159 5303 3367 5355 domui.

2047 5374 2119 5452 (k)
2161 5380 2251 5438 Α.,
2285 5376 2481 5452 sedans
2524 5389 2692 5428 mare.
2740 5374 2968 5452 _(f).A.,
3006 5374 3048 5426 si
3085 5385 3368 5424 mensura-

64 5443 310 5510 lin'ntur
341 5443 540 5504 caelum
569 5464 812 5512 sursum,
853 5443 906 5501 et
927 5443 1399 5514 imestigabuntur
1431 5443 1782 5514 fundamenta
1830 5451 1986 5496 terra:
2031 5444 2322 5507 deorsum;
2359 5445 2527 5514 etiam
2569 5459 2668 5514 ego
2702 5443 2956 5514 abjiciam
2998 5456 3159 5514 omne
3184 5454 3366 5493 semen

63 5525 276 5581 ludas.
320 5519 538 5573 lsraelis
557 5560 571 5584 ,
594 5511 812 5586 propter
830 5517 1034 5586 omnia,
1055 5511 1170 5582 qua-
1193 5514 1455 5577 fecerunt,
1475 5514 1604 5586 dicit
1627 5511 1911 5586 Dominus.
1955 5513 2051 5586 (ut)
2077 5519 2178 5586 A.,
2199 5514 2376 5586 regula
2397 5513 2774 5586 dimensionis.
2804 5511 3050 5586 S.._funis
3070 5523 3364 5586 mensuras:

66 5599 166 5658 (η)
217 5590 313 5653 A.,
351 5589 530 5658 bouis.
611 5588 683 5654 (0)
724 5588 814 5652 A.,
850 5585 933 5658 8.,
962 5587 1305 5658 cadaverum.

1384 5575 1451 5652 Γ)
1479 5581 1580 5635 Pro
1613 5575 2121 5652 D3135,_Fagddim,
2155 5575 2292 5634 forte
2321 5581 2829 5647 legenduimnm
2881 5577 3154 5652 Ifagarim.
3189 5575 3367 5652 [Band

72 5644 312 5720 dubie,
339 5657 594 5712 hebraica
616 5644 763 5709 enim
798 5644 996 5709 veritas
1029 5655 1190 5706 habet
1221 5644 1679 5720 ῠνηλῄ.’[)ιιλειι.]
1759 5650 1833 5719 (p)
1867 5644 2079 5718 adipem
2109 5644 2503 5720 etomniaqua:
2523 5661 2648 5720 ante
2672 5653 2861 5706 urbem
2894 5644 3036 5720 (ife.
3065 5644 3364 5720 saga—ubis).

375 5729 428 5806 ip
462 5727 747 5806 orientem.
827 5723 1024 5806 (γλ-ξι,
1059 5723 1546 5806 _cireumde-de‘r_uut
1589 5713 1681 5775 urb

1783 5713 1799 5774 ’.
1859 5713 2075 5806 Δ(ε)Ἀ.¹,.
2113 5713 2468 5806 δηιόριξιξιόθι
2512 5719 2814 5806 sedeciam.
2862 5713 3364 5806 βρέτζβτξιξτξξε

65 5783 173 5872 δή
235 5783 326 5872 ξ..
359 5797 404 5872 si
441 5797 584 5849 enim
601 5783 983 5872 pugnaveritis
1007 5783 1268 5872 adversus
1291 5792 1594 5860 Chaldaeos,
1620 5806 1728 5846 non
1763 5783 1908 5847 recte
1931 5783 2130 5860 agetis.
2184 5783 2286 5859 '(x)
2318 5788 2437 5846 Non
2469 5799 2615 5847 recte
2645 5798 2784 5860 aget.
2860 5783 2944 5857 (υ)
2975 5783 3130 5852 Quod
3161 5785 3256 5842 tibi
3285 5792 3370 5841 est

59 5862 513 5945 promuquitas.
591 5862 668 5936 (ᾇ)
695 5862 808 5932 Ἀ.,
842 5862 926 5931 S.,
958 5869 1212 5918 stateres.
