3902 6466
527 304 598 359 25
608 303 675 361 59

1710 295 1931 350 CODEX
1975 295 2646 351 SYRO-IIEXAPLARIS.

3638 295 3775 352 2560

529 436 588 492 Si
621 435 684 508 (ι)
721 433 900 490 ftedus
933 446 1117 488 meum
1161 429 1270 486 diei
1317 437 1372 484 et
1421 429 1620 492 noctis,
1665 437 1866 485 statuta
1900 433 2022 486 cmli
2057 440 2111 485 et
2142 440 2180 492 Α
2216 431 2378 484 miam
2432 446 2461 483 a
2509 429 2761 492 Domino,
2801 428 2989 483 dicens
3024 447 3037 482 :
3089 428 3173 483 15.
3219 428 3312 484 Sic
3342 429 3481 483 dixit
3517 429 3779 488 Dominus

530 537 689 583 terra:
739 541 844 580 non
896 524 1166 586 ordinavi,
1204 521 1296 576 26.
1347 521 1512 575 etiam
1555 537 1737 577 semen
1793 523 2020 586 Jacobi,
2056 533 2110 579 et

532 617 774 682 Davidis,
815 617 958 671 servi
994 615 1122 678 mei,
1156 613 1479 683 reprobabo,
1513 624 1572 667 ut
1620 629 1727 668 non
1783 629 1996 668 sumam
2042 629 2109 668 ex

528 710 736 764 semine
787 707 907 777 ejus
961 707 1260 777 principem
1311 704 1376 758 ad
1437 720 1623 758 semen
1688 704 2004 766 Abrahami,
2054 712 2108 758 et

529 795 734 862 lsaaci,
779 804 834 850 ct
866 794 1089 858 Jacobi;
1137 796 1267 863 quia
1325 801 1638 848 convertam
1696 795 2105 849 conversionem

527 901 740 949 eorum,
770 895 825 940 et
849 885 1147 940 miserebor
1169 900 1382 939 eorum.

598 976 729 1046 Cap.
779 975 1095 1029 XXXIV.——
1119 977 1170 1028 l.
1202 973 1462 1035 Verbum,
1493 974 1635 1043 quod
1675 971 1872 1028 factum
1909 985 1992 1030 est
2030 977 2098 1028 ad

527 1065 814 1120 Jeremiam
837 1083 867 1121 a
901 1067 1162 1119 Domino:
1197 1075 1249 1120 et
1275 1064 1774 1118 Nabuchodonosor
1790 1082 1879 1120 rex
1918 1066 2095 1135 Baby-

529 1157 693 1219 lonis,
730 1167 784 1212 et.
827 1159 1009 1211 omnia
1057 1166 1241 1212 castra
1299 1158 1448 1223 ejus,
1504 1164 1560 1208 et
1596 1157 1777 1211 omnis
1813 1157 1909 1226 (m)
1961 1169 2105 1212 terra

530 1249 864 1318 principatus
897 1252 963 1316 Χ
990 1263 1182 1302 manus
1215 1247 1236 1314 1
1277 1247 1419 1316 ejus,
1462 1255 1514 1301 et
1559 1263 1751 1303 omnes
1783 1250 1968 1318 populi
2007 1265 2108 1317 pu-

529 1342 769 1410 gnabant
803 1356 967 1410 super
1023 1339 1350 1406 Jerusalem,
1393 1347 1448 1394 et
1485 1356 1649 1409 super
1711 1355 1902 1394 omnes
1943 1341 2107 1394 urbes

527 1427 699 1495 Iudae,
730 1432 917 1486 dicens
948 1449 961 1485 :
993 1431 1048 1484 2.
1085 1429 1176 1483 Sic
1209 1431 1348 1484 dixit
1387 1430 1653 1484 Dominus
1682 1431 1824 1486 Deus
1847 1432 2060 1485 lsraelis
2088 1447 2102 1485 :

530 1515 696 1582 Vade,
727 1521 796 1587 Χ
833 1519 920 1571 dic
961 1518 982 1585 1
1015 1518 1082 1571 ad
1117 1517 1404 1572 Sedeciam
1433 1534 1614 1588 regem
1658 1518 1833 1583 Judze,
1867 1528 1921 1573 et
1955 1519 2107 1574 dices

527 1611 577 1664 ei
608 1625 623 1662 :
659 1607 750 1664 Sic
781 1610 920 1663 dixit
945 1607 1210 1664 Dominus
1237 1628 1250 1663 :
1287 1617 1362 1678 (η)
1388 1609 1676 1665 Tradendo
1711 1611 1953 1665 tradetur
1974 1612 2106 1666 urbs

529 1700 646 1755 haec
680 1699 735 1754 in
776 1715 974 1754 manus
1020 1701 1163 1768 regis
1205 1699 1536 1772 Babylonis:
1571 1702 1644 1771 (ο)
1681 1709 1734 1756 et
1773 1702 1950 1767 capiet
1985 1717 2105 1756 eam

2217 521 2356 576 Deus
2394 521 2609 576 lsraelis
2641 539 2656 574 :
2690 520 2800 590 Ego
2826 520 3075 588 disposui
3111 520 3284 575 fmilus
3329 521 3396 576 ad
3443 530 3625 589 patres
3654 537 3778 575 ves-

2211 624 2327 668 tros
2358 613 2410 666 in
2447 612 2555 673 die,
2613 626 2723 679 quo
2749 610 2820 680 (b)
2855 610 3027 679 eripui
3078 626 3173 664 eos
3203 626 3266 664 ex
3300 621 3447 665 terra
3478 608 3718 680 Egypti,
3746 627 3780 667 e

2208 706 2374 760 domo
2409 703 2710 766 servitutis,
2739 702 2928 756 dicens
2957 719 2972 756 :
3003 702 3069 755 M
3101 701 3172 770 (c)
3195 701 3330 754 Cum
3361 701 3622 770 completi
3659 704 3775 756 fue-

2210 797 2319 850 rint
2346 811 2438 850 sex
2471 795 2619 859 anni,
2645 792 2888 847 dimittes
2915 791 3136 846 fratrem
3170 801 3324 845 tuum
3350 791 3668 854 Hebreum,
3688 792 3778 860 qui

2211 887 2464 940 venditus
2515 884 2678 938 fuerit
2719 883 2841 947 tibi,
2890 891 2944 937 et
2975 883 3295 952 operabitur
3326 883 3428 937 tibi
3454 898 3554 937 se:
3585 899 3774 951 annos,

2210 989 2264 1034 ct
2293 977 2534 1031 dimittes
2554 993 2681 1031 eum
2706 976 2934 1030 liberum
2959 992 2988 1030 a
3022 987 3092 1030 te.
3122 975 3189 1029 Et
3217 993 3328 1030 non
3349 977 3680 1030 audiverunt
3699 993 3782 1034 me

2209 1079 2390 1138 patres
2441 1067 2645 1130 vestri,
2705 1076 2760 1121 et
2806 1083 2912 1121 non
2965 1068 3305 1122 inclinarunt
3358 1083 3557 1121 aurem
3608 1083 3780 1122 suam.

2211 1161 2279 1214 15
2309 1161 2386 1228 (τι)
2414 1159 2480 1212 Et
2515 1161 2766 1214 conversi
2807 1167 2935 1212 sunt
2963 1160 3123 1214 hodie
3147 1161 3213 1214 ad
3239 1159 3557 1214 faciendum
3583 1171 3779 1215 rectum

2209 1263 2338 1308 ante
2368 1253 2562 1308 oeulos
2584 1269 2757 1318 meos,
2790 1266 2849 1306 ut
2873 1265 3090 1308 vocaret
3121 1254 3190 1324 (e)
3215 1255 3604 1310 dimissionem
3631 1271 3782 1311 unus-

2208 1345 2441 1413 quisque
2492 1345 2726 1413 proximi
2775 1346 2860 1398 sui
2898 1361 2912 1396 :
2945 1353 3000 1398 et
3050 1356 3588 1401 consummaverunt
3613 1347 3780 1404 fmdus

2209 1445 2334 1489 ante
2389 1433 2584 1490 faciem
2645 1451 2824 1489 meam
2875 1435 2928 1488 in
2977 1436 3162 1502 domo,
3211 1453 3320 1506 qua
3356 1438 3674 1492 invocatum
3703 1450 3780 1495 est

2209 1543 2408 1581 nomen
2443 1543 2623 1582 meum
2658 1543 2824 1596 super
2854 1543 2938 1582 ea.
2978 1528 3065 1583 16.
3091 1529 3160 1582 Et
3192 1529 3396 1583 reversi
3429 1530 3588 1596 estis,
3609 1543 3661 1584 et
3681 1532 3783 1600 pol-

2207 1617 2394 1672 luistis
2425 1632 2625 1669 nomen
2657 1632 2860 1680 meum,
2893 1626 2952 1669 ut
2978 1617 3154 1670 redire
3180 1615 3384 1671 faceret
3408 1619 3780 1688 unusquisque

2180 1690 2431 1778 servum
2483 1719 2682 1768 suum,
2736 1713 2792 1757 et
2843 1704 3232 1773 unusquisque
3280 1707 3547 1760 ancillam
3608 1721 3778 1772 suam,

529 1788 606 1859 (p)
641 1790 694 1842 in
737 1790 879 1860 igne.
919 1791 970 1843 5.
999 1789 1065 1844 Et
1106 1799 1161 1844 tu
1205 1806 1314 1848 non
1361 1791 1559 1846 evades
1601 1806 1633 1846 e
1676 1807 1840 1845 manu
1873 1791 2016 1861 ejus,
2049 1799 2105 1846 et
2139 1773 2184 1831 θ’
2209 1810 2348 1864 quos
2397 1795 2728 1849 dimiseratis
2773 1795 2973 1850 liberos
3014 1797 3212 1850 anima:
3237 1812 3373 1859 sua,
3405 1806 3460 1850 et
3488 1797 3780 1866 subegistis

531 1881 795 1948 capiendo
840 1880 1092 1950 capieris,
1145 1889 1201 1935 et
1252 1881 1306 1938 in
1356 1897 1551 1936 manus
1602 1882 1722 1950 ejus
1758 1883 2018 1938 daberis:
2050 1891 2104 1937 et

529 1970 672 2024 oculi
709 1971 785 2023 tui
820 1972 1010 2025 oculos
1037 1971 1110 2040 (q)
1141 1971 1284 2041 regis
1323 1969 1618 2042 Babylonis
1650 1973 1928 2036 videbunt,
1961 1981 2016 2027 et
2041 1988 2104 2027 os

530 2061 650 2135 ejus
685 2078 807 2121 cum
849 2078 945 2119 ore
967 2072 1060 2119 tuo
1087 2063 1359 2134 loquetur,
1381 2073 1435 2118 et
1467 2067 1520 2118 in
1545 2064 1872 2136 Babylonem
1909 2065 2105 2134 ingre-

531 2159 718 2213 dieris.
747 2157 794 2210 ι.
835 2155 938 2210 Sed
979 2157 1104 2210 audi
1163 2155 1389 2209 verbum
1445 2154 1683 2217 Domini,
1728 2154 1954 2209 Sedecia
2011 2170 2102 2209 rex

529 2250 680 2304 Juda:
709 2272 724 2303 ε
759 2249 838 2304 sic
870 2249 1006 2303 dixit
1039 2246 1300 2300 Dominus
1336 2249 1403 2314 Χ
1432 2246 1500 2300 de
1525 2255 1578 2300 te
1611 2247 1668 2314 1:
1705 2246 1823 2300 Non
1856 2247 2106 2301 morieris

532 2343 584 2394 in
613 2341 812 2411 gladio,
838 2339 890 2393 5.
919 2339 971 2392 in
1001 2354 1132 2407 pace
1158 2339 1410 2393 morieris
1437 2339 1542 2410 :(r)
1580 2347 1633 2393 et
1672 2339 1815 2393 sicut
1849 2338 2103 2408 deplora-

533 2441 658 2485 rnnt
694 2438 872 2498 patres
913 2440 1054 2490 tuos,
1088 2429 1182 2498 qui
1233 2439 1532 2497 regnarunt
1591 2439 1724 2484 ante
1763 2432 1829 2496 Χ
1863 2429 1956 2498 qui
1991 2429 2107 2482 fue-

531 2520 712 2588 runt1
745 2529 798 2574 te
851 2520 936 2588 (‘),
973 2520 1052 2573 sic
1097 2518 1454 2587 deplorabunt
1486 2519 1649 2572 etiam
1707 2527 1778 2580 te,
1817 2528 2000 2586 atque,
2028 2532 2108 2572 va:

532 2609 779 2673 Domine,
807 2610 1063 2678 plangeut
1099 2617 1171 2672 te,
1199 2609 1329 2678 quia
1354 2608 1422 2679 (ο)
1447 2623 1643 2678 magna
1672 2611 1739 2676 Χ
1770 2623 1872 2678 ego
1902 2609 1924 2675 1
1957 2609 2108 2663 locu-

531 2712 619 2757 tus
635 2717 776 2764 sum,
817 2701 949 2755 dicit
971 2701 1255 2756 Dominus.
1293 2701 1348 2756 6.
1395 2699 1462 2754 Et
1490 2701 1706 2755 locutus
1738 2710 1820 2754 est
1871 2699 2106 2755 Jeremia

529 2794 793 2863 propheta
826 2792 892 2846 ad
938 2791 1219 2846 Sedeciam
1272 2806 1453 2862 regem
1508 2790 1664 2846 Juda:
1717 2792 1901 2844 omnia
1943 2792 2105 2845 verba

529 2885 647 2939 bare
674 2885 726 2938 in
758 2883 1084 2940 Jerusalem.
1126 2883 1179 2936 7.
1229 2881 1296 2936 Et
1323 2893 1562 2953 potestas
1616 2884 1759 2953 regis
1813 2881 2107 2954 Babylonis

528 2976 806 3046 pugnabat
847 2991 1011 3045 super
1067 2973 1368 3029 Jerusalem
1393 3013 1407 3038 ,
1463 2984 1519 3030 et
1564 2991 1727 3045 super
1761 2979 1826 3044 Χ
1858 2992 2048 3032 omnes
2079 2976 2102 3044 1

529 3067 690 3122 urbes
720 3067 871 3121 Judae
895 3067 1165 3130 residuas,
1196 3082 1362 3136 super
1383 3065 1602 3132 Lachis,
1632 3078 1685 3121 et
1710 3083 1875 3137 super
1898 3067 2104 3135 Azcca;

527 3161 786 3227 quoniam
820 3160 902 3212 ha:
930 3158 1134 3213 relicta:
1159 3157 1382 3212 fuerunt
1407 3157 1461 3211 in
1495 3157 1724 3214 urbibits
1760 3157 1914 3214 Juda:
1941 3159 2106 3215 urbes

528 3249 771 3302 munitae.
791 3248 842 3302 8.
879 3247 1133 3313 Verbum,
1163 3249 1309 3318 quod
1346 3247 1550 3302 factum
1585 3258 1669 3304 est
1708 3251 1772 3304 ad
1815 3248 2106 3304 Jeremiam

528 3354 560 3392 a
587 3337 837 3404 Domino,
871 3349 1160 3408 pOstquam
1197 3339 1262 3408 (ι)
1303 3341 1707 3395 consummavit
1747 3359 1835 3395 rex
1885 3341 2107 3396 Sedccia

527 3428 708 3484 ftedus
747 3445 873 3499 erga
905 3432 972 3496 Χ
1004 3445 1219 3484 omnem
1259 3430 1282 3498 1
1319 3433 1578 3501 populum
1643 3434 1736 3501 qui
1790 3434 1843 3486 in
1884 3433 2108 3489 Jerusa-

526 3520 656 3586 lem,
689 3520 757 3574 ad
789 3521 1094 3575 vocandum
1145 3524 1210 3586 Χ
1249 3521 1330 3576 eis
1364 3521 1386 3588 1
1425 3524 1504 3589 (ιι)
1540 3524 1932 3588 dimiSsionem,
1966 3526 2019 3578 9.
2052 3534 2110 3579 ut

528 3611 849 3664 amandaret
880 3611 1254 3679 unusquisque
1296 3627 1509 3666 servum
1531 3629 1712 3675 suum,
1747 3623 1801 3668 et
1834 3617 1902 3682 Χ
1939 3630 2108 3668 unus-

527 3701 762 3770 quisque
815 3700 836 3767 1
885 3702 1138 3756 ancillam
1187 3718 1365 3768 suam,
1403 3701 1687 3756 Hebraeum
1733 3713 1786 3758 et
1830 3704 2106 3759 llebraaam

530 3793 752 3854 liberos,
788 3793 864 3863 (ac)
904 3803 961 3847 ut
992 3810 1098 3847 non
1140 3796 1322 3850 colant
1375 3796 1661 3850 servitium
1708 3796 1791 3849 vir
1826 3813 1892 3850 ex
1943 3796 2103 3861 Juda,

527 3882 904 3954 frater‘g‘ejus
935 3885 983 3952 1.
1011 3885 1095 3939 10.
1125 3886 1190 3938 Ει
1211 3887 1414 3942 reversi
1441 3895 1568 3942 sunt
1593 3903 1784 3941 omnes
1802 3897 2103 3953 magnetes,

525 3983 581 4030 et
609 3977 790 4030 omnis
821 3977 1072 4044 populus,
1113 3977 1204 4044 qui
1245 3979 1477 4046 ingressi
1533 3989 1692 4032 erant
1727 3979 1781 4031 in
1812 3977 2014 4040 ftedus,
2049 3985 2108 4032 ut

526 4067 822 4121 dimitteret
850 4069 1229 4136 unusquisque
1272 4085 1487 4123 servum
1536 4086 1695 4124 suum
1722 4079 1774 4123 et
1807 4070 2108 4139 unusquis-

527 4173 634 4227 que
679 4159 934 4212 aneillam
970 4175 1150 4222 suam,
1185 4159 1473 4215 Hebraeum
1495 4171 1550 4216 et
1573 4160 1853 4216 llebraeam
1885 4162 2104 4225 liberos,

528 4258 588 4304 ut
618 4265 728 4304 non
767 4251 1014 4304 colerent
1043 4251 1325 4305 servitium
1374 4253 1645 4320 amplius;
1672 4263 1724 4306 et
1756 4253 2104 4316 audiverunt,

523 4352 579 4397 et
607 4343 956 4397 dimiserunt.
1005 4343 1090 4396 fl.
1135 4342 1199 4395 Et
1233 4346 1437 4397 reversi
1471 4354 1602 4397 sunt
1620 4356 1746 4412 post
1768 4344 1885 4397 haec
1921 4342 2018 4411 (y),
2052 4353 2107 4397 et

2206 1903 2325 1952 eos,
2360 1896 2420 1941 ut
2444 1887 2556 1941 sint
2577 1887 2734 1942 vobis
2760 1888 2812 1939 in
2845 1903 3056 1949 servos,
3083 1899 3138 1942 et
3164 1889 3216 1941 in
3243 1889 3499 1942 ancillas.
3536 1889 3619 1942 Π.
3654 1890 3786 1943 Pro-

2209 1987 2329 2047 pter
2348 1978 2452 2032 hoc
2476 1978 2556 2031 sic
2580 1976 2719 2031 dixit
2748 1977 3016 2032 Dominus
3048 1997 3061 2030 :
3098 1978 3206 2033 Vos
3230 1995 3338 2032 non
3365 1979 3659 2035 audivistis
3679 1997 3780 2044 me,

2211 2079 2269 2121 ut
2313 2078 2532 2122 vocaret
2575 2068 2950 2123 dimissionem
3003 2071 3388 2140 unusquisque
3444 2073 3512 2125 ad
3567 2072 3780 2127 fratrem

2210 2174 2394 2224 suum,
2435 2169 2490 2213 et
2537 2160 2922 2229 unusquisque
2955 2162 3021 2214 ad
3068 2163 3384 2230 proximum
3429 2178 3621 2216 suum.
3657 2163 3783 2219 Ecce

2210 2264 2314 2317 ego
2365 2264 2504 2303 voco
2551 2249 2708 2304 vobis
2755 2250 3155 2314 dimisxionem,
3208 2251 3344 2305 dicit
3393 2251 3687 2313 Dominus,
3734 2254 3782 2307 in

2215 2339 2476 2408 gadium,
2513 2348 2568 2395 et
2613 2340 2666 2393 in
2706 2351 2958 2402 mortem,
2999 2351 3051 2395 et
3078 2341 3133 2395 in
3164 2341 3361 2396 famem
3400 2354 3497 2396 :et
3527 2344 3671 2397 dabo
3695 2361 3786 2400 vos

2210 2431 2263 2483 in
2313 2431 2709 2499 dispersionem
2747 2431 2799 2484 in
2831 2431 3089 2487 omnibus
3133 2433 3316 2501 regnis
3365 2443 3529 2488 terrae
3563 2453 3577 2487 :
3614 2435 3698 2488 18.
3734 2445 3786 2488 et

2209 2521 2352 2577 dabo
2405 2536 2502 2578 eos
2560 2523 2840 2586 homines,
2896 2524 2988 2592 qui
3039 2525 3369 2594 transgressi
3417 2535 3550 2579 sunt
3610 2524 3788 2580 foedus

2211 2628 2416 2676 meum,
2467 2613 2561 2681 qui
2607 2628 2715 2667 non
2749 2613 3130 2674 stabiliverum
3171 2618 3238 2682 Χ
3275 2615 3446 2668 verba
3500 2615 3522 2682 1
3572 2615 3787 2670 hederis

2211 2699 2341 2768 mei,
2379 2704 2528 2771 quod
2575 2701 2827 2758 fecerunt
2882 2716 3008 2760 ante
3055 2704 3247 2761 faciem
3297 2721 3502 2767 meam,
3538 2707 3786 2767 vitulina,

2209 2794 2276 2863 (Γ)
2303 2810 2460 2863 quem
2498 2794 2742 2848 fecerunt
2766 2797 2832 2862 Χ
2858 2798 2933 2865 (g)
2969 2797 3022 2850 in
3047 2797 3156 2850 duo
3183 2797 3232 2864 1,
3267 2807 3322 2851 et
3354 2797 3700 2851 transierunt
3724 2803 3788 2865 Χ

2209 2885 2264 2938 in
2303 2885 2485 2939 medio
2540 2896 2949 2955 scgmentorum
2985 2888 3105 2956 ejus
3141 2889 3187 2956 1,
3247 2888 3333 2942 l9.
3381 2889 3460 2959 (Ii)
3499 2890 3792 2959 prafectos

2208 2974 2380 3040 Judae,
2421 2985 2475 3031 et
2505 2977 2785 3046 praefectos
2815 2977 3136 3044 Jerusalem,
3172 2982 3488 3045 eunuchos,
3519 2992 3575 3035 et
3608 2996 3794 3035 sacer-

2210 3069 2386 3132 dotes,
2423 3078 2476 3123 et
2517 3084 2737 3124 omnem
2784 3071 3044 3140 populum
3095 3081 3254 3127 terra:
3285 3074 3348 3143 (ἰ)
3386 3073 3444 3138 ii,
3479 3073 3574 3142 qui
3608 3085 3796 3127 trans-

2213 3160 2394 3214 ierunt
2445 3160 2497 3213 in
2548 3161 2726 3214 medio
2776 3170 3185 3230 segmentorum
3229 3163 3408 3226 vituli,
3437 3161 3529 3216 20.
3563 3169 3619 3217 et
3648 3163 3798 3218 dabo

2212 3265 2308 3305 eos
2347 3250 2400 3303 in
2433 3266 2598 3303 manu
2638 3252 2880 3306 hostium
2911 3268 3128 3317 eorum,
3161 3262 3214 3307 et
3246 3254 3298 3307 in
3332 3270 3497 3308 manu
3533 3271 3798 3324 queren-

2211 3341 2346 3395 tium
2379 3342 2593 3394 animas
2617 3357 2830 3406 eorum,
2854 3353 2907 3398 et
2926 3344 3067 3398 dabo
3089 3345 3358 3399 cadavera
3377 3361 3565 3399 eorum
3599 3347 3792 3400 cibum

2211 3435 2531 3488 volatilibus
2577 3435 2723 3499 mali,
2756 3445 2809 3490 et
2847 3437 3038 3490 bestiis
3068 3447 3245 3491 teme.
3287 3439 3377 3490 2|.
3409 3437 3474 3491 Et
3509 3437 3800 3493 Sedcciam

2209 3540 2389 3594 regem
2456 3523 2660 3579 Judma:
2694 3566 2710 3592 ,
2777 3535 2830 3580 et
2895 3528 3166 3596 principes
3245 3543 3436 3582 eorum
3517 3530 3666 3582 dabo
3743 3529 3798 3581 in

2213 3629 2407 3667 manus
2471 3614 2819 3668 inimicorum
2888 3630 3102 3679 eorum,
3169 3625 3224 3670 et
3266 3618 3319 3670 in
3365 3632 3590 3670 manum
3643 3633 3800 3686 qua:-

2212 3704 2450 3758 rentium
2504 3705 2722 3759 animas
2759 3721 2976 3772 eorum,
3034 3715 3087 3760 et
3131 3705 3183 3759 in
3232 3723 3460 3762 manum
3507 3709 3799 3775 potestatis

2212 3796 2354 3863 regis
2381 3796 2700 3867 Babylonis,
2736 3797 2806 3867 (k)
2835 3797 3156 3866 fugientium
3187 3799 3256 3852 ab
3277 3799 3380 3852 eis.
3416 3799 3508 3852 22.
3539 3799 3682 3854 Ecce
3699 3815 3799 3868 ego

2211 3886 2486 3954 przecipio,
2523 3889 2652 3942 dicit
2690 3887 2978 3955 Dominus,
3016 3897 3070 3943 et
3101 3889 3355 3942 reducam
3384 3905 3482 3944 eos
3518 3891 3575 3946 in
3603 3891 3795 3944 urbem

2211 3978 2373 4042 hanc,
2431 3989 2486 4032 et
2533 3981 2826 4048 pugnaturi
2857 3983 2924 4047 Χ
2951 3996 3116 4048 super
3153 3995 3273 4034 eam
3313 3983 3361 4049 1,
3397 3981 3620 4050 capient
3651 3997 3794 4048 eam,

2207 4069 2613 4124 et‘comburent
2646 4087 2766 4124 eam
2804 4072 2856 4123 in
2887 4073 3028 4140 igne,
3071 4081 3124 4125 et
3153 4073 3315 4127 urbes
3344 4071 3503 4128 Juda:
3529 4073 3676 4128 dabo
3706 4089 3796 4129 eas

2210 4156 2263 4210 in
2289 4173 2397 4212 non
2431 4162 2679 4229 pervium
2712 4161 2781 4214 ab
2819 4161 3245 4217 habitatoribus.

2278 4247 2409 4315 Cap.
2456 4249 2672 4304 XXXV.
2707 4280 2777 4290 —
2822 4253 2871 4304 Ι.
2907 4250 3170 4318 Verbum,
3201 4253 3346 4322 quod
3378 4253 3588 4309 factum
3616 4267 3700 4310 est
3728 4256 3793 4309 ad

2207 4340 2500 4396 Jeremiam
2562 4357 2592 4396 a
2641 4340 2875 4396 Domino
2921 4343 2976 4396 in
3024 4343 3217 4398 diebus
3246 4342 3460 4399 Joacim
3493 4347 3594 4400 filii
3633 4345 3794 4402 Josia:

525 4432 705 4486 redire
752 4431 1005 4486 fecerunt
1051 4449 1238 4487 servos
1285 4443 1338 4487 et
1375 4434 1625 4498 ancillas,
1656 4449 1798 4502 quos
1835 4434 1908 4502 (πὶ
1942 4434 2104 4487 dimi-
2138 4441 2179 4494 ο
2211 4435 2354 4502 regis
2407 4431 2583 4496 Judze,
2619 4433 2814 4488 dicens
2847 4451 2859 4486 :
2887 4433 2943 4486 '2.
2971 4432 3119 4486 Vade
3149 4434 3200 4486 in
3239 4435 3467 4489 domum
3498 4437 3564 4505 (ι)
3586 4436 3791 4491 Recha-

524 4532 710 4576 scraut
743 4523 964 4584 liberos,
1001 4521 1074 4593 (a)
1105 4533 1160 4575 et
1183 4525 1531 4592 reliquerunt
1559 4540 1657 4578 eos
1686 4524 1738 4577 in
1764 4539 1954 4578 servos
1975 4533 2028 4578 et
2048 4525 2100 4578 in

525 4613 774 4666 ancillas.
812 4611 901 4666 12.
934 4611 998 4664 Et
1028 4611 1228 4666 factum
1254 4621 1338 4667 est
1370 4614 1595 4667 verbum
1631 4613 1844 4667 Domini
1871 4613 1938 4667 ad
1955 4611 2102 4667 Jere-

536 4826 542 4830 .
598 4773 659 4842 (ι)
695 4772 776 4835 8.,
817 4773 996 4828 foedus
1017 4788 1220 4828 meum.

527 4843 601 4914 (ο)
623 4842 711 4906 Α.,
735 4854 787 4897 et
827 4845 1271 4898 combureteam.
1339 4842 1424 4911 (ρ)
1459 4842 1522 4894 Et
1544 4847 1824 4899 comburet
1849 4859 1990 4896 eam.

1327 4773 1422 4843 (ιη)
1458 4774 1547 4843 Α..
1598 4773 1750 4842 copia
1803 4773 1943 4842 ejus.
1975 4772 2057 4837 8.,
2088 4783 2349 4843 potestas.

2077 4848 2147 4913 (q)
2179 4845 2329 4911 Ejus.

2209 4525 2319 4579 bim
2359 4544 2371 4579 :
2411 4525 2506 4595 (τη)
2542 4534 2595 4579 et
2623 4540 2755 4578 voca
2788 4541 2902 4592 eos,
2929 4536 2983 4579 et
3007 4526 3324 4581 introduces
3352 4542 3452 4581 eos
3487 4529 3544 4581 in
3569 4529 3790 4582 domum

2212 4613 2429 4667 Domini
2474 4615 2553 4685 (η)
2599 4614 2652 4668 in
2698 4631 2866 4668 unum
2917 4630 2984 4670 ex
3038 4617 3110 4686 (ο)
3153 4618 3330 4684 atriis,
3388 4626 3446 4672 et
3491 4619 3788 4674 bibendum

2454 4774 2531 4842 (η)
2563 4775 2651 4840 Α.,
2682 4790 2808 4830 cccc
2837 4791 2937 4843 ego
2966 4775 3198 4831 daturus
3227 4791 3347 4830 sum
3401 4777 3597 4833 urbem
3631 4779 3790 4834 hanc.

2416 4845 2484 4914 (ι’)
2509 4846 2596 4908 Α.,
2629 4855 2682 4898 et
2716 4846 3288 4901 sirutcombustiones
3317 4858 3538 4916 patrum
3574 4860 3791 4903 tuorum

526 4949 724 5014 regum
747 4935 1008 5014 priorum,
1029 4934 1124 5014 _qni
1155 4933 1373 5014 fueru‘nt
1395 4935 1447 5014 in
1487 4934 1623 5014 fat-ie
1641 4945 1728 4986 tua
1750 4933 2124 5014 [Hebraismus
2140 4918 2299 5014 *μέν
2326 4952 2419 5000 pro
2445 4947 2564 4988 ante
2588 4947 2654 4989 te.
2688 4935 2811 5006 Dn.]
2837 4954 2850 5001 ;
2875 4939 2966 5014 _sic
2989 4939 3314 5014 comburent
3342 4949 3413 4992 te.
3450 4939 3521 5009 (δ)
3561 4941 3653 5014 Α.)
3679 4957 3793 4995 ver-

527 5005 677 5057 bum.
712 5007 776 5069 (t)
808 5003 895 5068 Α.,
924 5001 1142 5059 excidit.
1174 5004 1249 5073 (u)
1285 5001 1372 5067 A.,
1413 5001 1767 5067 facilitatem,—
1788 5014 1844 5057 ut
1873 5001 2179 5059 dimitteret'
2201 5009 2282 5058 vir
2298 5022 2514 5059 servum
2541 5023 2723 5068 suum,
2755 5001 2811 5060 ei
2838 5009 2918 5060 vir
2946 5008 3197 5062 ancillam
3229 5024 3409 5063 suam.

529 5089 638 5126 non
673 5074 878 5127 servire
919 5074 1156 5126 facerent
1191 5073 1436 5127 Judazum
1481 5073 1700 5126 fratrem
1734 5090 1894 5128 suum
1931 5090 1998 5127 ne
2023 5075 2449 5142 quidemunum.

526 5157 641 5197 eos.
721 5143 798 5211 (a)
822 5144 939 5194 ΚΑΙ
976 5143 1216 5205 ΕΩΣΑΝ,
1252 5154 1300 5197 et
1331 5146 1544 5197 missum
1574 5144 1825 5212 fecerunt.
1868 5142 2071 5211 Reliqui

2227 5142 2575 5212 subegerunt.

527 5217 896 5268 summatione
929 5221 1134 5283 septem
1174 5227 1471 5283 annorum.
1506 5213 1587 5277 8.,
1627 5229 1752 5283 cum
1776 5213 2108 5282 praeterlapsi
2137 5215 2337 5268 fuerint
2359 5225 2565 5283 septem
2597 5213 2748 5269 anni.

526 5293 580 5336 et
613 5284 837 5354 fecistis.
916 5284 984 5349 (ε)
1018 5281 1108 5346 Α.,
1134 5281 1459 5354 libertatem.
1498 5283 1565 5350 (fi
1601 5282 1688 5346 A.,
1721 5281 1803 5346 8.,
1827 5299 1985 5352 quem
2021 5281 2368 5354 diviserunt,
2403 5281 2477 5354 (ᾔ)
2510 5287 2590 5339 Ad
2619 5281 2954 5354 operandum
2979 5302 3064 5340 eo.
3101 5287 3177 5353 (Ii)
3214 5288 3484 5342 Prasfecti.

525 5354 618 5423 qui
653 5353 1009 5435 transierunt.

525 5439 712 5492 queris
743 5437 844 5478 eis.

1115 5350 1188 5419 (k)
1221 5352 1413 5420 8.,qui
1457 5350 1900 5421 demigrarunt'a
1952 5353 2127 5407 vobis.

921 5422 999 5492 (η)
1037 5418 1131 5484 A.,
1160 5421 1226 5474 ad
1252 5418 1418 5475 unum
1453 5439 1516 5476 ex
1547 5418 1776 5478 ini-ariis.
1855 5426 1930 5490 (ο)
1956 5422 2037 5489 8.,
2070 5418 2308 5479 exedris.

2541 5023 2723 5068 suum,
2755 5021 2807 5060 et
2838 5012 2918 5060 vir
2946 5012 3197 5062 ancillam
3229 5024 3409 5063 suam.
3491 5013 3575 5075 (τε)
3611 5012 3696 5072 8.,
3737 5022 3793 5064 ut

2529 5076 2603 5158 (ν)
2640 5076 2714 5158 bis
2740 5077 2964 5158 ls‘rael‘e.
3043 5079 3118 5158 (ε)
3150 5077 3800 5158 Postquamdimiserant

2678 5147 2750 5219 (ιζ)
2776 5145 2976 5219 A.,‘S.,
3003 5157 3055 5200 et
3100 5145 3311 5200 eduxiX
3389 5149 3463 5219 (ε)
3494 5150 3588 5213 Α.,
3613 5168 3642 5204 a
3670 5167 3791 5205 con-

2827 5216 2905 5285 (d,
2937 5215 3026 5280 A.,
3048 5227 3100 5271 et
3123 5219 3373 5272 conversi
3398 5215 3586 5274 luistis
3609 5223 3785 5284 hodie,

2827 5289 2954 5359 dum
2979 5302 3064 5340 eo.
3101 5287 3177 5353 (Ii)
3214 5288 3484 5359 Priefecti.
3568 5294 3633 5359 (ἰ)
3664 5294 3783 5354 Eos,

2231 5355 2292 5427 (Vl)
2341 5353 2423 5419 8.,
2474 5353 3074 5410 Rcchabimonitarum.
3169 5357 3266 5427 (ni)
3295 5357 3385 5422 A.,
3426 5353 3671 5422 Tib-{ct
3712 5364 3784 5416 lo-

597 5603 663 5675 (δ)
694 5606 862 5678 Syrus
886 5608 1156 5678 interpres
1185 5607 1456 5676 duplicem
1497 5611 1583 5664 hic
1614 5611 1806 5667 inserit
1841 5615 2102 5671 lectione"

2211 5614 2263 5668 ῖς
2303 5630 2428 5677 Lxx,
2485 5614 2575 5682 qui
2624 5622 2918 5683 regnarunt
2947 5623 3071 5668 ante
3102 5622 3150 5668 te
3178 5616 3326 5684 (τοὺς
3351 5616 3782 5687 βασιλεῦπντας

527 5693 791 5765 πρότερόν
831 5698 975 5768 σου).
1003 5713 1033 5755 e
1062 5713 1193 5754 vero
1219 5697 1464 5764 Hehrzeo,
1495 5701 1596 5756 sub
1627 5704 1912 5769 asterisco,
1947 5707 2038 5775 qui
2073 5706 2292 5760 fuerunt
2325 5715 2448 5757 ante
2486 5715 2534 5759 te
2573 5687 2756 5781 quas
2791 5715 3087 5774 vri-ursi.
3119 5707 3317 5762 Dnacn.
