3902 6486
177 287 318 344 2561

1305 295 1620 356 IEREMLE
1659 298 1890 356 CAPUT
1930 299 2141 354 XXXVI

3286 297 3446 357 2362.

180 402 252 455 da
302 403 627 459 eisvinum.
669 403 724 458 3.
751 405 819 461 Et
843 405 1044 462 adduxi
1089 407 1371 465 Iezonlam
1399 410 1571 465 lilium
1596 409 1754 466 Jere-
1786 417 1829 472 Α
1861 413 2116 480 praecepit
2144 410 2261 474 eis;
2296 413 2532 483 populus
2580 421 2760 467 autem
2811 412 2898 466 hic
2929 391 3421 469 non-audiverunt

181 493 311 547 mize
360 494 454 548 lilii
504 495 580 564 (p)
628 495 936 564 Habasniae,
983 508 1040 554 et
1077 499 1276 556 fratres
1309 503 1450 570 ejus,
1487 511 1542 556 et
1567 516 1758 555 omnes

180 579 328 634 ﬁlios
358 582 499 650 ejus,
529 593 582 638 et
610 600 824 639 omnem
854 587 1078 641 domum
1111 589 1410 644 Rechabim
1445 608 1459 643 :
1499 591 1553 644 4.
1585 590 1758 642 intro-

178 669 312 726 duxi
346 676 414 741 ᾗ(
444 690 538 730 eos
566 675 675 744 1_in
706 677 929 731 domum
978 679 1190 732 Domini
1236 681 1289 734 in
1329 680 1588 734 aerarium
1615 681 1758 734 lilio-

163 776 306 816 .rum
345 763 416 832 (q)
451 763 640 817 Hanan
665 765 760 827 lilii
785 765 1047 833 Godalize,
1087 768 1328 822 hominis
1356 769 1471 833 Dei,
1511 768 1580 838 (r)
1612 769 1756 837 quod

180 859 271 906 est
321 867 349 904 a
406 853 576 908 latere
622 855 818 908 domus
872 857 1202 926 principum,
1255 859 1322 925 Ξῖ(
1371 857 1542 926 quaa1
1591 873 1755 926 supra

177 942 410 997 domum
461 943 681 999 Maasize
723 946 819 999 lilii
854 942 1059 1011 Selom,
1093 947 1459 1001 custodientis
1493 945 1560 1017 (ε)
1589 947 1754 999 viam.

180 1033 235 1086 5.
272 1035 338 1087 Ει
378 1035 638 1090 constitui
677 1046 802 1091 ante
835 1035 1028 1091 faciem
1060 1053 1252 1093 eorum
1295 1037 1534 1092 filiorum
1561 1037 1757 1090 domus

182 1125 489 1179 Rechabim
526 1126 590 1195 (t)
623 1126 870 1196 hydriam
900 1129 967 1195 >κ
987 1128 1201 1196 plenam
1236 1127 1258 1195 1
1287 1129 1422 1192 vini,
1450 1136 1502 1181 et
1538 1126 1755 1191 calices,

179 1227 235 1270 et
265 1217 374 1270 dixi
407 1219 474 1284 χ
505 1217 570 1270 ad
605 1232 700 1272 eos
727 1217 748 1285 1
785 1217 1001 1273 :Bibite
1037 1219 1251 1274 vinum.
1284 1218 1337 1272 6.
1366 1217 1432 1271 Et
1463 1217 1755 1273 dixerunt:

179 1307 302 1363 Non
337 1309 591 1364 bibemus
625 1309 835 1374 vinum,
893 1309 1018 1379 quia
1070 1307 1318 1364 Ionadab
1351 1309 1496 1364 filius
1531 1307 1757 1363 Rechab

180 1408 336 1468 pater
385 1408 568 1453 noster
603 1399 859 1468 praecepit
887 1401 1068 1464 nobis,
1103 1401 1294 1455 dicens
1341 1419 1352 1453 :
1399 1397 1517 1452 Non
1552 1398 1751 1452 hibetis

179 1491 393 1555 vinum,
427 1505 546 1555 vos,
576 1500 630 1545 et
654 1492 748 1544 lilii
771 1492 961 1556 vestri,
990 1507 1166 1561 usque
1193 1491 1248 1545 in
1273 1492 1536 1546 saeculum
1571 1509 1584 1544 :
1617 1489 1670 1542 7.
1701 1498 1757 1544 et

179 1584 379 1638 domos
413 1598 520 1637 non
550 1582 910 1647 mdilicabitis,
947 1591 1002 1638 et
1025 1598 1210 1638 semen
1247 1598 1355 1636 non
1381 1581 1755 1645 seminabitis,

178 1681 234 1726 et
284 1672 500 1724 vineam
546 1687 652 1725 non
684 1672 1024 1741 plantabitis,
1060 1687 1239 1740 neque
1270 1672 1374 1725 erit
1399 1671 1590 1737 vobis;
1624 1671 1756 1738 quia

1864 516 1970 554 me.
2037 500 2124 554 17.
2167 499 2394 570 Propter
2433 504 2536 555 hoc
2561 503 2640 557 sic
2681 502 2818 556 dixit
2847 500 3113 554 Dominus
3139 504 3203 566 χ(
3229 501 3366 556 Deus
3395 503 3419 569 1

1864 586 2119 639 virtutum
2162 587 2300 640 Deus
2354 589 2568 640 Israelis
2623 607 2634 641 :
2692 589 2830 641 Ecce
2879 589 3072 654 Xego
3101 587 3123 654 1
3157 586 3422 641 adducam

1861 692 2022 747 super
2052 675 2271 741 Iudam,
2300 687 2354 732 et
2384 693 2546 745 super
2583 681 2648 746 Χ
2669 680 2900 747 omnes1
2942 677 3254 731 habitantes
3289 679 3427 744 )(in

1859 768 2163 824 Jerusalem
2221 768 2245 836 1
2277 769 2459 824 omnia
2506 770 2674 833 mala,
2717 785 2837 839 quae
2869 771 3086 824 locutus
3113 784 3233 824 sum
3263 783 3430 838 super

1859 875 1974 922 eos,
2013 863 2079 928 >ε<
2102 876 2201 930 pro
2228 875 2294 914 eo
2327 859 2472 929 quod
2508 860 2720 914 locutus
2749 877 2870 915 sum
2901 876 3064 931 super
3094 875 3210 923 eos,
3237 867 3289 912 et
3317 873 3426 912 non

1859 949 2208 1011 audiverunt,
2247 957 2297 1002 et
2349 949 2540 1002 vocavi
2595 963 2710 1010 eos,
2750 957 2805 1003 et
2851 966 2956 1002 non
3006 950 3424 1018 responderunt.

1857 1040 1948 1094 18.
1993 1037 2062 1092 Et
2094 1039 2280 1109 domui
2320 1039 2623 1092 Rechahim
2654 1039 2678 1107 1
2718 1039 2856 1092 dixit
2881 1038 3115 1095 Ieremia
3151 1057 3165 1093 :
3199 1039 3431 1108 Propter

1861 1129 1967 1183 hoc
2025 1129 2107 1184 sic
2157 1129 2298 1182 dixit
2354 1129 2623 1182 Dominus
2673 1129 2935 1183 virtutum
2976 1130 3114 1184 Deus
3158 1129 3427 1184 Israelis:

1861 1223 1930 1288 (c)
1982 1220 2122 1285 Quia
2167 1220 2458 1274 audierunt
2506 1234 2569 1274 αξ-
2606 1220 2700 1273 lilii
2746 1219 2997 1274 Ionadab
3029 1222 3122 1274 lilii
3159 1221 3425 1290 Rechab1

1861 1326 2189 1385 pra'ceptum
2226 1313 2472 1370 Ionadab
2511 1316 2684 1384 patris
2719 1315 2784 1384 (Γ)
2809 1329 3022 1381 eorum,
3055 1322 3109 1368 et
3139 1325 3431 1368 servarunt

1860 1406 2044 1458 omnia
2092 1414 2360 1473 praecepta
2391 1403 2532 1471 ejus,
2577 1403 2642 1456 ad
2676 1402 2986 1458 faciendum
3040 1403 3282 1471 Xjuxta
3312 1418 3433 1456 om-

1861 1494 1950 1548 nia
1976 1494 2023 1563 1,
2081 1509 2202 1563 qua:
2255 1493 2535 1547 mandavit
2604 1494 2678 1563 (g)
2725 1494 2805 1548 eis
2856 1507 2919 1547 σθ-
2958 1501 3110 1562 pater
3149 1508 3338 1547 eorum
3367 1493 3432 1562 1;

1861 1584 1946 1637 19.
1991 1583 2217 1653 Propter
2245 1586 2346 1638 hoc
2377 1585 2492 1637 hare
2520 1583 2651 1638 dicit
2685 1584 2952 1638 Dominus
2983 1583 3125 1640 Deus
3162 1583 3377 1637 lsraelis
3413 1601 3429 1638 :

1863 1677 1938 1747 (Ιι)
1984 1674 2109 1736 Non.
2137 1676 2350 1730 deficiet
2394 1677 2476 1730 vir
2511 1693 2578 1730 ex
2615 1676 2739 1730 filiis
2775 1675 3024 1729 Ionadab
3059 1675 3153 1728 lilii
3187 1674 3430 1738 Rechab,

179 1761 236 1816 in
277 1763 532 1816 tentoriis
565 1761 888 1818 habitabilis
927 1762 1185 1817 omnibus
1216 1760 1410 1817 diebus
1439 1763 1658 1826 vestris,
1697 1770 1757 1815 ut
1792 1755 1831 1820 Β
1858 1779 2008 1822 stans
2065 1776 2190 1821 ante
2242 1765 2433 1822 faciem
2482 1783 2658 1820 meam
2713 1767 2967 1821 omnibus
3019 1767 3212 1820 diebus
3249 1775 3429 1820 terrae.

178 1853 378 1907 vivatis
405 1853 599 1907 diebus
634 1853 824 1908 multis
858 1868 1024 1924 super
1046 1855 1116 1922 Χ
1141 1852 1278 1907 facie
1309 1853 1332 1922 1
1369 1860 1549 1917 terrae,
1587 1867 1756 1921 super

158 1959 286 2014 qua
347 1942 427 2014 (ιι)
466 1959 562 1998 vos
615 1943 872 1998 habitatis
921 1957 1086 2014 super
1130 1958 1215 1998 ea.
1256 1943 1310 1998 8.
1345 1943 1410 1996 Et
1441 1944 1755 2008 audivimus

175 2049 366 2089 vocem
387 2033 634 2089 Ionadab
658 2037 724 2102 >⁴κ
749 2034 844 2088 lilii
874 2034 1094 2089 Rechab
1124 2035 1146 2104 1
1179 2036 1349 2104 patris
1375 2035 1570 2098 nostri,
1597 2033 1755 2104 juxta

175 2127 384 2190 omnia,
411 2142 531 2196 quae
562 2126 822 2196 praecepit
848 2126 1028 2189 nobis,
1063 2133 1121 2180 ut
1151 2141 1259 2178 non
1293 2126 1544 2179 bibamus
1567 2127 1753 2180 vinum

175 2215 437 2270 omnibus
470 2216 664 2270 diebus
695 2217 925 2282 nostris,
963 2231 1085 2280 nos,
1110 2223 1165 2271 et
1197 2231 1398 2270 uxores
1434 2227 1654 2280 nostrae,
1702 2226 1756 2270 et

176 2307 273 2360 lilii
301 2307 497 2371 nostri,
531 2317 582 2361 et
608 2307 728 2361 liliae
751 2317 974 2372 nostrae,
1015 2307 1071 2362 9.
1099 2316 1154 2362 et
1187 2316 1246 2361 ut
1276 2323 1386 2362 non
1416 2308 1753 2366 :edilicemus

174 2396 393 2461 domos,
451 2413 519 2451 ne
555 2398 863 2453 habitemus
903 2397 978 2452 ibi
1031 2416 1045 2451 :
1097 2407 1152 2452 et
1200 2397 1382 2462 vinea,
1426 2407 1481 2453 et
1512 2414 1661 2468 ager,
1700 2407 1756 2453 et

173 2503 363 2543 semen
392 2503 499 2542 non
534 2488 637 2542 fuit
658 2489 821 2544 nobis
855 2507 868 2542 :
903 2488 993 2544 10.
1022 2489 1472 2560 etbabitavimus
1502 2490 1556 2542 in
1585 2499 1754 2545 tento-

174 2579 302 2643 riis,
358 2587 414 2634 et
467 2579 802 2644 audivimus,
849 2589 904 2634 et
937 2577 1170 2634 fecimus
1195 2580 1353 2649 juxta
1382 2582 1590 2645 omnia,
1630 2597 1753 2650 quae

174 2669 432 2738 praecepit
478 2669 636 2724 nobis
682 2667 930 2723 Ionadab
959 2678 1111 2739 pater
1139 2680 1346 2724 noster.
1399 2671 1484 2724 ll.
1515 2670 1748 2726 Factum

153 2773 259 2834 est
280 2772 486 2827 autem,
519 2777 644 2816 cum
669 2763 919 2817 ascendit
942 2760 1450 2829 Nabuchodonosor
1474 2777 1566 2816 rex
1586 2760 1753 2832 Baby-

173 2852 318 2906 lonis
357 2867 522 2923 super
557 2861 782 2917 terram,
820 2861 876 2906 et
903 2852 1145 2908 diximus
1182 2871 1193 2904 :
1236 2851 1312 2923 (τε)
1344 2853 1747 2919 Ascendamus,

174 2944 550 3014 ingrediantur
577 2945 630 2997 in
653 2942 962 2998 Ierusalem
995 2944 1064 2998 ab
1091 2953 1216 2998 ante
1241 2941 1436 2998 faciem
1465 2945 1750 3012 potesuatis

171 3026 582 3099 Cbaldmorum,
613 3033 760 3088 etab
785 3042 912 3088 ante
945 3034 1137 3088 faciem
1165 3034 1448 3102 potestatis
1486 3033 1560 3101 (τι)
1583 3033 1749 3102 Assy-

176 3127 412 3190 riorum,
466 3125 542 3193 (z)
569 3096 642 3179 et
684 3125 1058 3179 habitavimus
1086 3096 1184 3179 ibi.
1224 3125 1311 3178 12.
1338 3123 1405 3177 Et
1437 3096 1640 3178 factum
1668 3096 1752 3179 est
1778 3096 1822 3157 ε

172 3217 402 3270 verbum
436 3213 650 3269 Domini
675 3215 741 3270 ad
767 3214 1083 3279 Ieremiam,
1112 3216 1302 3271 dicens
1331 3234 1345 3271 :
1380 3217 1466 3271 15.
1499 3215 1590 3272 Sic
1609 3217 1749 3272 dixit

171 3305 442 3360 Dominus
473 3308 735 3361 virtutum
773 3305 918 3361 Deus
947 3305 1162 3361 Israelis
1191 3325 1204 3361 :
1239 3305 1412 3372 Vade,
1444 3318 1500 3363 et
1532 3308 1620 3362 dic
1648 3309 1751 3362 ho-

173 3398 310 3452 mini
339 3395 512 3462 Iudaa,
545 3405 598 3451 et
639 3396 1012 3450 habitantibus
1046 3396 1099 3449 in
1141 3395 1441 3451 Ierusalem
1479 3415 1493 3450 ε
1532 3396 1608 3468 (a)
1632 3396 1749 3450 Non

172 3488 458 3557 accipietis
509 3487 852 3557 disciplinam
907 3486 976 3540 ad
1017 3487 1345 3541 audiendum
1389 3487 1554 3541 verba
1598 3488 1752 3542 mea?

171 3580 309 3633 dicit
365 3577 651 3631 Dominus.
707 3577 795 3631 M.
843 3574 1239 3630 Stabiliverunt
1269 3581 1336 3646 χ(
1366 3578 1426 3630 τὸ
1464 3579 1485 3646 1
1522 3561 1750 3632 verbum

175 3669 342 3725 +lilii
397 3669 420 3737 1
468 3666 714 3722 Ionadab
766 3667 861 3720 lilii
908 3665 1154 3730 Rechab,
1188 3683 1309 3738 qua’
1340 3672 1595 3738 praecepit
1626 3671 1751 3726 liliis

168 3763 315 3831 ejus,
348 3770 408 3815 ut
437 3775 543 3814 non
571 3760 820 3814 biberent
843 3759 1053 3823 vinum,
1085 3768 1138 3814 et
1165 3777 1272 3814 non
1299 3760 1552 3814 biberunt
1574 3765 1640 3828 ><
1667 3778 1752 3815 us-

170 3872 277 3922 que
329 3854 394 3907 ad
446 3853 590 3908 diem
643 3853 789 3908 hunc
822 3852 881 3920 1;
930 3853 1062 3922 quia
1095 3854 1387 3907 audierunt
1417 3864 1748 3923 praeceptum

172 3951 242 4014 >κ
277 3947 445 4014 patris
486 3960 678 3998 eorum
708 3945 729 4012 1
757 3963 770 3998 :
797 3958 897 4015 ego
927 3953 1108 3998 autem
1143 3945 1358 3999 locutus
1384 3961 1504 3999 sum
1535 3946 1602 3999 ad
1630 3960 1746 4011 vos,

153 4023 247 4109 '(b)
293 4038 346 4091 in
385 4037 653 4091 matutino
687 4038 853 4091 etiam
883 4038 1100 4091 locutus
1130 4053 1277 4100 sum,
1310 4046 1363 4091 et
1392 4053 1498 4091 non
1533 4038 1747 4091 audiis-

169 4131 245 4183 tis
269 4131 336 4197 >ί<
367 4144 451 4181 me
480 4129 528 4198 1.
567 4127 651 4180 15.
682 4125 745 4179 Ει
775 4127 898 4181 misi
928 4126 994 4180 ad
1035 4143 1131 4180 vos
1163 4141 1354 4180 omnes
1384 4143 1574 4182 servos
1597 4143 1748 4183 meos

168 4218 485 4288 prophetas,
539 4223 887 4270 antevertens
933 4223 989 4268 et
1029 4216 1273 4280 mittens,
1307 4215 1378 4285 (c)
1405 4217 1516 4269 dixi
1551 4233 1563 4268 :
1602 4217 1747 4270 Con-
1827 4237 1830 4240 ’

165 4307 448 4362 vertimiui
479 4310 548 4375 Χ
573 4321 719 4361 nunc
750 4305 773 4373 1
830 4292 1215 4375 unusquisque
1246 4322 1276 4360 a
1308 4308 1394 4360 via
1436 4323 1537 4362 sua
1582 4309 1744 4374 mala,

167 4410 224 4455 et
253 4401 476 4455 meliora
505 4399 667 4454 facite
700 4399 778 4469 (ά)
801 4407 1068 4468 praecepta
1093 4409 1298 4465 vestra,
1323 4406 1377 4452 et
1404 4415 1511 4452 non
1537 4399 1746 4454 abeatis

167 4501 295 4563 post
324 4493 454 4546 deos
492 4491 629 4545 alios
669 4491 735 4544 ad
774 4490 1061 4544 colendum
1095 4491 1379 4543 servitium
1411 4490 1492 4544 eis
1521 4508 1533 4542 :
1566 4500 1617 4544 et
1643 4490 1741 4544 ha-

166 4583 419 4638 bitabilis
451 4596 616 4651 super
647 4591 813 4645 terra,
841 4595 1005 4649 quam
1048 4579 1169 4634 dedi
1199 4580 1377 4643 vobis,
1411 4591 1464 4634 et
1493 4582 1743 4649 patribus

165 4674 388 4728 vestris.
423 4673 488 4728 Et
517 4688 624 4726 non
658 4670 963 4726 inclinastis
997 4672 1064 4737 >ε<
1089 4671 1186 4740 τὴν
1214 4671 1236 4737 1
1266 4686 1453 4724 aurem
1481 4681 1742 4738 vestram,

162 4776 220 4820 et
262 4779 370 4818 non
404 4765 692 4818 audivistis
734 4777 844 4816 me.
884 4761 970 4814 16.
1003 4760 1068 4814 Et
1101 4760 1491 4815 stabiliverunt
1525 4763 1619 4815 lilii
1647 4760 1742 4816 Io-

165 4857 348 4912 nadab
390 4856 485 4910 lilii
527 4855 751 4911 Rechab
794 4864 1120 4924 praeceptum
1152 4855 1324 4922 patris
1350 4869 1563 4916 eorum,
1598 4857 1741 4924 quod

241 4971 318 5041 (p)
351 4970 441 5034 A.,
494 4970 767 5041 Abasniae.
850 4969 941 5041 _(q)

161 5038 402 5096 Maasiae.
508 5044 580 5106 (si
611 5040 698 5103 A.,
731 5039 814 5103 S.,
846 5038 969 5098 Th.,
1003 5040 1225 5093 atrium.

159 5111 245 5177 8.,
279 5111 458 5165 sedem
498 5109 726 5164 habetis.
835 5109 912 5178 (τε)
947 5108 1035 5171 Λ.,
1093 5108 1172 5170 8.,

977 4968 1062 5031 Α.,
1097 4968 1375 5023 llananize.

160 5321 380 5379 lebilur.
485 5320 544 5386 (ἱ)
582 5317 660 5370 Ad
711 5332 815 5371 me.
923 5318 994 5386 (Ιί)
1037 5317 1100 5371 Α.
1136 5359 1150 5383 ,

155 5387 635 5445 ΕΧΡΗΜᾹΤΙΣᾹ.
664 5386 918 5440 divinitus
947 5389 1152 5440 locutus
1190 5403 1325 5439 sum.

159 5475 255 5515 8118
285 5474 430 5512 50111.

1434 5391 1529 5458 (ιη)
1585 5386 2116 5454 ΕΧΡΠΜΛἸΊΣΕΝ.
2160 5386 2409 5445 divinitus
2458 5386 2664 5447 locutus
2690 5407 2788 5449 est.

512 5458 585 5528 (0)
603 5457 827 5510 Octavo.
904 5461 982 5526 (p)
1021 5456 1109 5521 A.,
1142 5456 1567 5528 proclamaruut.
1648 5459 1832 5528 (q)A.,
1885 5462 1939 5514 in
1981 5465 2144 5516 domo
2170 5477 2334 5531 gazae.
2381 5462 2464 5525 8.,
2516 5464 2572 5517 in
2604 5465 2821 5519 exedra.

1925 1858 2058 1928 Cap.
2107 1858 2349 1913 XXXVI.
2375 1888 2444 1899 —
2483 1860 2533 1912 1.
2573 1857 2639 1911 Et
2671 1860 2737 1924 >ν<
2773 1857 2969 1911 factum
3001 1865 3084 1911 est
3117 1855 3140 1923 1
3179 1857 3233 1910 in
3286 1869 3431 1909 anno

1856 1956 2050 2017 quarto
2076 1947 2283 2002 Ioacim
2320 1947 2412 2000 lilii
2455 1946 2620 2000 Iosiae
2643 1947 2785 2017 regis
2814 1945 2985 2010 Iudae,
3013 1946 3212 2000 factum
3249 1955 3332 2002 est
3361 1948 3430 2015 Χ

1855 2039 2080 2092 verbum
2140 2040 2161 2107 1
2219 2039 2414 2106 hoeli)
2447 2039 2510 2090 ad
2563 2037 2850 2092 Ieremiam
2897 2039 2964 2106 ἒς(
3013 2053 3044 2092 a
3103 2037 3332 2093 Domino
3404 2039 3426 2106 1

1854 2129 2040 2183 dicens
2073 2129 2162 2184 2‘2.
2193 2128 2359 2182 Sume
2383 2129 2474 2183 tibi
2501 2128 2572 2198 (Ic)
2595 2129 2840 2182 chartam
2871 2128 3016 2192 libri,
3049 2137 3102 2182 et
3135 2127 3311 2183 scribe
3336 2143 3430 2182 su-

1854 2234 1950 2288 per
1977 2234 2036 2272 ea
2061 2219 2247 2272 omnia
2278 2219 2463 2279 verba,
2496 2234 2618 2288 quae
2647 2218 2706 2288 (ι)
2735 2217 3054 2286 pr0phetavi
3090 2215 3159 2269 ad
3189 2224 3238 2270 te
3269 2229 3434 2284 super

1855 2304 2133 2370 lsraelein,
2169 2315 2222 2360 et
2256 2322 2418 2374 super
2454 2305 2673 2370 Iudam,
2715 2315 2768 2359 et
2805 2319 2968 2374 super
2992 2319 3181 2360 omnes
3215 2315 3428 2373 gentes,

1854 2409 1882 2446 a
1934 2394 2020 2447 die
2059 2409 2168 2462 quo
2210 2395 2424 2448 locutus
2475 2411 2594 2447 sum
2639 2394 2707 2448 ad
2753 2403 2826 2457 te,
2868 2409 2898 2447 a
2935 2392 3128 2447 diebus
3167 2391 3332 2447 Iosize
3363 2407 3430 2450 -ι-

1854 2484 1996 2552 regis
2027 2481 2180 2536 Iuda:
2215 2483 2272 2548 1,
2307 2493 2358 2536 et
2386 2499 2558 2552 usque
2602 2483 2668 2538 ad
2706 2485 2847 2537 diem
2877 2484 3040 2538 hunc.
3082 2484 3137 2538 5.
3175 2483 3435 2538 Fortasse

1854 2574 2073 2627 audient
2110 2573 2305 2627 domus
2342 2571 2492 2627 Iudae
2522 2575 2704 2628 omnia
2755 2573 2926 2638 mala,
2968 2589 3089 2644 qua:
3124 2588 3223 2644 ego
3250 2575 3428 2642 cogito

1854 2662 2031 2718 facere
2063 2665 2171 2727 eis;
2210 2673 2268 2716 ut
2310 2673 2647 2717 revertantur
2685 2667 2750 2731 3K
2788 2664 3166 2733 unusquisque
3199 2661 3220 2730 1
3264 2678 3294 2716 a
3331 2663 3420 2715 via

1853 2767 1951 2807 sua
1986 2752 2126 2805 mala
2159 2768 2171 2802 :
2201 2762 2254 2806 et
2288 2752 2552 2821 prOpitius
2581 2767 2676 2807 ero
2716 2753 3095 2822 iniquitatibus
3125 2766 3341 2809 eorum.
3373 2759 3428 2804 et

1852 2843 2088 2913 peccatis
2126 2858 2337 2897 eorum.
2375 2842 2427 2895 4.
2478 2845 2542 2897 Ει
2571 2845 2785 2898 vocavit
2821 2843 3055 2900 Ieremia
3112 2843 3322 2896 Baruch
3365 2841 3431 2895 li-

1851 2921 1985 2988 lium
2043 2932 2216 2988 Neriae
2260 2944 2357 2989 :et
2404 2936 2621 3004 scripsit
2664 2935 2876 2988 Baruch
2920 2950 2986 2990 ex
3041 2950 3135 2988 ore
3182 2932 3433 2988 Ieremia;

1851 3012 2034 3081 omnia
2061 3027 2220 3080 verba
2258 3026 2492 3091 Domini,
2523 3042 2644 3100 quae
2680 3028 2772 3098 (m)
2798 3027 3140 3096 prophetax’it
3174 3025 3238 3079 ad
3281 3040 3429 3088 eum,

1854 3114 1907 3168 in
1949 3115 2190 3169 chartam
2224 3115 2366 3170 libri.
2397 3116 2448 3170 5.
2481 3116 2544 3169 Et
2581 3115 2834 3184 praecepit
2873 3113 3105 3169 Ieremia
3150 3113 3431 3181 Barucho,

1852 3205 2039 3260 dicens
2066 3221 2078 3258 :
2106 3205 2216 3276 Ego
2238 3206 2315 3276 (η)
2341 3205 2645 3260 custoditus
2679 3222 2823 3272 sum,
2853 3216 2906 3261 et
2938 3221 3044 3260 non
3071 3221 3291 3274 possum
3345 3206 3434 3259 in-

1853 3297 1998 3366 gredi
2050 3297 2103 3350 in
2140 3298 2362 3352 domum
2413 3295 2622 3350 Domini
2659 3296 2760 3350 :6.
2803 3306 2856 3351 et
2899 3296 3223 3367 ingrediaris
3275 3305 3354 3359 tu,
3380 3303 3434 3350 et

1853 3386 2000 3457 legas
2026 3388 2078 3441 in
2110 3388 2298 3442 charta
2326 3403 2384 3442 -ε-
2416 3389 2520 3443 hac
2550 3387 2571 3456 1
2597 3429 2611 3453 ,
2645 3404 2750 3457 qua
2785 3386 3058 3458 scripsisti
3089 3403 3154 3440 ex
3185 3403 3279 3441 ore
3312 3401 3433 3442 meo

1852 3477 2018 3529 verba
2053 3475 2265 3530 Domini
2295 3477 2346 3529 in
2377 3492 2536 3530 aures
2569 3477 2774 3546 populi,
2809 3476 2862 3529 in
2899 3479 3062 3530 domo
3107 3475 3344 3537 Domini,
3378 3475 3432 3529 in

1852 3561 1940 3614 die
1979 3562 2214 3630 jejuuii;
2247 3571 2301 3616 et
2348 3563 2401 3614 in
2434 3564 2660 3616 auribus
2709 3564 2888 3617 omnis
2918 3561 3069 3616 Iudae
3101 3561 3430 3616 venientium

1852 3663 1917 3704 ex
1952 3650 2180 3703 urbibus
2211 3663 2425 3714 eorum,
2463 3651 2608 3720 leges
2638 3651 2738 3704 eis.
2771 3649 2823 3703 7.
2862 3649 3114 3705 Fortasse
3143 3651 3296 3704 cadet
3335 3649 3432 3703 de-

1851 3736 2166 3805 precatio(‘)
2193 3751 2381 3789 eorum
2414 3748 2535 3788 ante
2549 3736 2743 3789 faciem
2767 3734 3005 3801 Domini,
3023 3745 3076 3788 et
3093 3744 3433 3790 revertentur

1852 3826 1919 3892 Χ
1953 3824 2327 3892 unusquisque
2372 3825 2394 3890 1
2445 3839 2476 3876 a
2514 3824 2600 3877 via
2654 3838 2752 3878 sua
2791 3824 2969 3890 mala;
3027 3823 3155 3892 quia
3199 3837 3431 3892 magnus

1852 3909 2004 3963 furor
2028 3919 2083 3964 et
2115 3911 2195 3963 ira
2231 3923 2294 3964 -ι-
2326 3909 2538 3964 Domini
2579 3910 2640 3977 1,
2675 3925 2839 3980 quam
2880 3911 3095 3965 locutus
3133 3919 3214 3965 est
3247 3908 3431 3962 Domi-

1852 4012 1955 4052 nus
1978 4012 2139 4066 super
2167 3998 2421 4067 populum
2451 3999 2613 4052 hunc.
2656 3999 2710 4052 8.
2750 3997 2815 4051 Et
2853 3997 2979 4052 fecit
3020 3998 3228 4052 Baruch
3265 4000 3330 4066 ὶι(
3364 3999 3431 4051 li-

1851 4083 1954 4139 lius
1979 4083 2152 4139 Neria:
2186 4086 2207 4154 1
2241 4085 2396 4153 juxta
2434 4086 2640 4151 omnia,
2669 4102 2790 4155 quae
2821 4087 3074 4156 praecepit
3107 4088 3154 4140 ei
3188 4085 3426 4140 Ieremia

1851 4174 2133 4240 propheta,
2174 4173 2240 4225 ad
2290 4172 2573 4241 legendum
2628 4173 2681 4226 in
2712 4173 2851 4227 libro
2901 4175 3066 4228 verba
3110 4173 3322 4227 Domini
3367 4172 3424 4228 in

1849 4258 2012 4313 domo
2049 4259 2281 4316 Domini.
2316 4260 2368 4314 9.
2406 4259 2471 4314 Et
2503 4259 2702 4315 factum
2738 4270 2820 4316 est
2860 4262 2913 4315 in
2955 4278 3100 4315 anno
3132 4263 3207 4330 (ο)
3231 4262 3428 4331 quinto

1849 4344 2077 4400 Ioacitni
2121 4346 2214 4400 lilii
2250 4344 2412 4400 Iosiae
2451 4351 2593 4417 regis
2629 4348 2800 4412 Iudze,
2854 4349 2909 4402 in
2937 4364 3124 4403 mense
3159 4363 3303 4402 nono
3341 4348 3416 4416 (ρ)

1776 4438 1821 4492 ι)
1850 4433 2201 4503 congregavit
2242 4433 2512 4502 jejunium
2567 4450 2693 4491 ante
2738 4435 2931 4491 faciem
2973 4435 3189 4490 Domini
3243 4436 3428 4492 omnis

1852 4520 2082 4589 populus
2153 4521 2413 4587 Israelis,
2473 4531 2530 4576 et
2587 4523 2766 4578 omnis
2853 4523 3083 4592 populus
3147 4523 3428 4578 venientes

1851 4621 1920 4659 ex
1970 4606 2195 4662 urbibus
2250 4607 2423 4673 Iudae,
2478 4610 2531 4663 in
2583 4607 2907 4675 Ierusalem,
2965 4622 3027 4664 σι-
3085 4609 3280 4664 domus
3327 4607 3429 4663 Iu-

1850 4693 1933 4748 da
1992 4695 2067 4763 1.
2117 4694 2202 4748 10.
2267 4694 2334 4748 Ει
2389 4696 2514 4766 legit
2565 4695 2774 4750 Baruch
2840 4697 2895 4751 in
2963 4696 3103 4751 libro
3167 4699 3232 4764 )t(
3275 4695 3345 4749 τὰ
3397 4698 3422 4767 1

1851 4780 2013 4834 verba
2064 4779 2312 4835 Ieremiee
2366 4782 2419 4835 in
2483 4782 2648 4836 domo
2707 4781 2945 4846 Domini,
3007 4781 3080 4853 (q)
3146 4782 3200 4836 in
3263 4783 3425 4836 domo

1851 4863 2121 4920 Gamariaa
2153 4868 2247 4920 lilii
2274 4868 2491 4938 Saphan
2523 4869 2738 4933 scribae,
2781 4871 2836 4923 in
2869 4870 3010 4925 atrio
3040 4871 3328 4939 superiori,
3367 4870 3422 4923 in

1482 4970 1832 5048 (r)__S.,_qu;e
1858 4976 2107 5048 estiapud
2132 4978 2388 5031 exedram
2437 4977 2764 5047 principum,
2819 4995 2939 5048 qua}
2968 4994 3134 5048 supra
3167 4981 3419 5034 exedram

1327 5042 1391 5114 (ι)
1427 5039 1515 5114 A_.,
1549 5039 2260 5114 8.,_2Kl“l’01‘£,'scyphos.
2360 5039 2550 5114 (a)-An
2588 5039 2677 5114 qui

1215 5078 1225 5091 .
1327 5063 1391 5108 μ)
1427 5063 1515 5103 11.,
1549 5063 1627 5103 0.,
1661 5063 1995 5107 Lnl‘PUlL,
2025 5063 2219 5114 ςειρηοη

1215 5109 1414 5173 venite,
1457 5111 1842 5180 ingrediantur.
1960 5119 2034 5180 (ῃ)
2063 5063 2149 5179 ᾸΙἿ
2181 5115 2219 5170 8

159 5185 241 5249 (a)
275 5181 362 5243 8.,
418 5195 598 5249 annon
623 5178 919 5248 accipietis.
997 5179 1072 5246 (ὁ)
1103 5179 1194 5242 A.,
1236 5178 1671 5249 antevertenshet
1728 5183 1933 5236 dicens.

161 5247 374 5325 ζελΑη
421 5247 541 5325 Τῇ...
595 5264 696 5325 pro
753 5263 820 5301 eo
872 5250 1014 5325 quod
1061 5248 1378 5325 audivistis.
1450 5247 1780 5325 '(nhlieliqni
1812 5268 1829 5304 :
1863 5247 2058 5325 vestr}:
2093 5247 2197 5325 '(g)
2233 5247 2438 5322 Reliqui
2476 5247 2695 5310 :ivobis.

529 5289 541 5310 ,
582 5265 696 5369 fro
753 5265 820 5301 eo
872 5265 1014 5317 quoa
1073 5265 1378 5302 auumsus.
1457 5265 1523 5320 υ)
1577 5265 1779 5319 rteuqm
1812 5268 1829 5304 :
1863 5265 2045 5307 vestri.

529 5320 544 5380 )
631 5320 660 5370 τι
693 5332 815 5387 me.
923 5318 994 5386 (Ιί)
1037 5317 1100 5371 Α.
1136 5359 1150 5383 ,
1201 5317 1471 5372 volumen.
1531 5317 1613 5381 S.,
1665 5322 1936 5387 paginam.
1992 5321 2124 5387 Th.,

2360 5049 2438 5116 (α)
2464 5047 2550 5112 Α.,
2588 5049 2680 5118 qui
2719 5063 2815 5100 vos
2839 5047 3010 5116 super
3034 5047 3095 5102 ea
3125 5050 3416 5118 peregrini.

1960 5119 2034 5184 (ῃ)
2063 5114 2149 5186 Α.,
2181 5115 2262 5180 8.,
2297 5114 2579 5186 Syrorum.
2604 5114 2620 5118 ⁷
2685 5121 2759 5185 (z)
2788 5118 2874 5183 Α.,
2907 5114 3028 5180 Tli.,
3054 5114 3415 5173 et'sedi—mus.

2041 5185 2536 5274 (c)l.:i\.,ngb:._',”77:h.,y
2565 5188 2893 5274 dicensllr‘l)
2914 5188 3141 5274 ‘Ileliq‘ui
3167 5202 3191 5274 :7
3217 5190 3415 5274 studia.

2782 5257 2981 5326 (h)’A.,
3027 5257 3145 5320 Th.,
3184 5273 3288 5309 nun
3321 5257 3417 5309 de-

2605 5326 2666 5392 (l)
2701 5323 2906 5396 Reliqui
2940 5345 2958 5381 .'
2994 5328 3202 5382 locutus
3272 5341 3416 5382 sum.

2893 5400 2969 5468 (τι)
3000 5397 3086 5460 Α..
3125 5395 3208 5461 8.,
3239 5395 3419 5450 inclu-

2191 5325 2507 5390 capitulum.

157 5648 160 5652 .
233 5597 311 5677 (‘)_
331 5597 504 5677 Syrtis
536 5604 740 5677 uoster.
775 5605 1014 5677 nmnnn.
1051 5596 1517 5677 AquodLrespondet
1539 5597 1616 5667 τῷ
1639 5609 1788 5677 .‘pnn
1813 5608 1996 5656 textus
2023 5600 2293 5658 llebraici.
2325 5600 2616 5673 Perperam
2641 5603 2874 5658 reddidit
2906 5603 3175 5677 Norberg,
3203 5602 3414 5659 mturir-

161 5667 372 5730 cordiu,
401 5674 460 5720 ut
491 5667 652 5722 habet
681 5674 859 5720 textus
883 5675 1134 5736 reCeptus
1159 5666 1270 5720 πῶν
1296 5683 1422 5732 Lxx,
1455 5666 1621 5732 ἕλεος.
1653 5669 1853 5724 υιιΑαιι.
