3902 6494
475 320 619 377 2565

1652 306 1875 367 CODEX
1916 304 2591 364 SYRO—HEXAPLARIS.

3623 316 3751 373 2561

476 436 752 495 vestibulo
784 443 957 506 porta
985 448 1139 489 nova:
1161 432 1360 488 domus
1389 428 1624 494 Domini,
1655 429 1710 485 in
1738 429 1965 484 auribus
2000 431 2067 497 Χ
2097 433 2144 490 Α
2171 425 2357 493 verba,
2406 440 2529 496 qua;
2556 424 2856 496 scripsth
2890 425 3106 483 Baruch
3145 440 3212 483 ex
3240 440 3341 484 ore
3376 427 3647 495 ieremiae,
3674 431 3746 485 di-

477 525 663 582 omnis
688 527 713 593 1
742 523 949 596 populi.
982 522 1071 578 11.
1096 521 1164 576 Et
1192 520 1404 577 audivit
1422 518 1598 575 Mieha
1626 520 1770 574 ﬁlius
1801 517 2074 572 Camarina

479 611 574 666 tllii
629 609 850 679 Saphan
880 608 1068 663 omnia
1101 608 1265 664 verba
1304 607 1515 663 Domini
1561 622 1627 663 ex
1665 607 1845 662 libro:
1893 606 1979 660 12.
2018 614 2073 662 et

485 698 773 751 descendit
802 696 856 749 in
891 694 1119 750 domum
1167 694 1331 766 regis,
1366 694 1422 749 in
1467 694 1693 749 domum
1739 692 1935 748 scriba:
1970 711 1985 748 :
2015 702 2072 749 et

478 802 609 843 ecce
642 787 714 842 ibi
742 802 809 842 ex
836 788 1097 843 omnibus
1129 786 1468 857 principibus
1516 784 1798 850 sedebant,
1830 783 2071 841 Elisama

478 877 683 942 scriba,
721 885 777 932 et
822 878 1006 932 Dalaia
1051 878 1195 933 ﬁlius
1226 878 1472 944 Samaeze,
1517 885 1571 932 et
1615 876 1871 932 Eliathim
1924 876 2070 933 ﬁlius

478 968 733 1023 Aboehor
772 968 859 1039 (·),
900 977 955 1024 et
995 969 1251 1024 Gamaria
1281 969 1425 1025 ﬁlius
1472 967 1714 1037 Saphan,
1748 976 1802 1021 et
1842 968 2068 1023 Sedecia

479 1062 624 1116 ﬁlius
654 1060 937 1127 llananiaa,
973 1071 1027 1117 et
1061 1078 1254 1118 omnes
1285 1061 1581 1133 principes.
1620 1061 1709 1115 15.
1747 1059 1812 1115 Et
1852 1076 2069 1115 annun-

478 1154 634 1207 tiavit
660 1153 741 1208 eis
798 1152 977 1209 Micha
1016 1154 1199 1208 omnia
1245 1154 1432 1217 verba,
1468 1167 1590 1223 quae
1617 1152 1917 1219 audiverat,
1942 1169 2066 1209 cum

477 1250 682 1322 legeret
708 1249 919 1305 Baruch
947 1250 1001 1305 in
1030 1251 1195 1315 libro,
1233 1250 1286 1304 in
1313 1263 1475 1303 aures
1510 1248 1716 1319 populi.
1751 1248 1835 1302 14.
1870 1249 1938 1304 Ει
1963 1248 2067 1303 mi-

478 1352 670 1397 serunt
691 1356 880 1397 omnes
904 1343 1181 1410 principes
1211 1340 1278 1394 ad
1315 1338 1552 1404 Baruch,
1584 1339 1648 1394 ad
1672 1336 1868 1393 Jehudi
1892 1338 2061 1393 tilium

476 1434 784 1497 Nathauize,
832 1433 927 1488 ﬁlii
976 1432 1253 1497 Salamiae,
1290 1431 1384 1486 ﬁlii
1433 1430 1624 1494 Chusi,
1668 1431 1912 1486 dicentes
1950 1430 2066 1502 :(r)

477 1525 727 1587 Librum,
761 1540 868 1592 quo
903 1522 1082 1593 legisti
1126 1524 1193 1591 Χ
1238 1522 1294 1577 in
1344 1537 1409 1577 eo
1441 1523 1465 1593 1
1507 1522 1559 1576 in
1593 1521 1820 1577 auribus
1854 1521 2059 1591 populi,

476 1630 632 1670 sume
666 1631 791 1669 eum
824 1613 878 1667 in
924 1629 1146 1667 manum
1180 1622 1350 1679 tuam,
1374 1624 1427 1669 et
1454 1614 1597 1670 veni.
1621 1614 1689 1671 Et
1718 1615 1917 1671 sumsit
1959 1614 2062 1670 Ba-

473 1706 611 1761 ruch
644 1705 788 1760 ﬁlius
818 1703 996 1759 Neria:
1023 1704 1223 1757 librum
1256 1704 1310 1758 in
1351 1722 1517 1761 manu
1546 1722 1667 1773 sua,
1697 1714 1753 1762 et
1779 1706 2062 1761 descendit

2174 528 2309 570 cens
2334 534 2347 569 :
2377 515 2469 571 28.
2503 517 2702 571 lterum
2721 532 2878 571 sume
2899 506 3001 572 tibi
3021 517 3264 572 chartam
3289 517 3478 582 aliam,
3508 528 3565 574 et
3590 521 3749 578 scribe

2174 608 2243 676 Χ
2294 622 2545 677 superea
2584 610 2607 679 1
2650 611 2833 665 omnia
2871 610 3034 664 verba
3091 612 3159 678 Χ
3190 610 3307 667 haec
3347 612 3537 681 priora
3570 611 3680 668 hac
3709 616 3744 682 1,

2173 711 2297 766 quae
2325 696 2549 752 fuerunt
2573 713 2743 768 super
2772 699 2961 753 charta
2993 700 3062 766 Χ
3093 698 3262 768 priori
3306 698 3330 769 1
3358 739 3373 763 ,
3404 714 3578 769 quam
3610 716 3747 756 com-

2188 787 2363 843 bussit
2393 785 2600 843 Joacim
2644 804 2737 845 rex
2768 791 2837 856 Χ
2875 787 3028 845 Iudae
3060 791 3108 860 1,
3141 790 3232 845 29.
3264 799 3318 845 et
3347 790 3415 845 ad
3445 787 3654 845 Joacim
3678 806 3749 845 re-

2172 895 2292 951 gem
2313 878 2469 935 Juda:
2489 880 2641 935 dices
2669 894 2685 933 :
2705 878 2797 934 Sic
2822 881 2961 935 dixit
2987 881 3252 935 Dominus
3271 898 3284 934 :
3300 877 3381 935 Tu
3412 880 3755 936 combussisti

2176 970 2380 1025 librum
2420 971 2588 1035 hunc,
2625 969 2695 1041 (k)
2722 986 2848 1025 cum
2887 971 3071 1026 dixisti
3110 990 3125 1026 :
3159 971 3343 1036 Quare
3368 972 3640 1042 scripsisti
3671 988 3760 1027 ευρ

2168 1073 2279 1128 per
2304 1074 2394 1124 eo,
2419 1060 2611 1115 dicens
2641 1078 2655 1115 :
2685 1060 2751 1130 (ι)
2784 1058 3144 1132 lngrediendo
3173 1062 3516 1132 ingredietur
3550 1078 3642 1117 rex
3662 1060 3758 1116 Ba-

2170 1149 2406 1219 bylonis,
2440 1150 2535 1220 (m)
2578 1156 2633 1206 et
2660 1150 2864 1206 delebit
2889 1160 3093 1206 terram
3120 1152 3287 1217 hanc,
3320 1151 3403 1222 (η)
3440 1160 3499 1207 et
3513 1152 3759 1209 deﬁcere

2169 1241 2335 1296 faciet
2367 1242 2436 1296 ab
2485 1256 2551 1296 ea
2593 1243 2893 1308 hominem,
2925 1253 2979 1298 et
3025 1242 3383 1313 jumentum?
3409 1242 3503 1299 5ο.
3531 1243 3757 1316 Propter

2168 1332 2273 1387 hoc
2290 1332 2372 1388 sic
2398 1334 2537 1388 dixit
2570 1332 2839 1389 Dominus
2881 1349 3044 1404 super
3086 1332 3297 1389 Joacim
3336 1350 3525 1406 regem
3565 1335 3751 1393 lude:

2165 1420 2284 1477 Non
2307 1424 2411 1479 erit
2438 1422 2507 1478 ei'
2527 1424 2724 1479 sedens
2769 1439 2935 1495 super
2971 1425 3111 1480 solio
3142 1425 3362 1482 Davidis
3393 1447 3406 1481 :
3448 1435 3507 1481 et
3539 1427 3754 1484 cadaver

2164 1511 2286 1580 ejus
2310 1513 2416 1567 erit
2437 1513 2743 1583 projectum
2776 1515 2833 1569 in
2863 1524 2998 1569 aestu
3025 1514 3153 1581 diei,
3194 1525 3247 1570 et
3277 1517 3332 1571 in
3368 1518 3500 1587 gelu
3533 1521 3705 1575 noctis
3737 1536 3749 1573 :

2165 1602 2254 1657 51.
2288 1603 2357 1656 Et
2400 1603 2637 1659 visitabo
2683 1619 2848 1674 super
2876 1620 3023 1668 eum,
3047 1615 3101 1660 et
3128 1622 3293 1676 super
3320 1610 3396 1677 (ο)
3428 1624 3605 1678 genus
3625 1611 3752 1680 ejus,

2165 1703 2219 1748 et
2245 1708 2411 1763 super
2434 1709 2624 1749 servos
2652 1694 2771 1765 ejus
2800 1696 2868 1763 Χ
2898 1709 3093 1751 omnes
3120 1698 3144 1765 1
3171 1697 3491 1767 iniquitates
3529 1700 3685 1769 ejus:
3706 1712 3754 1756 et

476 1796 545 1850 ad
573 1812 688 1851 eos.
727 1798 811 1852 15.
850 1796 915 1852 Ει
944 1797 1201 1852 (merum
1226 1798 1275 1852 εί
1306 1799 1375 1869 (ε)
1403 1818 1415 1852 ε
1439 1797 1504 1869 (ι)
1541 1797 1743 1853 uerum
1772 1801 1839 1866 χ(
1863 1813 2009 1852 nunc
2036 1797 2059 1867 ε
2096 1776 2139 1832 Β
2166 1784 2434 1839 adducam
2466 1800 2633 1855 super
2654 1800 2770 1850 eos,
2799 1795 2854 1840 et
2891 1800 3060 1855 super
3104 1786 3420 1843 habitantes
3453 1790 3511 1843 in
3544 1787 3756 1846 Jerusa-

474 1889 591 1959 lege
620 1888 674 1943 in
713 1904 876 1944 aures
926 1899 1169 1945 nostras.
1196 1887 1263 1943 Et
1301 1890 1432 1957 legit
1458 1888 1671 1943 Barueh
1704 1893 1772 1957 Χ
1813 1889 1866 1942 in
1902 1902 2064 1943 aures

473 1996 666 2037 eorum
703 1983 750 2051 1.
785 1981 870 2037 16.
910 1982 977 2037 Et
1020 1982 1223 2038 factum
1275 1993 1377 2046 est,
1407 1998 1531 2037 cum
1584 1983 1836 2037 audirent
1880 1980 2065 2036 omnia

474 2073 664 2140 verba,
689 2073 765 2145 (ιι)
786 2073 1244 2130 consultaverunt
1261 2074 1646 2145 unusquisque
1665 2074 1731 2128 ad
1751 2072 2061 2143 proximum

474 2180 659 2229 suum,
718 2174 772 2221 et
819 2164 1075 2219 dixerunt
1118 2164 1186 2219 ad
1228 2163 1486 2220 Baruch:
1544 2163 1623 2235 (at)
1677 2163 2064 2218 Annuntiando

473 2254 930 2311 annuntiabimus
955 2256 1065 2327 regi
1088 2254 1275 2310 omnia
1305 2254 1468 2311 verba
1499 2255 1636 2310 hate.
1670 2254 1756 2309 17.
1791 2253 1856 2308 Et
1889 2252 2063 2308 Baru-

472 2346 641 2401 chum
712 2346 1137 2415 interrogarunt,
1199 2346 1504 2402 dicentes:
1563 2346 1843 2401 Annuntia
1905 2346 2064 2400 nobis

472 2437 658 2507 igitur,
717 2437 865 2492 unde
908 2436 1177 2506 scripsisti
1221 2438 1406 2492 omnia
1440 2438 1605 2492 verba
1634 2436 1844 2505 haecx
1891 2437 1966 2508 (y)
1994 2452 2063 2491 ex

471 2544 566 2583 ore
611 2528 731 2598 ejus
765 2529 833 2599 1?
880 2528 967 2584 18.
1001 2527 1066 2584 Et
1116 2529 1255 2585 dixit
1286 2532 1355 2599 Χ
1383 2529 1461 2585 eis
1494 2528 1517 2598 1
1558 2528 1775 2585 Baruch
1809 2546 1821 2581 :
1856 2529 1934 2583 Ex
1966 2545 2063 2585 ore

470 2633 577 2673 suo
604 2615 843 2672 Jeremia
876 2619 1223 2674 annuntiavit
1249 2620 1382 2674 mihi
1409 2619 1595 2675 omnia
1637 2619 1799 2673 verba
1831 2620 1969 2683 haec,
2009 2628 2064 2678 et

468 2725 570 2780 ego
595 2710 786 2780 scripsi
828 2724 994 2781 super
1034 2711 1174 2765 libro
1205 2712 1260 2765 in
1294 2720 1625 2766 atramento.
1662 2710 1753 2765 19.
1802 2710 1868 2765 Et
1902 2711 2062 2766 dixe-

470 2810 601 2855 runt
640 2803 714 2868 (z)
739 2802 1016 2872 principes
1043 2803 1108 2857 ad
1136 2803 1348 2857 Barnch
1391 2819 1405 2856 ;
1448 2802 1613 2870 Vade,
1648 2804 1858 2857 occulta
1890 2812 1961 2867 te,
1988 2812 2059 2867 ,ιιι

469 2900 525 2946 et
568 2889 804 2946 Ieremia
836 2909 849 2946 :
886 2893 1051 2947 homo
1099 2908 1208 2947 non
1241 2892 1401 2956 sciat,
1432 2890 1524 2945 ubi
1555 2907 1671 2945 vos.
1724 2891 1815 2945 20.
1857 2890 1923 2944 Ει
1979 2890 2063 2944 in-

470 2982 643 3051 gressi
669 2991 796 3036 sunt
826 2984 891 3037 ad
919 2998 1100 3054 regem
1133 2984 1186 3037 in
1215 2983 1415 3038 atrium
1444 3000 1457 3037 :
1487 2992 1540 3037 et
1562 2982 1761 3037 librum
1798 2980 1870 3054 (a)
1898 2982 2062 3037 dede-

473 3082 604 3127 runt
638 3073 703 3127 ad
726 3073 1146 3129 custodiendum
1175 3075 1249 3143 (b)
1279 3074 1332 3128 in
1363 3074 1528 3128 domo
1562 3072 1817 3128 Elisama:
1843 3072 2057 3127 scribae.

472 3161 539 3217 Et
586 3164 984 3219 annuntiarunt
1012 3165 1083 3235 (ο)
1118 3164 1233 3235 regi
1273 3164 1458 3219 omnia
1488 3164 1604 3219 haec
1636 3163 1822 3219 verba.
1861 3162 1951 3217 21.
1997 3162 2062 3217 Et

471 3256 621 3310 misit
653 3271 744 3310 rex
770 3255 967 3311 Jehudi
997 3256 1067 3310 ad
1114 3256 1439 3310 sumendum
1478 3253 1697 3311 librum.
1748 3252 1815 3307 Et
1863 3254 2062 3308 sumsit

470 3360 598 3399 eum
630 3347 716 3414 (ά)
758 3361 822 3400 ex
882 3345 1051 3400 domo
1103 3344 1355 3401 Elisamze
1394 3345 1611 3409 scribat,
1660 3354 1713 3399 et
1753 3342 1883 3413 legit
1933 3357 2058 3397 eum

468 3432 667 3491 Jehudi
699 3436 751 3489 in
786 3450 949 3490 aures
996 3436 1162 3506 regis,
1192 3436 1326 3490 etin
1370 3451 1533 3490 aures
1570 3435 1815 3490 omnium
1856 3434 2058 3503 princi-

470 3541 601 3597 pum
633 3526 896 3581 stantium
947 3527 1329 3601 circa‘regem.
1370 3526 1461 3583 22.
1500 3526 1568 3581 Et
1612 3541 1708 3583 rex
1744 3525 1966 3605 sedebat
2004 3526 2057 3580 in

469 3617 637 3677 domo
661 3616 901 3684 hiemali,
940 3618 996 3672 in
1050 3633 1238 3673 mense
1269 3633 1439 3683 nono,
1502 3627 1557 3675 et
1606 3616 1761 3674 focus
1800 3618 1869 3689 (ε)
1916 3618 2058 3688 ignis

468 3718 596 3764 ante
648 3708 843 3764 faciem
880 3710 1020 3781 ejus.
1061 3711 1153 3765 25.
1188 3709 1255 3764 Et
1306 3710 1509 3767 factum
1536 3721 1643 3779 est,
1676 3728 1802 3767 cum
1857 3713 2059 3784 legeret

467 3799 665 3857 Jehudi
696 3801 800 3857 tria
834 3799 963 3857 folia
988 3811 1041 3857 et
1063 3812 1320 3873 quatuor,
1344 3803 1564 3860 discidit
1592 3820 1653 3861 ea
1684 3806 1899 3876 scalpro
1921 3807 2058 3863 scri-

478 3893 582 3956 bae,
618 3904 672 3948 et
700 3893 832 3963 jecit
880 3893 936 3949 iu
972 3893 1176 3962 ignem.
1200 3895 1295 3965 qui
1324 3911 1489 3965 super
1516 3895 1662 3961 foco,
1697 3897 1870 3955 donec
1905 3898 2057 3955 defe-

472 3984 548 4038 rit
600 3993 715 4040 tota
764 3984 954 4041 charta
1009 3985 1063 4040 in
1112 3985 1312 4056 ignem,
1346 3990 1414 4054 Χ
1464 3989 1559 4059 qui
1621 4005 1787 4059 super
1832 3991 1854 4061 1
1910 3989 2052 4047 foco.

469 4077 560 4133 21.
596 4076 662 4132 Et
699 4094 809 4135 non
863 4079 1201 4151 quaesierunt
1230 4081 1323 4152 (f),
1373 4098 1553 4153 neque
1594 4094 1857 4154 ruperunt
1892 4084 2056 4137 vesti-

470 4180 655 4224 menta
685 4184 785 4225 sua
822 4185 941 4237 rex,
986 4179 1045 4226 et
1076 4187 1269 4227 omnes
1296 4173 1438 4227 servi
1468 4174 1613 4242 ejus,
1639 4173 1732 4244 qui
1764 4173 2058 4233 audierunt

468 4260 656 4315 omnia
689 4260 854 4315 verba
900 4262 1034 4317 hac.
1063 4261 1154 4316 25.
1189 4262 1263 4332 (g)
1290 4260 1358 4317 Et
1389 4264 1659 4328 Eliathan,
1688 4272 1744 4318 et
1776 4263 1983 4329 Dalaia,
2003 4274 2057 4320 et

468 4350 726 4407 Gamaria
752 4353 829 4422 (ἡ)
860 4353 1152 4409 consilium
1171 4355 1438 4410 dederunt
1460 4356 1594 4425 regi,
1618 4365 1677 4409 ut
1700 4372 1807 4410 non
1826 4359 2055 4413 combu-

2165 1875 2295 1941 lem,
2326 1886 2379 1931 et
2416 1891 2582 1946 super
2614 1877 2692 1947 (p)
2736 1887 2939 1933 terram
2995 1876 3151 1934 Iudae
3197 1881 3384 1935 omnia
3427 1882 3591 1947 mala,
3637 1899 3755 1953 qua

2165 1967 2384 2023 locutus
2448 1980 2571 2022 sum
2639 1982 2806 2038 super
2876 1983 2994 2035 eos,
3046 2009 3063 2037 ,
3125 1979 3326 2026 etnon
3410 1973 3753 2031 audiverunt.

2164 2058 2255 2114 52.
2284 2056 2351 2112 Et
2370 2056 2607 2113 Jeremia
2640 2059 2843 2114 sumsit
2876 2060 3128 2115 chartam
3162 2062 3349 2127 aliam,
3379 2071 3435 2118 et
3464 2065 3619 2119 dedit
3642 2081 3751 2121 eam

2165 2150 2232 2203 ad
2255 2148 2470 2203 Baruch
2496 2148 2670 2204 ﬁlium
2700 2148 2878 2205 Neria:
2904 2151 3164 2218 scribam,
3195 2164 3249 2210 et
3271 2155 3499 2225 scripsit
3524 2172 3753 2226 βαρεῖα

2163 2254 2227 2295 ex
2256 2256 2351 2296 ore
2380 2240 2633 2297 Ieremia:
2653 2241 2839 2297 omnia
2874 2243 3040 2297 verba
3079 2243 3225 2310 libri,
3259 2260 3421 2315 quem
3445 2248 3752 2302 combusse-

2163 2342 2249 2386 rat
2302 2330 2511 2387 Joacim
2551 2349 2649 2387 rex
2679 2331 2834 2388 ludat
2886 2333 2941 2389 in
2993 2335 3118 2405 igne
3152 2353 3166 2390 :
3197 2346 3253 2392 et
3288 2337 3532 2407 ampiius
3584 2340 3756 2393 addita

2163 2433 2293 2480 sinit
2322 2425 2370 2479 ei
2395 2425 2561 2479 verba
2590 2425 2768 2495 plura,
2796 2426 2943 2481 sicut
2976 2426 3116 2483 haec.

2232 2515 2365 2585 Cap.
2400 2514 2663 2571 XXXVII.
2689 2548 2759 2559 —
2783 2517 2834 2573 1.
2876 2516 2942 2573 Et
2958 2520 3212 2590 regnavit
3238 2536 3329 2577 rex
3351 2522 3589 2577 Sedecia
3620 2524 3757 2581 ﬁlius

2162 2602 2333 2659 Josize
2385 2620 2486 2675 pro
2535 2605 2801 2663 Jechonia
2839 2608 2957 2664 tilio
2984 2607 3198 2665 Joacim
3223 2651 3238 2672 .
3276 2627 3443 2682 quem
3480 2615 3759 2669 constituit

2162 2710 2344 2765 regem
2370 2695 2878 2754 Nabuchodonosor
2911 2715 3005 2757 rex
3048 2699 3362 2772 Babylonis,
3411 2712 3474 2757 ut
3508 2717 3759 2774 regnaret

2165 2787 2241 2858 (q)
2270 2803 2438 2858 super
2465 2787 2629 2844 Juda.
2651 2789 2706 2844 2.
2732 2789 2795 2844 Et
2824 2805 2935 2845 non
2964 2790 3175 2846 audivit
3204 2792 3341 2860 ipse,
3364 2800 3419 2847 et
3447 2795 3594 2847 servi
3618 2793 3757 2862 ejus,

2162 2888 2216 2934 et
2252 2880 2486 2950 populus
2512 2888 2692 2947 terrae,
2718 2882 2882 2937 verba
2908 2881 3147 2948 Domini,
3182 2900 3304 2954 quae
3337 2886 3560 2941 locutus
3592 2897 3675 2942 est
3706 2888 3758 2941 in

2163 2987 2331 3027 manu
2376 2969 2630 3028 Ieremia!
2658 2974 2967 3045 prophetae.
3009 2974 3065 3030 5.
3101 2974 3170 3029 Et
3218 2975 3371 3031 misit
3395 2993 3496 3032 rex
3537 2976 3760 3032 Sedecia

2165 3063 2237 3134 (τ)
2269 3063 2503 3120 Jucham
2546 3065 2719 3120 lilium
2773 3066 3046 3135 Selemiae,
3096 3078 3151 3123 et
3197 3068 3543 3138 Sophoniam
3590 3070 3758 3124 ﬁlium

2165 3154 2411 3211 Maasain
2446 3156 2788 3212 sacerdotem
2830 3160 2897 3212 ad
2928 3157 3223 3215 Jeremiam
3248 3164 3314 3228 Χ
3344 3162 3667 3232 prophetam
3696 3162 3758 3230 1,

2162 3247 2353 3303 dicens
2377 3266 2391 3303 ε
2413 3247 2520 3304 Ora
2540 3250 2607 3317 Χ
2640 3265 2787 3304 nunc
2814 3251 2836 3318 1
2860 3267 2957 3321 pro
2991 3251 3150 3306 nobis
3179 3253 3246 3308 ad
3270 3252 3568 3308 Dominum
3587 3253 3762 3308 Deum

2162 3348 2435 3394 nostrum.
2478 3341 2534 3395 ι.
2568 3339 2635 3394 Ει
2662 3338 2899 3396 Jeremia
2932 3342 3002 3413 (ε)
3040 3342 3258 3399 transiit
3303 3359 3401 3413 per
3427 3344 3671 3399 medium
3696 3346 3761 3413 (ι)

2161 3431 2377 3487 turbat:
2410 3440 2465 3486 et
2495 3447 2603 3487 non
2637 3434 2913 3488 duxerunt
2940 3450 3064 3489 eum
3104 3437 3182 3507 (ιι)
3223 3436 3279 3490 in
3307 3436 3539 3492 domum
3575 3447 3765 3492 custo—

2159 3522 2283 3579 diae.
2318 3524 2373 3578 5.
2409 3523 2476 3579 Et
2506 3524 2751 3594 potentia
2796 3526 3106 3584 Pharaonis
3134 3530 3269 3584 exiit
3298 3544 3365 3585 ex
3396 3530 3676 3603 Egypto:
3710 3541 3765 3586 et

2160 3615 2456 3670 audierunt
2492 3616 2755 3682 Chaldaei,
2786 3621 2882 3688 qui
2903 3622 3407 3688 Xcircumdabant
3444 3623 3588 3679 bello
3620 3625 3645 3694 1
3676 3623 3764 3678 Je-

2158 3707 2422 3771 rusalem,
2454 3707 2658 3762 famam
2691 3725 2907 3776 eorum,
2950 3716 3017 3781 Χ
3045 3723 3099 3767 et
3131 3715 3502 3769 ascenderunt
3533 3730 3565 3769 a
3598 3713 3761 3770 Jeruo

2160 3797 2387 3866 salem1.
2413 3798 2466 3853 6.
2488 3798 2554 3853 Et
2571 3799 2775 3856 factum
2793 3812 2878 3857 est
2893 3806 3119 3860 verbum
3137 3805 3350 3860 Domini
3373 3806 3443 3861 ad
3460 3805 3761 3861 Jeremiam

2157 3886 2504 3956 prophetam,
2544 3888 2733 3961 dicens
2764 3910 2776 3945 :
2813 3890 2863 3947 7.
2899 3891 2991 3948 Sic
3018 3894 3156 3949 dixit
3200 3892 3346 3950 Deus
3376 3894 3608 3949 Israelis
3634 3913 3646 3946 :
3674 3896 3763 3951 Sic

2159 3977 2350 4034 dicetis
2401 3981 2467 4033 ad
2509 3995 2689 4052 regem
2739 3981 2918 4052 Judae,
2966 3987 3057 4056 qui
3094 3987 3245 4042 misit
3277 3989 3465 4055 Xvos
3491 3989 3565 4044 ad
3598 3991 3760 4056 me1,

2160 4071 2228 4125 ad
2264 4071 2664 4141 exquirendum
2696 4090 2822 4131 me:
2848 4075 2988 4132 Ecce
3010 4079 3254 4148 potentia
3288 4079 3761 4152 Pharaonis,que

2157 4162 2291 4217 exiit
2307 4162 2358 4216 in
2374 4163 2639 4218 auxilium
2657 4170 3355 4241 vestrum,revertentur(x)
3367 4169 3755 4243 inEgyptum:

2158 4252 2213 4306 8.
2242 4251 2309 4307 Et
2338 4254 2594 4309 redibunt
2620 4269 2685 4312 οι-
2714 4256 2791 4311 illi
2816 4257 2837 4325 1
2864 4259 3126 4325 Chaldaei,
3158 4271 3211 4316 et
3242 4263 3576 4335 pugnabunt
3599 4281 3761 4334 super

2159 4343 2352 4397 urbem
2391 4345 2553 4409 hanc,
2587 4355 2641 4401 et
2672 4348 2889 4417 capient
2922 4365 3066 4417 eam,
3100 4361 3155 4406 et
3195 4354 3533 4409 comburent
3555 4372 3678 4411 eam
3706 4357 3759 4410 in

468 4452 614 4497 reret
644 4445 893 4499 chartam
934 4463 949 4499 :
981 4453 1034 4500 et
1064 4462 1173 4501 non
1205 4446 1413 4502 audivit
1437 4462 1550 4502 eos.
1594 4447 1683 4501 26.
1714 4447 1781 4501 Et
1800 4450 2057 4519 praecepit

2168 4435 2302 4503 igne.
2330 4435 2384 4490 9.
2414 4434 2508 4491 Sic
2530 4436 2669 4492 dixit
2695 4438 2962 4496 Dominus
3001 4462 3013 4496 :
3061 4444 3138 4513 (ει)
3170 4443 3246 4499 Ne
3279 4447 3622 4502 existimetis
3645 4450 3761 4502 ani-

466 4552 563 4591 rex
603 4537 858 4592 Jcremiel
906 4539 1017 4593 ﬁlio
1054 4540 1217 4605 regis,
1271 4551 1325 4595 et
1362 4538 1567 4595 Saraiaa
1607 4542 1720 4595 tilio
1770 4540 1968 4605 Ezriel,
1998 4551 2053 4597 et

469 4627 717 4684 Selemia:
764 4629 878 4684 lilio
916 4630 1130 4695 Abdiel,
1167 4639 1226 4686 ut
1271 4632 1796 4700 comprehenderent
1838 4632 2049 4688 Baruch

466 4721 727 4787 scribam,
769 4731 823 4776 et
854 4719 1147 4778 Jeremiam
1180 4722 1498 4795 prophetam
1525 4740 1539 4791 ;
1567 4724 1627 4793 (i)
1653 4732 1706 4779 et
1736 4742 1794 4779 se
1819 4726 2051 4781 abscon-

468 4808 743 4864 diderunt.
773 4811 862 4866 27.
896 4812 961 4866 Et
981 4811 1183 4866 factum
1209 4820 1292 4867 est
1316 4813 1542 4867 verbum
1575 4815 1784 4868 Domini
1810 4816 1875 4871 ad
1899 4815 2051 4871 Jcre-

468 4901 657 4967 miam,
680 4911 967 4971 postquam
983 4902 1363 4958 combusserat
1386 4917 1480 4957 rex
1504 4903 1770 4969 chartam,
1792 4915 1844 4960 et
1868 4907 2049 4964 omnia

535 5082 617 5208 (νέ
639 5082 1037 5165 Α.,νοιυιηθη.
1100 5084 1181 5151 S.,
1243 5084 1564 5168 capitulum.
1658 5085 1733 5211 gs)
1778 5084 2085 5174 Principes.

535 5155 556 5222 i.
624 5194 661 5217 .,
695 5170 868 5216 visne.
918 5163 979 5208 ut
1027 5156 1465 5226 annuntiemus?
1537 5155 1612 5226 (υ)
1703 5173 1843 5226 .,ex
1874 5175 1969 5215 ore
2004 5177 2085 5226 eju

465 5153 556 5226 (ξε).
577 5153 661 5217 8.,
695 5154 868 5216 visne.
918 5163 979 5208 ut
1027 5153 1465 5226 annuntiemus?
1537 5157 1590 5226 (y

467 5222 551 5289 S.,
602 5234 901 5294 posuerunt
914 5266 945 5295 ,κ
1024 5226 1098 5295 (b)

463 5292 682 5349 ardens.
714 5364 719 5365 ί
748 5295 858 5365 “(1')
919 5292 1229 5365 Dominum.

464 5364 806 5419 abscondidit
842 5363 953 5418 "eos
1004 5363 1289 5421 Dominus.
1340 5363 1422 5429 S.,

462 5434 743 5507 veniendo
768 5434 965 5489 veniet.
1014 5435 1254 5507 r(m)A.,
1281 5434 1364 5500 S.,
1407 5446 1461 5507 et
1478 5446 1816 5507 corrumpet.

1778 5173 1843 5241 ex
1874 5175 1969 5240 ore
2004 5163 2124 5241 ejus
2153 5163 2492 5241 dixit,gs_icut
2523 5170 2620 5240 qui
2667 5172 2797 5241 legit
2841 5163 3060 5229 ad‘me.

1156 5224 1244 5292 A.,
1294 5224 1686 5298 doruo_gasa2.
1744 5225 1827 5292 S.,
1876 5229 1932 5283 in
1981 5224 2203 5288 exedra.

1327 5296 1403 5383 (ρ)
1462 5295 1553 5383 Αξ,
1582 5308 1636 5352 et
1697 5300 1940 5383 quidem.
1990 5299 2192 5383 S.,iet
2243 5295 2430 5383 igitur.

1487 5368 1831 5422 abscondidit
1875 5385 1971 5424 eos
2019 5382 2207 5428 autem

1896 5439 1973 5513 (η)
1997 5441 2065 5496 Et
2095 5445 2302 5513 perdet.

2164 4527 2356 4582 mabus
2383 4529 2603 4594 vestris,
2632 4531 2877 4588 dicentes
2905 4551 2918 4586 :
2951 4536 3219 4591 Abeundo
3262 4539 3501 4594 abibunt
3542 4558 3573 4594 a
3605 4541 3758 4596 nobis

2158 4618 2396 4675 Chaldaei
2425 4638 2438 4687 ;
2469 4621 2597 4690 quia
2629 4638 2737 4678 non
2772 4624 3018 4681 abibunt.
3052 4626 3141 4681 10.
3181 4627 3247 4687 Et
3292 4631 3337 4685 si
3364 4635 3759 4703 percusseritis

2159 4724 2378 4766 onmem
2432 4724 2756 4782 potestatem
2792 4716 3193 4788 Chaldaeorum,
3229 4737 3347 4788 eos,
3386 4726 3483 4795 qui
3514 4738 3763 4799 pugnant

2158 4814 2345 4857 contra
2376 4821 2497 4870 vos,
2527 4815 2580 4862 et
2618 4811 2981 4865 remanserint
3021 4811 3075 4865 in
3118 4812 3186 4870 iis
3221 4815 3446 4884 quidam
3483 4821 3757 4885 transﬁxi,

2160 4894 2235 4965 (z)
2261 4897 2643 4968 unusquisque
2660 4899 2712 4955 in
2736 4900 2858 4955 loco
2880 4916 3004 4971 suo,
3028 4916 3089 4959 -t—
3108 4904 3162 4958 hi
3194 4918 3506 4977 resurgent,
3532 4919 3588 4964 et
3607 4927 3756 4965 com-

2185 5094 2392 5178 (Qut,
2468 5098 2618 5178 sede_
2662 5116 2830 5178 nunc.
2892 5102 2997 5178 _(u)
3029 5102 3119 5169 Α.,
3151 5103 3276 5178 5.,-
3317 5105 3752 5178 obstupuerunt.

3139 5174 3441 5247 (z)70mne.
3488 5174 3505 5178 ⁷
3526 5180 3609 5247 (a)
3663 5179 3755 5243 Α.,

2314 5237 2384 5306 (c)
2434 5238 2495 5293 in
2536 5237 2763 5296 aurihu's
2824 5243 2988 5312 regis.
3074 5237 3156 5316 (di
3196 5237 3426 5309 'Jehudi.
3531 5237 3614 5317 ’(ε)
3661 5237 3752 5313 Α.,

2320 5317 2430 5386 tur.
2536 5310 2615 5381 (Ιι)
2657 5311 2742 5386 S.,
2800 5311 3059 5386 dixerunt
3133 5326 3343 5386 contra.
3461 5316 3527 5386 (ἱ)
3556 5319 3654 5382 Α.,
3702 5329 3756 5373 et

3439 5389 3509 5458 (ι)
3534 5389 3635 5452 Α.,
3668 5389 3751 5455 S.,

2394 5448 2591 5528 (01.41.
2626 5465 2831 5528 semen
2864 5448 3006 5528 eius,
3053 5463 3108 5528 et
3168 5472 3335 5525 super
3374 5448 3575 5514 servos
3609 5448 3751 5528 ejus.

2536 5310 2615 5381 (Ιι)
2657 5311 2742 5375 S.,
2803 5310 3093 5369 dixerunt'
3133 5310 3343 5373 contra.

2316 5380 2603 5450 ominusﬁ
2663 5381 2738 5449 (k)
2796 5381 3061 5450 Reliqui:
3118 5384 3331 5443 dicens.

463 5502 543 5599 ςρξ
574 5504 665 5568 Α.,
696 5505 894 5599 virum.
929 5506 1030 5599 1(q)
1059 5508 1153 5599 μη
1183 5506 1237 5559 in
1258 5515 1401 5599 terra
1432 5505 1605 5599 λυέτω.
1683 5502 1755 5599 _(i-)
1788 5502 2061 5566 ΙΟΥΧἈΛ.

2168 5515 2308 5599 chul.
2338 5518 2379 5570 Α
2391 5502 2430 5583 .“,
2448 5502 2487 5573 S
2497 5558 2509 5570 .
2519 5560 2533 5583 ,
2547 5502 2769 5585 ζιὶιέιήὶίξ
2781 5502 2891 5574 Et»;
2900 5502 3136 5593 ‘iédxéi.
3168 5502 3354 5593 -.δ’
3365 5502 3753 5599 ,ἶνίηνέτέἀῖἕιῖξ

461 5571 661 5687 {uiuet
684 5589 891 5687 cadens
920 5571 1045 5687 Spro
1059 5571 1181 5649 55:1
1209 5599 1261 5643 et
1283 5590 1477 5682 eadem
1506 5571 1818 5687 legendum,
1852 5595 1984 5651 mihi
2021 5571 2345 5687 persuadeo,
2376 5571 2967 5687 ν

461 5669 541 5750 (u)
578 5672 668 5748 Α.,
698 5669 783 5735 S.,
818 5672 871 5750 in
901 5672 1421 5750 demumea-meris.

1501 5674 1577 5743 (.r)
1603 5676 1693 5740 Α.,
1714 5676 1766 5728 in
1788 5687 1989 5731 terram
2022 5694 2200 5734 suam.

460 5740 547 5793 vir
577 5740 630 5794 in
663 5743 896 5798 tentorio
919 5758 1040 5817 suo.
1119 5742 1184 5811 (θ)
1211 5741 1350 5811 Lege
1389 5740 1664 5801 Achbbor.
1699 5745 1783 5804 Cf.
1817 5762 1981 5812 supra
2017 5764 2166 5814 xxvr,
2200 5740 2290 5804 ‘22.

2274 5681 2355 5753 (ῃ)
2377 5681 2561 5751 Α.,δη
2590 5700 2659 5773 ne
2681 5686 2972 5759 decipiatis
2991 5690 3205 5748 animas
3236 5702 3473 5750 vestras.
3556 5695 3639 5769 (ι)
3661 5698 3756 5765 Α..
