3902 6538
474 362 612 423 2367

1640 357 1866 415 CODEX
1909 354 2570 414 SYBO-llEXAPLABlS.

3577 358 3715 412 2368

481 493 560 546 tu,
593 493 645 539 et
669 485 862 540 domus
912 495 1022 539 tua.
1051 483 1138 539 18.
1175 483 1231 537 Si
1267 492 1448 537 autem
1477 497 1585 536 non
1617 481 1852 537 exivcris
1881 483 1948 548 >ιί
1991 486 2048 533 ιιι
2080 481 2125 538 Α
2157 491 2434 531 murorum
2464 495 2479 532 :
2517 485 2571 531 et
2607 475 2812 547 egressi
2848 485 2976 530 stint
3003 475 3055 530 in
3087 478 3171 532 via
3200 478 3278 546 (Δ)
3313 478 3514 532 Araba.
3570 481 3625 534 5.
3658 480 3722 534 Et

483 575 546 629 ad
577 576 848 646 principes
883 577 1024 646 regis
1052 574 1340 646 Babylonis
1364 575 1386 643 ζ
1410 617 1426 640 ,
1454 573 1670 628 dabitur
1701 574 1830 628 urbs
1856 572 1971 626 haec
1998 571 2052 624 in

483 684 678 724 manus
713 667 1117 734 Chaldaeorum,
1146 677 1200 722 et
1228 667 1548 721 comburent
1574 681 1693 720 eam
1747 667 1799 719 iu
1834 665 1978 734 igne,
2001 673 2055 718 et

498 774 554 816 tu
602 775 715 815 non
759 761 1058 816 salvaberis
1091 765 1157 830 )s(
1197 779 1227 816 a
1266 761 1519 816 manibus
1545 775 1732 816 eorum
1777 761 1824 829 ζ.
1863 759 1948 814 19.
1991 758 2056 814 Et

481 850 619 905 dixit
649 866 739 905 rex
769 848 994 906 Sedecia
1021 851 1304 908 Jeremiazz
1341 852 1412 921 (p)
1447 851 1556 922 Ego
1602 851 1743 905 ratio
1789 860 1872 904 est
1924 851 2055 904 mihi

480 944 816 1008 Judaeorum,
851 947 943 1014 qui
974 945 1230 1018 fugerunt
1267 946 1334 1001 ad
1367 945 1673 1010 Chaldaeos,
1717 961 1785 999 ue
1814 947 1945 1000 dent
1972 961 2057 1000 me

485 1037 537 1090 iu
578 1053 773 1092 manus
791 1052 1015 1102 eorum,
1045 1047 1098 1093 et
1124 1038 1354 1092 illudant
1387 1037 1540 1091 mihi.
1572 1035 1663 1090 20.
1702 1034 1768 1090 Et
1799 1036 1936 1091 dixit
1965 1035 2056 1090 Je-

483 1126 654 1180 remia
688 1141 700 1176 :
731 1124 849 1179 Non
874 1127 1090 1181 tradent
1122 1135 1192 1182 te.
1228 1126 1367 1181 Audi
1399 1129 1466 1193 3K
1497 1141 1643 1180 nunc
1679 1126 1700 1194 ζ
1731 1128 1803 1198 (q)
1832 1128 2056 1182 verbum

485 1214 722 1281 Domini,
759 1218 827 1286 (r)
863 1217 1008 1284 quod
1050 1233 1151 1288 ego
1199 1219 1392 1287 loquor
1420 1219 1486 1271 ad
1521 1228 1593 1283 te,
1638 1228 1690 1272 et
1723 1219 1921 1275 melius
1955 1221 2060 1275 erit

487 1308 600 1373 tibi,
633 1316 688 1362 et
719 1308 857 1362 vivet
875 1309 1057 1363 anima
1085 1319 1197 1363 tua.
1220 1307 1311 1362 21.
1341 1307 1406 1362 Et
1427 1309 1470 1364 si
1493 1325 1599 1364 uOu
1631 1310 1867 1365 volueris
1888 1312 2057 1375 exire,

486 1400 590 1453 hoc
615 1399 868 1466 verbum,
901 1401 1043 1471 quod
1074 1399 1314 1454 ostendit
1350 1401 1484 1455 mihi
1516 1399 1800 1457 Dominus.
1847 1402 1938 1456 22.
1995 1401 2063 1455 Et

489 1505 616 1554 ecce
645 1505 838 1545 omnes
882 1491 1161 1554 mulieres,
1210 1505 1331 1560 qua:
1383 1491 1583 1547 relicta:
1634 1503 1761 1548 sunt
1811 1495 1865 1549 in
1899 1493 2062 1550 domo

487 1583 630 1652 regis
656 1579 829 1648 Iudae,
859 1581 927 1652 (ε)
969 1597 1202 1652 egressa:
1227 1591 1357 1637 sunt
1380 1585 1446 1638 ad
1475 1584 1750 1654 principes
1780 1586 1921 1657 regis
1962 1585 2064 1640 Ba—

480 1675 735 1746 bylonis,
793 1675 858 1744 (ι)
906 1684 960 1728 et
1006 1674 1089 1728 hae
1144 1675 1442 1730 dixerunt:
1487 1676 1836 1732 Seduxerunt
1876 1688 1958 1743 te,
2011 1689 2065 1734 et

484 1767 882 1835 praevaluerunt
915 1766 1011 1820 tibi
1039 1765 1138 1819 viri
1162 1766 1370 1835 paciﬁci
1392 1768 1459 1836 Χ
1481 1769 1555 1824 tui
1590 1770 1638 1839 ζ.
1670 1769 1746 1841 (it)
1783 1769 1849 1824 Et
1876 1786 2064 1825 corro-

2152 570 2422 640 persecuti
2449 578 2579 624 sunt
2617 578 2859 640 potestas
2901 569 3277 626 Chaldaeorum
3324 582 3449 642 post
3494 589 3613 640 eos,
3669 587 3719 629 et

2153 663 2635 732 apprehenderunt
2662 660 2944 717 Sedeciam
2982 663 3049 734 (ε)
3093 663 3150 718 iu
3200 664 3444 719 Arabotb
3479 663 3719 729 Jericbo,

2151 766 2207 810 et
2233 765 2549 811 sumserunt
2578 771 2726 821 eum,
2761 764 2815 810 et
2846 755 3121 811 duxerunt
3151 772 3275 811 eum
3317 759 3385 812 aa
3431 755 3723 812 Nabucho-

2153 847 2477 902 donosorem
2515 864 2695 920 regem
2747 848 3038 918 Babylonis
3083 849 3138 904 in
3187 848 3417 905 Beblath
3474 853 3532 906 iu
3584 863 3722 908 terra

2156 934 2385 991 Hamth
2419 955 2432 992 :
2465 946 2519 996 et
2551 939 2778 993 'locutus
2808 947 2891 993 est
2920 940 2985 1008 (Ῑ)
3021 955 3147 995 cum
3179 957 3246 996 eo
3282 942 3514 1012 judicia.
3547 943 3602 997 6.
3651 945 3720 1014 (g)

2157 1026 2223 1080 Et
2265 1030 2524 1084 mactavit
2577 1045 2671 1083 rex
2705 1028 2996 1101 Babylonis
3041 1032 3184 1086 ﬁlios
3228 1034 3349 1102 ejus
3401 1035 3456 1088 in
3493 1035 3725 1090 Reblath

2157 1136 2341 1176 coram
2373 1124 2544 1178 oculis
2576 1125 2716 1193 ejus,
2762 1133 2816 1178 et
2849 1135 3051 1180 omnes
3099 1126 3177 1196 (Ii)
3226 1128 3438 1184 nobiles
3477 1126 3633 1184 Iuda:
3669 1130 3727 1199 (ἱ)

2159 1215 2530 1270 mactavitrex
2558 1214 2868 1286 Babylonis.
2911 1217 2962 1270 7.
3006 1219 3067 1272 Et
3117 1220 3309 1276 oculos
3346 1220 3594 1276 Sedeciae
3630 1238 3728 1276 ex-

2155 1306 2398 1374 caecavit,
2439 1317 2493 1361 et
2516 1307 2687 1362 vinxit
2719 1324 2840 1363 eum
2867 1309 2939 1379 (Ις)
2976 1309 3033 1380 (ι)
3065 1310 3118 1364 in
3151 1326 3280 1378 aere,
3318 1313 3385 1368 ad
3417 1312 3726 1369 ducendum

2158 1411 2284 1452 eum
2324 1397 2378 1451 in
2415 1397 2764 1468 Babylonem.
2797 1398 2852 1454 8.
2883 1401 2950 1454 Et
2978 1401 3196 1457 domum
3229 1405 3396 1474 regis,
3429 1413 3488 1460 et
3508 1406 3724 1460 domum

2160 1487 2342 1556 p0pu|i
2379 1487 2799 1543 combusseruut
2843 1489 3086 1545 Chaldaei
3124 1492 3177 1545 in
3217 1493 3361 1564 igne,
3403 1502 3461 1549 et
3519 1511 3724 1549 murum

2161 1565 2460 1634 Jerusalem
2504 1579 2916 1636 destruxcrunt.
2968 1582 3023 1638 9.
3079 1582 3147 1638 Et
3193 1585 3472 1642 residuum
3527 1589 3725 1656 populi,

2164 1671 2260 1739 qui
2292 1669 2513 1724 relictus
2542 1669 2644 1725 fuit
2676 1673 2729 1726 in
2769 1674 2924 1739 urbe,
2957 1684 3013 1729 et
3045 1691 3139 1730 eos
3170 1676 3264 1746 qui
3292 1691 3352 1733 se
3384 1676 3728 1740 dediderunt,

2165 1763 2261 1833 qui
2301 1778 2363 1819 se
2401 1763 2724 1819 dediderunt
2755 1765 2828 1830 ei,
2883 1774 2942 1820 et
2990 1766 3262 1836 reliquum
3318 1769 3548 1838 populi,
3600 1785 3734 1838 quos

485 1858 826 1912 borabuntur
856 1858 909 1912 in
936 1859 1178 1928 lapsibus
1201 1860 1353 1928 pedis
1379 1835 1457 1914 tui
1493 1879 1507 1914 :
1558 1835 1902 1917 recesserunt
1925 1877 1956 1917 a
1988 1871 2059 1927 te,
2093 1835 2140 1894 Β
2169 1853 2385 1910 τοιῖοιοε
2418 1858 2726 1925 deportat!“
2753 1835 3124 1912 Nabuzardali
3151 1835 3412 1929 princeps—
3433 1835 3733 1931 culmorum

480 1949 574 2004 25.
610 1948 675 2004 Et
706 1948 774 2018 Χ
802 1965 996 2006 omnes
1025 1951 1048 2022 ζ
1082 1967 1280 2007 uxores
1307 1961 1460 2018 tuas,
1504 1963 1558 2008 et
1607 1953 1747 2010 lilios
1788 1964 1912 2010 tuos
1932 1955 2063 2010 edu-

485 2050 612 2096 cent
637 2041 704 2095 ad
735 2041 1022 2098 Chaldaeos
1056 2055 1145 2098 :et
1181 2055 1237 2099 tu
1269 2059 1377 2098 non
1411 2045 1710 2101 salvaberis
1737 2049 1804 2116 Χ
1834 2061 1865 2099 a
1899 2062 2064 2101 manu

485 2134 607 2204 ejus
641 2133 667 2201 ζ
697 2151 711 2199 ;
743 2135 872 2204 quia
905 2134 960 2188 in
991 2149 1154 2190 manu
1195 2136 1340 2207 regis
1384 2136 1675 2210 Babylonis
1703 2140 1969 2210 capieris:
2011 2151 2065 2196 et

488 2224 622 2278 urbs
656 2222 774 2278 hazc
807 2224 1157 2279 comburetur
1185 2224 1238 2278 in
1287 2225 1430 2296 igne.
1457 2227 1548 2282 24.
1588 2226 1654 2281 Et
1700 2228 1835 2283 dixit
1860 2243 1954 2284 rex
1977 2229 2061 2283 ei:

489 2313 667 2369 Homo
694 2331 763 2369 ne
786 2318 923 2370 sciat
953 2332 1018 2370 cx
1040 2316 1221 2372 verbis
1246 2318 1330 2373 his
1357 2329 1446 2373 :et
1466 2333 1575 2373 non
1599 2321 1867 2374 morieris.
1889 2320 1982 2376 25.
1999 2319 2066 2375 Et

489 2408 537 2464 si
567 2406 840 2463 audierint
906 2409 1202 2480 principes,
1257 2411 1404 2481 quod
1458 2412 1670 2468 locutus
1709 2427 1831 2468 sum
1863 2413 1980 2477 tibi,
2014 2423 2068 2468 et

489 2500 736 2554 venerint
766 2499 832 2553 ad
866 2509 936 2564 te,
961 2512 1014 2555 et
1041 2501 1277 2557 dixerint
1307 2502 1403 2558 tibi
1429 2521 1442 2557 :
1467 2503 1742 2558 Annuntia
1772 2507 1840 2574 ὶε(
1864 2520 2010 2559 nunc
2039 2506 2062 2574 ζ

491 2593 676 2662 nobis,
711 2595 843 2664 quid
889 2595 1104 2650 locutus
1144 2596 1222 2651 sis
1275 2598 1385 2666 regi
1425 2616 1438 2653 :
1470 2612 1538 2652 ne
1567 2598 1710 2653 celes
1744 2614 1774 2652 a
1805 2599 1978 2664 nobis,
2014 2608 2069 2652 et

493 2701 602 2740 non
641 2687 952 2742 occidemus
1004 2695 1100 2742 te:
1136 2697 1191 2742 et
1243 2688 1374 2757 quid
1415 2689 1628 2745 locutus
1683 2691 1755 2744 sit
1809 2690 1904 2744 tibi
1941 2689 2068 2744 rex?

488 2779 580 2833 26.
618 2777 792 2833 Etiam
825 2779 974 2834 dices
998 2778 1079 2834 eis
1107 2797 1119 2833 :
1151 2778 1231 2851 (π)
1257 2779 1490 2850 Projlcio
1509 2796 1608 2851 ego
1635 2781 2068 2850 deprecationem

489 2885 670 2924 meam
696 2879 822 2925 ante
843 2870 1032 2926 oculos
1066 2870 1212 2940 regis
1238 2872 1303 2924 ad
1341 2872 1465 2937 hoc,
1517 2881 1572 2926 ut
1615 2888 1684 2927 ne
1715 2872 1938 2944 reducat
1982 2889 2070 2927 me

494 2963 549 3016 in
580 2962 805 3017 domum
830 2959 1186 3027 Jouatbanis,
1239 2961 1307 3017 ad
1338 2961 1680 3017 moriendum
1734 2962 1829 3018 ibi.
1883 2961 1973 3017 27.
2003 2961 2069 3016 Et

494 3063 764 3109 venerunt
792 3068 984 3110 omnes
1024 3055 1296 3124 principes
1349 3055 1415 3108 ad
1455 3053 1771 3119 Jeremiam,
1818 3064 1875 3111 et
1903 3056 2071 3111 inter-

492 3156 756 3214 rogarunt
780 3161 928 3200 eum.
974 3145 1041 3200 Et
1069 3146 1414 3201 annuutiavit
1449 3147 1531 3201 eis
1569 3149 1646 3218 (υ)
1691 3148 1874 3203 omnia
1908 3148 2067 3203 verba
2097 3173 2139 3231 ε

494 3237 632 3302 hinc,
685 3253 808 3308 quae
849 3247 1181 3308 prmceperat
1222 3240 1271 3293 ei
1317 3254 1433 3294 rex.
1485 3237 1554 3293 Et
1584 3248 1872 3295 tacuerunt
1913 3241 2070 3308 Καὶ)

495 3341 561 3381 eo
595 3328 663 3397 z;
691 3329 819 3398 quia
857 3343 964 3384 non
991 3329 1237 3386 auditum
1267 3340 1384 3386 erat
1432 3331 1678 3387 verbum.
1709 3332 1801 3388 28.
1841 3332 1908 3388 Et
1933 3333 2070 3390 sedit

493 3417 732 3474 Jeremia
764 3421 817 3475 in
848 3422 991 3476 atrio
1019 3425 1280 3490 carceris,
1315 3439 1489 3495 usque
1511 3426 1579 3481 ad
1609 3427 1684 3499 (z)
1709 3437 1938 3498 tempus,
1962 3444 2070 3497 quo

497 3508 782 3580 subjugata
812 3520 895 3567 est
929 3511 1261 3570 Jerusalem.

566 3599 697 3670 Cap.
726 3600 966 3656 XXXIX.
991 3631 1060 3643 --
1083 3607 1135 3660 1.
1175 3608 1242 3674 Χ
1266 3605 1330 3662 Et
1357 3607 1557 3663 factum
1588 3619 1692 3672 est,
1725 3625 1849 3664 cum
1878 3610 2070 3680 subju-

499 3699 620 3759 gata
650 3691 1062 3750 estJerusalem
1096 3695 1151 3749 in
1193 3711 1335 3753 anno
1367 3701 1444 3769 (a)
1487 3715 1633 3755 nouo
1663 3699 1902 3757 Sedecia:
1929 3703 2071 3774 regis

497 3778 653 3838 Judae
678 3784 732 3838 in
761 3800 948 3842 mense
979 3787 1212 3852 decimo,
1248 3791 1394 3844 venit
1437 3789 1944 3850 Nabuchodonosor
1980 3812 2072 3850 rex

500 3869 818 3944 Babylonis,
858 3886 913 3930 et
942 3878 1122 3934 omnis
1148 3890 1386 3950 potestas
1419 3883 1540 3951 ejus
1561 3899 1722 3954 super
1747 3884 2069 3952 Jerusalem,

501 3973 553 4020 et
580 3966 1060 4025 circumdederunt
1089 3987 1208 4027 eam
1245 3973 1409 4030 bello.
1443 3974 1498 4028 2.
1536 3973 1602 4030 Et
1636 3980 1689 4030 in
1725 3992 1870 4032 anno
1903 3978 2071 4034 unde-

502 4058 644 4113 cimo
693 4057 952 4127 Sedecia),
1015 4065 1070 4118 in
1123 4081 1312 4121 mense
1359 4079 1594 4138 quarto,
1657 4084 1802 4124 nono
1845 4072 2068 4136 mensis,

503 4150 748 4221 disrupta
779 4152 883 4208 fuit
912 4156 1042 4212 urbs
1078 4157 1126 4224 ζ,
1157 4158 1210 4213 3.
1251 4168 1306 4214 et
1330 4159 1562 4231 ingressi
1587 4173 1716 4217 sunt
1749 4178 1940 4220 omnes
1969 4164 2072 4219 du-

505 4254 598 4294 ces
656 4243 799 4313 regis
856 4243 1169 4316 Babylonis,
1220 4259 1274 4304 et
1305 4251 1560 4306 sederunt
1596 4253 1648 4307 in
1694 4263 1849 4324 porta
1899 4256 2074 4311 media

499 4327 696 4402 Nargel
728 4334 977 4402 Sarasar,
1015 4337 1260 4410 Samgar,
1299 4355 1364 4396 -ι-
1394 4351 1447 4396 et
1482 4340 1963 4412 Nabusarescbim,
1997 4348 2073 4419 (b)

502 4419 784 4490 Rabsaris,
836 4427 998 4482 etiam
1033 4428 1055 4497 ζ
1102 4429 1320 4501 Nargel,
1376 4431 1889 4506 Sarasarrabamag,
1922 4441 1989 4508 )a(
2021 4448 2076 4493 et

506 4528 699 4572 omnes
725 4519 923 4590 reliqui
965 4523 1237 4593 principes
1276 4526 1416 4597 regis
1439 4526 1747 4599 Babylonis.
1771 4529 1826 4584 4.
1847 4529 2072 4587 Factum
2105 4509 2150 4565 Β

505 4619 588 4664 est
615 4619 824 4676 autem,
883 4628 1010 4670 cum
1063 4616 1197 4671 vidit
1245 4633 1345 4674 eos
1393 4617 1620 4676 Sedecia
1658 4639 1748 4677 rex
1799 4621 1973 4688 Judaa,
2019 4634 2075 4681 et

507 4717 699 4758 omnes
726 4704 828 4759 viri
861 4703 1008 4771 belli,
1030 4707 1193 4762 etiam
1224 4706 1502 4780 fugerunt,
1525 4721 1580 4766 et
1604 4713 1892 4770 exiverunt
1914 4726 2074 4771 nocte

506 4805 571 4847 ex
605 4794 740 4849 urbe
768 4794 823 4851 in
850 4796 936 4850 via
959 4797 1104 4853 borti
1132 4799 1274 4867 regis
1306 4815 1336 4856 e
1364 4811 1540 4870 porta,
1565 4818 1686 4873 quae
1711 4805 1763 4859 in
1793 4805 1972 4861 medio
1997 4808 2068 4876 (ο)

2167 1946 2220 2001 iu
2251 1945 2602 2019 Babylonem.
2631 1947 2718 2003 10.
2742 1947 2822 2003 Ex
2845 1959 3026 2004 autem
3054 1950 3252 2019 populo
3278 1951 3376 2021 (ηπ)
3407 1966 3733 2022 pauperum,

2165 2040 2364 2109 quibus
2392 2057 2501 2094 non
2537 2051 2653 2096 erat
2683 2057 2750 2097 ne
2783 2042 3000 2112 quidem
3041 2043 3269 2114 aliquid,
3294 2045 3520 2113 reliquit
3553 2045 3736 2102 Nabu—

2167 2133 2370 2187 zardan
2407 2135 2658 2204 princeps
2685 2150 2987 2205 coquorum
3024 2136 3076 2189 in
3129 2146 3270 2190 terra
3303 2134 3484 2201 Judaa,
3513 2147 3570 2192 et
3596 2139 3736 2194 dedit

2165 2225 2245 2279 eis
2281 2226 2471 2281 vineas
2505 2237 2561 2280 et
2610 2227 2930 2296 aquationes
2962 2227 3014 2281 in
3053 2227 3141 2282 die
3185 2228 3298 2282 illo.
3349 2229 3437 2284 11.
3481 2229 3550 2283 Et
3594 2245 3735 2285 com-

2167 2315 2442 2371 mendavit
2478 2315 2979 2375 Nabuchodonosor
3015 2335 3110 2374 rex
3137 2319 3441 2392 Babylonis
3469 2323 3551 2392 (n)
3595 2321 3739 2378 Iere-

2167 2409 2330 2462 miam
2360 2409 2412 2462 in
2449 2425 2614 2464 manu
2666 2408 3075 2468 Nabuzardauis
3118 2413 3192 2483 (ο)
3221 2415 3492 2484 principis
3523 2430 3740 2485 coquo-

2168 2517 2310 2567 rum,
2349 2501 2536 2557 dicens
2565 2521 2578 2556 :
2613 2502 2698 2556 12.
2750 2503 2916 2558 Sume
2946 2519 3094 2568 eum,
3119 2513 3171 2558 et
3216 2505 3406 2560 oculos
3445 2515 3575 2561 tuos
3606 2522 3743 2578 pone

2168 2607 2332 2662 super
2357 2608 2502 2656 eum,
2533 2601 2587 2647 et
2615 2608 2724 2648 non
2749 2591 2917 2648 facies
2938 2594 2988 2648 ei
3015 2609 3083 2648 ne
3103 2595 3321 2664 quidem
3344 2596 3556 2665 aliquid
3581 2597 3705 2650 mali
3723 2614 3737 2627 -

2169 2686 2296 2754 quia
2330 2685 2423 2740 sed
2455 2686 2598 2742 sicut
2633 2686 2847 2741 locutus
2885 2684 3046 2740 fuerit
3074 2689 3142 2739 ad
3176 2697 3246 2750 te,
3302 2687 3385 2742 sic
3418 2687 3590 2743 facies
3615 2703 3738 2742 cum

2169 2793 2256 2831 eo.
2294 2778 2381 2832 13.
2416 2777 2480 2832 Et
2501 2779 2656 2833 misit
2699 2777 3062 2848 Nabuzardan
3105 2781 3362 2850 princeps
3413 2795 3735 2850 coquorum,

2169 2878 2222 2924 et
2242 2867 2634 2924 Nabusazaban
2659 2869 2735 2943 (ρ)
2760 2871 3016 2942 princeps
3037 2873 3443 2936 cunuchorum,
3469 2881 3522 2927 et
3548 2871 3741 2943 Νειτεεί

2172 2962 2624 3036 Sarasarrabmag
2645 2965 2693 3032 ζ,
2715 2974 2769 3020 et
2797 2981 2988 3021 omnes
3001 2964 3075 3036 (q)
3091 2967 3367 3037 principes
3403 2968 3550 3037 regis
3572 2966 3745 3038 Babyo

2173 3054 2331 3110 Ionis.
2371 3054 2462 3109 14.
2501 3054 2567 3110 Et
2609 3058 2894 3123 miserunt,
2941 3068 2996 3112 et
3027 3069 3289 3128 ceperunt
3335 3057 3631 3162 Jerpmiam
3680 3075 3746 3114 ex

2173 3148 2313 3203 atrio
2335 3148 2596 3213 carceris,
2623 3158 2678 3203 et
2700 3148 2964 3204 dederunt
2990 3165 3114 3204 eum
3155 3150 3224 3204 ad
3257 3148 3545 3206 Godoliam
3571 3152 3745 3206 ﬁlium

2172 3239 2398 3295 Ahicam
2433 3240 2604 3296 tilium
2640 3240 2884 3312 Saphan,
2935 3249 2989 3297 et
3038 3241 3354 3297 eduxerunt
3385 3259 3512 3298 eum
3546 3245 3600 3297 in
3645 3244 3748 3298 do-

2173 3349 2319 3387 mum
2349 3355 2360 3389 :
2385 3342 2440 3388 et
2469 3333 2611 3388 sedit
2642 3333 2693 3388 in
2726 3335 2905 3388 medio
2925 3334 3131 3404 populi.
3160 3335 3245 3389 15.
3271 3334 3336 3390 Et
3361 3337 3429 3390 ad
3450 3335 3750 3391 Jeremiam

2172 3421 2370 3477 factum
2409 3433 2494 3478 est
2525 3422 2748 3478 verbum
2777 3422 3015 3487 Domini,
3047 3426 3116 3492 χ
3143 3440 3267 3480 cuin
3294 3424 3512 3493 clausus
3538 3435 3693 3480 esset
3725 3425 3748 3490 ζ

2174 3517 2229 3568 in
2282 3517 2423 3570 atrio
2481 3516 2740 3580 carceris,
2791 3517 3017 3572 dicens:
3075 3517 3160 3571 16.
3220 3515 3400 3582 Vade,
3452 3529 3507 3573 et
3537 3518 3629 3572 dic
3685 3519 3754 3572 ad

2172 3607 2533 3662 Abdemelecli
2568 3608 2906 3680 Ethiopem,
2938 3609 3125 3664 dicens
3154 3628 3168 3662 :
3194 3610 3284 3664 Sic
3313 3610 3453 3665 dixit
3483 3611 3756 3666 Dominus

2173 3700 2436 3756 virtutum
2474 3700 2618 3758 Deus
2646 3699 2898 3758 lsraelis:
2950 3702 3092 3758 Ecce
3136 3720 3237 3775 ego
3266 3704 3480 3759 adduco
3523 3705 3756 3758 verbum

2173 3810 2354 3850 meum
2381 3811 2545 3866 super
2575 3795 2764 3850 urbem
2794 3796 2936 3850 lianc
2961 3796 3015 3849 in
3047 3797 3211 3860 mala,
3237 3805 3292 3851 et
3329 3811 3440 3850 non
3473 3797 3530 3850 in
3567 3800 3714 3850 bona
3742 3815 3755 3848 :

2177 3889 2246 3955 Χ
2271 3896 2325 3941 et
2354 3894 2515 3940 erunt
2548 3901 2732 3940 coram
2767 3883 2905 3939 facie
2935 3894 3026 3938 tua
3055 3885 3107 3938 in
3135 3885 3221 3939 die
3249 3883 3344 3938 illo
3371 3906 3383 3939 :
3417 3883 3504 3938 17.
3551 3894 3606 3937 et
3641 3899 3756 3938 ser-

2175 3979 2314 4032 vabo
2338 3988 2391 4032 te
2427 3977 2450 4046 ζ
2493 3976 2547 4030 in
2593 3976 2679 4030 die
2715 3975 2831 4040 illo,
2869 3978 2937 4045 Ἀ(
2972 3975 3108 4031 dixit
3147 3975 3412 4032 Dominus
3446 3975 3497 4042 ζ.
3542 3986 3598 4030 et
3646 3991 3755 4030 non

2174 4070 2316 4125 dabo
2344 4078 2396 4124 te
2424 4069 2477 4123 in
2514 4084 2714 4123 manus
2760 4067 3065 4133 hominum,
3115 4083 3350 4140 quorum
3382 4078 3442 4123 tu
3474 4069 3638 4123 times
3687 4069 3756 4121 ab

2174 4171 2301 4215 ante
2329 4157 2526 4214 faciem
2554 4174 2745 4214 eorum
2773 4177 2785 4222 ;
2825 4159 2911 4214 18.
2940 4158 3069 4227 quia
3115 4159 3382 4212 servando
3417 4159 3650 4213 servabo
3681 4169 3753 4220 te,

2174 4263 2228 4308 et
2267 4253 2320 4306 in
2349 4253 2527 4323 gladio
2555 4269 2664 4306 non
2690 4252 2852 4308 cades
2877 4271 2892 4308 :
2916 4261 2970 4307 et
3000 4253 3106 4307 erit
3134 4255 3201 4320 χ(
3225 4253 3323 4306 tibi
3355 4254 3378 4322 ζ
3426 4254 3608 4306 anima
3663 4263 3751 4306 tua

2177 4345 2246 4416 (r)
2281 4346 2334 4400 in
2371 4345 2671 4412 inventum,
2721 4345 2846 4414 quia
2891 4345 3132 4400 conﬁsus
3175 4359 3234 4399 es
3267 4360 3436 4413 super
3481 4360 3587 4410 me,
3621 4345 3754 4399 dicit

2177 4435 2468 4492 Dominus.

2251 4529 2386 4602 Cap.
2431 4528 2545 4586 XL.
2575 4560 2645 4570 —
2680 4529 2729 4584 1.
2779 4527 3042 4590 Verbum.
3092 4527 3238 4599 quod
3295 4528 3502 4584 factum
3554 4538 3639 4582 est
3685 4529 3754 4582 ad

2181 4621 2467 4678 Jeremiam
2501 4637 2531 4676 a
2561 4619 2813 4687 Domino,
2861 4623 2931 4691 (δ)
2979 4629 3336 4690 posteaquam
3372 4619 3586 4674 dimisit
3630 4633 3752 4672 eum

2182 4713 2545 4770 Nabuzardan
2594 4713 2844 4783 princeps
2901 4725 3200 4780 coquorum
3245 4725 3310 4764 ex
3367 4708 3576 4772 ﬂama,
3624 4711 3757 4777 quia

2186 4815 2446 4878 ceperunt
2472 4821 2596 4861 cum
2622 4808 2689 4874 Χ
2718 4805 2956 4860 vinctum
2994 4803 3016 4869 ζ
3053 4803 3106 4856 in
3139 4800 3359 4856 vinculo
3391 4815 3651 4854 manuum
3698 4799 3755 4853 in

575 4974 653 5041 (ρ)
677 4975 893 5044 A.,ego
932 4974 1197 5053 sollicitus
1254 4993 1374 5053 sum
1435 4979 1502 5034 de
1549 4961 1779 5053 Judgeis,
1823 4982 2161 5053 quidilapsi
2198 4955 2336 5040 sunt
2378 4985 2443 5038 ad
2487 4983 2790 5053 Chaldaeos,
2831 4974 2898 5036 ne
2953 4979 3093 5053 forte
3138 4977 3268 5034 dent
3311 4992 3410 5053 ine
3459 4978 3514 5030 in
3560 4991 3757 5053 manus

510 5057 724 5114 eorum,
787 5054 845 5114 et
888 5045 1158 5100 calumnia
1214 5048 1451 5104 alliciant
1485 5064 1590 5104 me.
1633 5049 1717 5114 8.,

507 5179 577 5259 ρ)
639 5179 730 5248 8.,
803 5182 912 5244 iis,
983 5201 1107 5255 quae
1167 5202 1269 5256 ego
1331 5190 1521 5259 loquar
1579 5190 1645 5244 ad
1713 5201 1784 5248 te.

505 5250 930 5307 COmmoveruut
991 5250 1063 5320 t'e,
1129 5250 1526 5325 praévalueruut
1577 5261 1697 5316 tibi.

507 5330 698 5378 serunt
757 5331 878 5378 oost
926 5332 996 5377 te.

506 5392 581 5462 (α)
621 5393 712 5455 Α..
735 5392 964 5475 decimo.
988 5392 1256 5475 .(M'ir'um,
1286 5392 1473 5454 ’H'ebr.
1509 5392 1656 5455 enim
1681 5403 1864 5475 habet
1901 5420 2037 5457 nono

2169 5392 2335 5475 uin-if
2349 5392 2590 5475 'Dntcu'j
2682 5404 2756 5474 (ὁ)
2774 5392 3146 5475 ΑΡΑΒΣΑΡΙΣ,
3176 5392 3454 5475 Rahsaris.

508 5460 809 5542 murorum.
970 5464 1200 5542 duorum
1226 5460 1559 5542 _'murorum.
1631 5472 1710 5540 (ά)
1764 5473 1854 5535 Α.,
1912 5460 2309 5542 planitiei."8.,
2342 5467 2568 5530 deserti.

503 5534 734 5589 adverso
763 5531 1007 5615 {ericlirln
1041 5583 1044 5586 .
1076 5535 1150 5615 .(l)
1175 5537 1257 5615 ad_
1297 5555 1448 5615 eum,
1477 5531 1722 5615 __die_eiis'_
1755 5531 2044 5612 judicium.
2126 5546 2199 5615 (g)
2263 5531 2352 5611 Ᾰ.,
2401 5544 2485 5613 8.,
2517 5555 2572 5600 et
2613 5531 2962 5615 immolavit,
3013 5543 3090 5613 (Ii)
3139 5531 3230 5615 Ἀ..

1468 5609 1540 5681 (it)
1567 5610 1682 5685 78.,
1711 5609 1769 5666 iii
1813 5617 2022 5671 catenis
2047 5609 2457 5685 striiigentihus.

504 5616 655 5658 nere.
755 5604 930 5672 (0A.,
955 5602 1039 5668 S.,
1074 5602 1390 5664 immolavit.

596 5058 724 5123 :um,
787 5054 850 5137 et
888 5047 1158 5137 calumnia
1214 5048 1451 5130 alliciant
1485 5064 1590 5104 me.
1633 5049 1717 5114 8.,
1772 5047 2408 5137 insollicitudinemsum
2445 5063 2667 5137 propter
2715 5051 3170 5137 Judaeos,lq‘tiis‘e
3206 5047 3755 5137 tradiderunfthglialz—

508 5112 679 5188 dapish
711 5112 964 5188 neforte
997 5117 1215 5172 tradant
1262 5133 1348 5175 me
1409 5119 1466 5174 iu
1529 5112 1727 5174 manus
1775 5137 1991 5188 eorum,
2045 5133 2105 5178 et
2159 5125 2396 5179 ludibrio
2445 5112 2689 5178 'hab'eant
2726 5137 2852 5176 me.

1897 5194 1970 5264 (ε)
2027 5194 2138 5259 Α.,
2206 5194 2643 5264 egrediebantur.
2768 5195 2834 5258 (ι)
2898 5194 2996 5254 Α.,
3079 5199 3135 5244 et
3211 5203 3340 5243 ecce
3421 5194 3681 5268 dicebant
3737 5206 3750 5238 :

1821 5261 1901 5334 (α)
1958 5262 2045 5326 8.,
2089 5272 2148 5319 et
2215 5280 2358 5341 cum
2400 5264 2650 5341 immersi
2689 5272 2815 5319 sunt
2872 5263 2930 5341 in
2989 5273 3149 5341 coeno
3189 5258 3361 5341 pedes
3412 5267 3537 5341 tun.
3572 5273 3753 5341 reces-

1074 5327 1152 5404 ίςε)
1209 5330 1496 5404 A.,__ja_cio
1529 5345 1631 5404 ego
1676 5327 1980 5404 orationem
2011 5351 2062 5387 ru

2169 5350 2210 5389 τ.
2287 5336 2365 5403 (y)
2399 5333 2726 5404 Tres,juxta
2769 5334 2975 5404 omnia.
3018 5331 3126 5404 λθ)
3168 5327 3420 5404 4.,_Tlt._,
3469 5327 3744 5404 addicit.

3260 5131 3448 5172 vocem
3518 5117 3753 5171 Domini.

2962 5122 3037 5190 (q)
3104 5121 3194 5185 A.,
3260 5131 3476 5199 vocem__

3079 5199 3135 5244 et
3211 5203 3340 5243 ecce
3421 5187 3681 5243 dicebant
3737 5206 3750 5238 :

2206 5194 2643 5264 egrediebantur.
2768 5195 2834 5258 (ι)
2877 5193 2936 5264 ,Α
2950 5231 2963 5246 .
2979 5230 2996 5254 ,

3552 5401 3628 5467 (c)
3667 5401 3751 5456 Α..

3265 5469 3492 5550 deserti,
3549 5469 3649 5536 qui
3689 5483 3752 5521 ex

3287 5552 3621 5606 coaspicuos
3665 5553 3750 5608 ge-

2535 5616 2598 5682 (ι)
2647 5617 2701 5669 in
2741 5607 3114 5684 compedibus.
3169 5609 3259 5684 EN
3297 5607 3748 5684 XAAIKAtgiu

2642 5472 2714 5543 (ι’)
2760 5472 2844 5539 8.,
2907 5475 2959 5527 in
3015 5485 3210 5543 campo

503 5673 671 5755 aeneis
711 5672 831 5744 (pro
856 5675 1187 5755 ΧΑᾼΙΚΑ1Σ
1233 5672 1532 5755 legendum
1565 5683 1918 5755 ΧΑΛΚΙΑΙΣ,
1955 5700 2065 5753 quo

2173 5672 2233 5740 ὧ
2280 5672 2676 5754 ΧΑΑκΕιᾺίΣ,
2707 5672 2962 5754 videtur).
3012 5683 3136 5755 ,(ηι)
3179 5683 3270 5742 Α..
3311 5679 3746 5755 ειεςςηξείιζιιω.

501 5741 582 5822 (ᾳ)
631 5741 896 5827 S.,;.pro
952 5744 1185 5821 Jeremia
1236 5741 1614 5827 Nabuzardaiii
1659 5741 1925 5827 principii
1961 5741 2287 5827 coquorum.
2392 5759 2468 5827 (ο)
2520 5758 2585 5811 Α.

2604 5748 2951 5826 ,”ῐηεείδιιίί
3011 5748 3309 5826 lanienam.
3401 5753 3487 5816 (ρ)
3545 5748 3743 5826 331,..-

501 5812 1027 5899 ris.171q)ﬂebraaus
1061 5819 1074 5871 τ
1111 5812 1872 5899 maguates...4.,.doctores..
1907 5825 1979 5895 (r)
2029 5812 2206 5899 .i.._in
2238 5812 2497 5898 prmdz‘ini.
2569 5812 2643 5899 (ἑ)
2673 5827 2762 5894 A.,
2795 5812 3081 5897 postquam
3129 5820 3335 5882 dimisit
3386 5812 3516 5875 eum
3573 5819 3744 5874 Nabu-

506 5881 734 5950 nrdan',
758 5899 880 5944 cum
905 5887 1138 5956 cepisset
1163 5881 1310 5958 eum,
1341 5901 1394 5948 et
1417 5890 1465 5949 is
1493 5881 1711 5949 .vinctus
1769 5881 1926 5950 esset‘
1960 5881 2198 5953 catenis.
