  <div class='ocr_page' id='page_1' title='image "/cluster/home/n/w/nwhite01/storage/ocr_20150623/16, pt. 2 (Origen, pt. 6)/nyp.33433081862330/562.png"; bbox 0 0 3902 6550; ppageno 0'>
   <div class='ocr_carea' id='block_1_1' title="bbox 280 353 424 409">
    <p class='ocr_par' dir='ltr' id='par_1_1' title="bbox 280 353 424 409">
     <span class='ocr_line' id='line_1_1' title="bbox 280 353 424 409; baseline 0 0"><span class='ocrx_word' id='word_1_1' title='bbox 280 353 424 409; x_wconf 75' lang='grc'><strong>2369</strong></span> 
     </span>
    </p>
   </div>
   <div class='ocr_carea' id='block_1_2' title="bbox 1478 353 2240 411">
    <p class='ocr_par' dir='ltr' id='par_1_2' title="bbox 1478 353 2240 411">
     <span class='ocr_line' id='line_1_2' title="bbox 1478 353 2240 411; baseline 0.004 -3"><span class='ocrx_word' id='word_1_2' title='bbox 1478 353 1796 410; x_wconf 67' lang='grc' dir='ltr'><strong>,ΙΕῙὶΕΜΙᾹῑ</strong></span> <span class='ocrx_word' id='word_1_3' title='bbox 1835 353 2065 410; x_wconf 78' lang='lat' dir='ltr'><strong>CAPUT</strong></span> <span class='ocrx_word' id='word_1_4' title='bbox 2106 353 2215 409; x_wconf 75' lang='lat' dir='ltr'><strong>XLI</strong></span> <span class='ocrx_word' id='word_1_5' title='bbox 2229 399 2240 411; x_wconf 91' lang='lat'><strong>.</strong></span> 
     </span>
    </p>
   </div>
   <div class='ocr_carea' id='block_1_3' title="bbox 3363 341 3502 403">
    <p class='ocr_par' dir='ltr' id='par_1_3' title="bbox 3363 341 3502 403">
     <span class='ocr_line' id='line_1_3' title="bbox 3363 341 3502 403; baseline -0.022 0"><span class='ocrx_word' id='word_1_6' title='bbox 3363 341 3502 403; x_wconf 68' lang='lat'><strong>€370</strong></span> 
     </span>
    </p>
   </div>
   <div class='ocr_carea' id='block_1_4' title="bbox 287 467 3506 543">
    <p class='ocr_par' dir='ltr' id='par_1_4' title="bbox 287 467 3506 543">
     <span class='ocr_line' id='line_1_4' title="bbox 287 467 3506 543; baseline -0 -19"><span class='ocrx_word' id='word_1_7' title='bbox 287 469 470 525; x_wconf 90' lang='lat' dir='ltr'><strong>medio</strong></span> <span class='ocrx_word' id='word_1_8' title='bbox 515 471 696 526; x_wconf 85' lang='lat' dir='ltr'><strong>omnis</strong></span> <span class='ocrx_word' id='word_1_9' title='bbox 747 471 1160 543; x_wconf 74' lang='lat' dir='ltr'><strong>demigrationis</strong></span> <span class='ocrx_word' id='word_1_10' title='bbox 1203 470 1529 537; x_wconf 82' lang='lat' dir='ltr'><strong>Jerusalem,</strong></span> <span class='ocrx_word' id='word_1_11' title='bbox 1571 481 1625 528; x_wconf 90' lang='lat' dir='ltr'><strong>et</strong></span> <span class='ocrx_word' id='word_1_12' title='bbox 1668 467 1838 536; x_wconf 55' lang='lat' dir='ltr'><strong>ludar.</strong></span> <span class='ocrx_word' id='word_1_13' title='bbox 1873 481 1917 532; x_wconf 80' lang='grc' dir='ltr'><strong>Α</strong></span> <span class='ocrx_word' id='word_1_14' title='bbox 1943 472 2119 527; x_wconf 86' lang='lat' dir='ltr'><strong>valde.</strong></span> <span class='ocrx_word' id='word_1_15' title='bbox 2159 473 2243 526; x_wconf 78' lang='lat'><strong>13.</strong></span> <span class='ocrx_word' id='word_1_16' title='bbox 2283 471 2346 526; x_wconf 90' lang='lat' dir='ltr'><strong>Et</strong></span> <span class='ocrx_word' id='word_1_17' title='bbox 2373 471 2619 528; x_wconf 82' lang='lat' dir='ltr'><strong>Jobanan</strong></span> <span class='ocrx_word' id='word_1_18' title='bbox 2656 471 2800 529; x_wconf 86' lang='lat' dir='ltr'><strong>ﬁlius</strong></span> <span class='ocrx_word' id='word_1_19' title='bbox 2831 471 3030 537; x_wconf 88' lang='lat' dir='ltr'><strong>Corah,</strong></span> <span class='ocrx_word' id='word_1_20' title='bbox 3060 479 3113 525; x_wconf 84' lang='lat' dir='ltr'><strong>et</strong></span> <span class='ocrx_word' id='word_1_21' title='bbox 3140 484 3328 525; x_wconf 88' lang='lat' dir='ltr'><strong>omnes</strong></span> <span class='ocrx_word' id='word_1_22' title='bbox 3361 471 3506 540; x_wconf 86' lang='lat' dir='ltr'><strong>priu-</strong></span> 
     </span>
    </p>
   </div>
   <div class='ocr_carea' id='block_1_5' title="bbox 281 563 1844 636">
    <p class='ocr_par' dir='ltr' id='par_1_5' title="bbox 281 563 1844 636">
     <span class='ocr_line' id='line_1_5' title="bbox 281 563 1844 636; baseline 0.001 -19"><span class='ocrx_word' id='word_1_23' title='bbox 281 578 494 627; x_wconf 87' lang='lat' dir='ltr'><strong>eorum,</strong></span> <span class='ocrx_word' id='word_1_24' title='bbox 543 563 632 633; x_wconf 86' lang='lat' dir='ltr'><strong>qui</strong></span> <span class='ocrx_word' id='word_1_25' title='bbox 688 563 904 618; x_wconf 90' lang='lat' dir='ltr'><strong>deducti</strong></span> <span class='ocrx_word' id='word_1_26' title='bbox 959 572 1115 619; x_wconf 88' lang='lat' dir='ltr'><strong>erant</strong></span> <span class='ocrx_word' id='word_1_27' title='bbox 1161 565 1216 618; x_wconf 89' lang='lat' dir='ltr'><strong>in</strong></span> <span class='ocrx_word' id='word_1_28' title='bbox 1268 564 1618 636; x_wconf 82' lang='lat' dir='ltr'><strong>Babylonem.</strong></span> <span class='ocrx_word' id='word_1_29' title='bbox 1661 565 1723 620; x_wconf 77' lang='lat'><strong>2.</strong></span> <span class='ocrx_word' id='word_1_30' title='bbox 1781 565 1844 618; x_wconf 86' lang='lat' dir='ltr'><strong>Et</strong></span> 
     </span>
    </p>
   </div>
   <div class='ocr_carea' id='block_1_6' title="bbox 283 654 1841 726">
    <p class='ocr_par' dir='ltr' id='par_1_6' title="bbox 283 654 1841 726">
     <span class='ocr_line' id='line_1_6' title="bbox 283 654 1841 726; baseline 0.003 -20"><span class='ocrx_word' id='word_1_31' title='bbox 283 655 484 708; x_wconf 78' lang='lat' dir='ltr'><strong>sumsit</strong></span> <span class='ocrx_word' id='word_1_32' title='bbox 511 668 634 708; x_wconf 91' lang='lat' dir='ltr'><strong>eum</strong></span> <span class='ocrx_word' id='word_1_33' title='bbox 671 655 734 725; x_wconf 75' lang='grc' dir='ltr'><strong>(ι)</strong></span> <span class='ocrx_word' id='word_1_34' title='bbox 765 654 843 726; x_wconf 84' lang='lat' dir='ltr'><strong>(u)</strong></span> <span class='ocrx_word' id='word_1_35' title='bbox 870 656 1124 725; x_wconf 80' lang='lat' dir='ltr'><strong>princeps</strong></span> <span class='ocrx_word' id='word_1_36' title='bbox 1155 671 1480 725; x_wconf 88' lang='lat' dir='ltr'><strong>coquorum,</strong></span> <span class='ocrx_word' id='word_1_37' title='bbox 1506 663 1561 711; x_wconf 90' lang='lat' dir='ltr'><strong>et</strong></span> <span class='ocrx_word' id='word_1_38' title='bbox 1587 655 1724 710; x_wconf 88' lang='lat' dir='ltr'><strong>dixit</strong></span> <span class='ocrx_word' id='word_1_39' title='bbox 1749 657 1799 711; x_wconf 90' lang='lat' dir='ltr'><strong>ei</strong></span> <span class='ocrx_word' id='word_1_40' title='bbox 1828 675 1841 710; x_wconf 91' lang='lat'>:</span> 
     </span>
    </p>
   </div>
   <div class='ocr_carea' id='block_1_7' title="bbox 283 744 1844 817">
    <p class='ocr_par' dir='ltr' id='par_1_7' title="bbox 283 744 1844 817">
     <span class='ocr_line' id='line_1_7' title="bbox 283 744 1844 817; baseline 0.002 -18"><span class='ocrx_word' id='word_1_41' title='bbox 283 744 552 800; x_wconf 90' lang='lat' dir='ltr'><strong>Dominus</strong></span> <span class='ocrx_word' id='word_1_42' title='bbox 593 745 736 801; x_wconf 86' lang='lat' dir='ltr'><strong>Deus</strong></span> <span class='ocrx_word' id='word_1_43' title='bbox 774 756 902 801; x_wconf 90' lang='lat' dir='ltr'><strong>tuus</strong></span> <span class='ocrx_word' id='word_1_44' title='bbox 934 747 1010 816; x_wconf 69' lang='grc' dir='ltr'><strong>(π)</strong></span> <span class='ocrx_word' id='word_1_45' title='bbox 1047 747 1388 817; x_wconf 86' lang='lat' dir='ltr'><strong>prophetavit</strong></span> <span class='ocrx_word' id='word_1_46' title='bbox 1420 749 1559 802; x_wconf 90' lang='lat' dir='ltr'><strong>mala</strong></span> <span class='ocrx_word' id='word_1_47' title='bbox 1603 748 1717 802; x_wconf 73' lang='lat' dir='ltr'><strong>haec</strong></span> <span class='ocrx_word' id='word_1_48' title='bbox 1750 763 1844 802; x_wconf 87' lang='lat' dir='ltr'><strong>su-</strong></span> 
     </span>
    </p>
   </div>
   <div class='ocr_carea' id='block_1_8' title="bbox 284 838 1843 919">
    <p class='ocr_par' dir='ltr' id='par_1_8' title="bbox 284 838 1843 919">
     <span class='ocr_line' id='line_1_8' title="bbox 284 838 1843 919; baseline 0.004 -27"><span class='ocrx_word' id='word_1_49' title='bbox 284 854 381 906; x_wconf 85' lang='lat' dir='ltr'><strong>per</strong></span> <span class='ocrx_word' id='word_1_50' title='bbox 413 839 592 894; x_wconf 86' lang='lat' dir='ltr'><strong>locum</strong></span> <span class='ocrx_word' id='word_1_51' title='bbox 628 840 773 894; x_wconf 86' lang='lat' dir='ltr'><strong>hunc</strong></span> <span class='ocrx_word' id='word_1_52' title='bbox 807 842 898 896; x_wconf 80' lang='lat'><strong>:3.</strong></span> <span class='ocrx_word' id='word_1_53' title='bbox 935 851 989 894; x_wconf 90' lang='lat' dir='ltr'><strong>et</strong></span> <span class='ocrx_word' id='word_1_54' title='bbox 1027 841 1269 904; x_wconf 85' lang='lat' dir='ltr'><strong>adduxit,</strong></span> <span class='ocrx_word' id='word_1_55' title='bbox 1299 849 1352 896; x_wconf 87' lang='lat' dir='ltr'><strong>et</strong></span> <span class='ocrx_word' id='word_1_56' title='bbox 1389 838 1512 894; x_wconf 80' lang='lat' dir='ltr'><strong>fecit</strong></span> <span class='ocrx_word' id='word_1_57' title='bbox 1557 839 1843 919; x_wconf 63' lang='lat' dir='ltr'><strong>Dominus.</strong></span> 
     </span>
    </p>
   </div>
   <div class='ocr_carea' id='block_1_9' title="bbox 285 929 1848 1001">
    <p class='ocr_par' dir='ltr' id='par_1_9' title="bbox 285 929 1848 1001">
     <span class='ocr_line' id='line_1_9' title="bbox 285 929 1848 1001; baseline -0.001 -17"><span class='ocrx_word' id='word_1_58' title='bbox 285 932 426 984; x_wconf 85' lang='lat' dir='ltr'><strong>sicut</strong></span> <span class='ocrx_word' id='word_1_59' title='bbox 470 930 686 986; x_wconf 90' lang='lat' dir='ltr'><strong>locutus</strong></span> <span class='ocrx_word' id='word_1_60' title='bbox 721 939 845 996; x_wconf 88' lang='lat' dir='ltr'><strong>est;</strong></span> <span class='ocrx_word' id='word_1_61' title='bbox 881 931 1009 999; x_wconf 88' lang='lat' dir='ltr'><strong>quia</strong></span> <span class='ocrx_word' id='word_1_62' title='bbox 1053 931 1318 1001; x_wconf 85' lang='lat' dir='ltr'><strong>peccastis</strong></span> <span class='ocrx_word' id='word_1_63' title='bbox 1367 929 1599 985; x_wconf 91' lang='lat' dir='ltr'><strong>Domino</strong></span> <span class='ocrx_word' id='word_1_64' title='bbox 1648 931 1747 1001; x_wconf 80' lang='lat' dir='ltr'><strong>(y),</strong></span> <span class='ocrx_word' id='word_1_65' title='bbox 1795 938 1848 982; x_wconf 83' lang='lat' dir='ltr'><strong>et</strong></span> 
     </span>
    </p>
   </div>
   <div class='ocr_carea' id='block_1_10' title="bbox 285 1020 1849 1090">
    <p class='ocr_par' dir='ltr' id='par_1_10' title="bbox 285 1020 1849 1090">
     <span class='ocr_line' id='line_1_10' title="bbox 285 1020 1849 1090; baseline 0.002 -17"><span class='ocrx_word' id='word_1_66' title='bbox 285 1037 392 1074; x_wconf 89' lang='lat' dir='ltr'><strong>non</strong></span> <span class='ocrx_word' id='word_1_67' title='bbox 422 1020 707 1076; x_wconf 78' lang='lat' dir='ltr'><strong>audivistis</strong></span> <span class='ocrx_word' id='word_1_68' title='bbox 753 1035 938 1076; x_wconf 87' lang='lat' dir='ltr'><strong>vocem</strong></span> <span class='ocrx_word' id='word_1_69' title='bbox 971 1021 1131 1090; x_wconf 84' lang='lat' dir='ltr'><strong>ejus:</strong></span> <span class='ocrx_word' id='word_1_70' title='bbox 1164 1024 1232 1090; x_wconf 55' lang='grc' dir='ltr'><strong>χ(</strong></span> <span class='ocrx_word' id='word_1_71' title='bbox 1261 1034 1315 1077; x_wconf 91' lang='lat' dir='ltr'><strong>et</strong></span> <span class='ocrx_word' id='word_1_72' title='bbox 1343 1021 1546 1076; x_wconf 81' lang='lat' dir='ltr'><strong>factum</strong></span> <span class='ocrx_word' id='word_1_73' title='bbox 1584 1029 1670 1077; x_wconf 91' lang='lat' dir='ltr'><strong>est</strong></span> <span class='ocrx_word' id='word_1_74' title='bbox 1696 1021 1849 1076; x_wconf 87' lang='lat' dir='ltr'><strong>vobis</strong></span> 
     </span>
    </p>
   </div>
   <div class='ocr_carea' id='block_1_11' title="bbox 286 1111 1850 1182">
    <p class='ocr_par' dir='ltr' id='par_1_11' title="bbox 286 1111 1850 1182">
     <span class='ocr_line' id='line_1_11' title="bbox 286 1111 1850 1182; baseline 0.003 -19"><span class='ocrx_word' id='word_1_75' title='bbox 286 1112 512 1167; x_wconf 79' lang='lat' dir='ltr'><strong>verbum</strong></span> <span class='ocrx_word' id='word_1_76' title='bbox 537 1113 641 1168; x_wconf 91' lang='lat' dir='ltr'><strong>hoc</strong></span> <span class='ocrx_word' id='word_1_77' title='bbox 672 1114 719 1182; x_wconf 72' lang='grc' dir='ltr'><strong>ζ.</strong></span> <span class='ocrx_word' id='word_1_78' title='bbox 750 1143 820 1153; x_wconf 90' lang='grc'><strong>-</strong></span> <span class='ocrx_word' id='word_1_79' title='bbox 846 1113 900 1167; x_wconf 76' lang='grc'><strong>4.</strong></span> <span class='ocrx_word' id='word_1_80' title='bbox 930 1111 1103 1167; x_wconf 85' lang='lat' dir='ltr'><strong>Etiam</strong></span> <span class='ocrx_word' id='word_1_81' title='bbox 1135 1115 1202 1180; x_wconf 63' lang='lat' dir='ltr'>x</span> <span class='ocrx_word' id='word_1_82' title='bbox 1231 1128 1378 1168; x_wconf 90' lang='lat' dir='ltr'><strong>nunc</strong></span> <span class='ocrx_word' id='word_1_83' title='bbox 1413 1113 1436 1180; x_wconf 69' lang='grc' dir='ltr'>ζ</span> <span class='ocrx_word' id='word_1_84' title='bbox 1464 1127 1592 1168; x_wconf 87' lang='lat' dir='ltr'><strong>ecce</strong></span> <span class='ocrx_word' id='word_1_85' title='bbox 1634 1112 1768 1168; x_wconf 92' lang='lat' dir='ltr'><strong>solvi</strong></span> <span class='ocrx_word' id='word_1_86' title='bbox 1798 1120 1850 1168; x_wconf 86' lang='lat' dir='ltr'><strong>te</strong></span> 
     </span>
    </p>
   </div>
   <div class='ocr_carea' id='block_1_12' title="bbox 285 1202 1844 1274">
    <p class='ocr_par' dir='ltr' id='par_1_12' title="bbox 285 1202 1844 1274">
     <span class='ocr_line' id='line_1_12' title="bbox 285 1202 1844 1274; baseline 0.001 -18"><span class='ocrx_word' id='word_1_87' title='bbox 285 1203 354 1270; x_wconf 65' lang='grc' dir='ltr'>Χ</span> <span class='ocrx_word' id='word_1_88' title='bbox 382 1203 542 1258; x_wconf 87' lang='lat' dir='ltr'><strong>hodie</strong></span> <span class='ocrx_word' id='word_1_89' title='bbox 575 1203 599 1272; x_wconf 70' lang='grc' dir='ltr'>ζ</span> <span class='ocrx_word' id='word_1_90' title='bbox 636 1202 708 1274; x_wconf 76' lang='lat' dir='ltr'><strong>(a)</strong></span> <span class='ocrx_word' id='word_1_91' title='bbox 754 1219 800 1264; x_wconf 89' lang='lat' dir='ltr'><strong>a_</strong></span> <span class='ocrx_word' id='word_1_92' title='bbox 814 1203 1068 1268; x_wconf 85' lang='lat' dir='ltr'><strong>vinculis,</strong></span> <span class='ocrx_word' id='word_1_93' title='bbox 1103 1219 1225 1274; x_wconf 63' lang='lat' dir='ltr'><strong>quae</strong></span> <span class='ocrx_word' id='word_1_94' title='bbox 1267 1220 1430 1273; x_wconf 83' lang='lat' dir='ltr'><strong>super</strong></span> <span class='ocrx_word' id='word_1_95' title='bbox 1462 1220 1655 1258; x_wconf 89' lang='lat' dir='ltr'><strong>manus</strong></span> <span class='ocrx_word' id='word_1_96' title='bbox 1684 1213 1844 1259; x_wconf 90' lang='lat' dir='ltr'><strong>tuas:</strong></span> 
     </span>
    </p>
   </div>
   <div class='ocr_carea' id='block_1_13' title="bbox 289 1293 1852 1364">
    <p class='ocr_par' dir='ltr' id='par_1_13' title="bbox 289 1293 1852 1364">
     <span class='ocr_line' id='line_1_13' title="bbox 289 1293 1852 1364; baseline 0.001 -18"><span class='ocrx_word' id='word_1_97' title='bbox 289 1293 368 1362; x_wconf 86' lang='lat' dir='ltr'><strong>(a)</strong></span> <span class='ocrx_word' id='word_1_98' title='bbox 402 1293 446 1348; x_wconf 90' lang='lat' dir='ltr'><strong>si</strong></span> <span class='ocrx_word' id='word_1_99' title='bbox 486 1294 772 1363; x_wconf 86' lang='lat' dir='ltr'><strong>pulchrum</strong></span> <span class='ocrx_word' id='word_1_100' title='bbox 804 1310 987 1350; x_wconf 89' lang='lat' dir='ltr'><strong>coram</strong></span> <span class='ocrx_word' id='word_1_101' title='bbox 1016 1304 1068 1350; x_wconf 91' lang='lat' dir='ltr'><strong>te</strong></span> <span class='ocrx_word' id='word_1_102' title='bbox 1105 1295 1288 1350; x_wconf 87' lang='lat' dir='ltr'><strong>venire</strong></span> <span class='ocrx_word' id='word_1_103' title='bbox 1319 1310 1441 1348; x_wconf 93' lang='lat' dir='ltr'><strong>cum</strong></span> <span class='ocrx_word' id='word_1_104' title='bbox 1473 1310 1562 1350; x_wconf 90' lang='lat' dir='ltr'><strong>me</strong></span> <span class='ocrx_word' id='word_1_105' title='bbox 1587 1295 1641 1349; x_wconf 94' lang='lat' dir='ltr'><strong>in</strong></span> <span class='ocrx_word' id='word_1_106' title='bbox 1677 1294 1852 1364; x_wconf 83' lang='lat' dir='ltr'><strong>Baby-</strong></span> 
     </span>
    </p>
   </div>
   <div class='ocr_carea' id='block_1_14' title="bbox 288 1383 1854 1456">
    <p class='ocr_par' dir='ltr' id='par_1_14' title="bbox 288 1383 1854 1456">
     <span class='ocr_line' id='line_1_14' title="bbox 288 1383 1854 1456; baseline 0.003 -20"><span class='ocrx_word' id='word_1_107' title='bbox 288 1383 494 1444; x_wconf 82' lang='lat' dir='ltr'><strong>lOnem.</strong></span> <span class='ocrx_word' id='word_1_108' title='bbox 521 1385 670 1450; x_wconf 89' lang='lat' dir='ltr'><strong>veni,</strong></span> <span class='ocrx_word' id='word_1_109' title='bbox 699 1396 752 1440; x_wconf 92' lang='lat' dir='ltr'><strong>et</strong></span> <span class='ocrx_word' id='word_1_110' title='bbox 781 1401 978 1456; x_wconf 90' lang='lat' dir='ltr'><strong>ponam</strong></span> <span class='ocrx_word' id='word_1_111' title='bbox 1006 1388 1072 1456; x_wconf 77' lang='lat' dir='ltr'><strong>)I(</strong></span> <span class='ocrx_word' id='word_1_112' title='bbox 1092 1386 1262 1453; x_wconf 72' lang='grc' dir='ltr'><strong>τοὺςζ</strong></span> <span class='ocrx_word' id='word_1_113' title='bbox 1293 1387 1482 1441; x_wconf 85' lang='lat' dir='ltr'><strong>oculos</strong></span> <span class='ocrx_word' id='word_1_114' title='bbox 1512 1401 1662 1441; x_wconf 91' lang='lat' dir='ltr'><strong>meos</strong></span> <span class='ocrx_word' id='word_1_115' title='bbox 1690 1401 1854 1456; x_wconf 87' lang='lat' dir='ltr'><strong>super</strong></span> 
     </span>
    </p>
   </div>
   <div class='ocr_carea' id='block_1_15' title="bbox 289 1474 1855 1542">
    <p class='ocr_par' dir='ltr' id='par_1_15' title="bbox 289 1474 1855 1542">
     <span class='ocr_line' id='line_1_15' title="bbox 289 1474 1855 1542; baseline 0.001 -16"><span class='ocrx_word' id='word_1_116' title='bbox 289 1480 384 1527; x_wconf 93' lang='lat' dir='ltr'><strong>te:</strong></span> <span class='ocrx_word' id='word_1_117' title='bbox 413 1474 488 1542; x_wconf 76' lang='grc' dir='ltr'><strong>(ὁ)</strong></span> <span class='ocrx_word' id='word_1_118' title='bbox 522 1483 576 1528; x_wconf 90' lang='lat' dir='ltr'><strong>et</strong></span> <span class='ocrx_word' id='word_1_119' title='bbox 606 1477 650 1530; x_wconf 91' lang='lat' dir='ltr'><strong>si</strong></span> <span class='ocrx_word' id='word_1_120' title='bbox 685 1478 888 1530; x_wconf 86' lang='lat' dir='ltr'><strong>malum</strong></span> <span class='ocrx_word' id='word_1_121' title='bbox 939 1476 992 1530; x_wconf 92' lang='lat' dir='ltr'><strong>in</strong></span> <span class='ocrx_word' id='word_1_122' title='bbox 1021 1475 1194 1531; x_wconf 91' lang='lat' dir='ltr'><strong>oculis</strong></span> <span class='ocrx_word' id='word_1_123' title='bbox 1225 1475 1336 1528; x_wconf 89' lang='lat' dir='ltr'><strong>tuis</strong></span> <span class='ocrx_word' id='word_1_124' title='bbox 1380 1475 1567 1529; x_wconf 89' lang='lat' dir='ltr'><strong>venire</strong></span> <span class='ocrx_word' id='word_1_125' title='bbox 1610 1488 1734 1528; x_wconf 91' lang='lat' dir='ltr'><strong>cum</strong></span> <span class='ocrx_word' id='word_1_126' title='bbox 1767 1489 1855 1528; x_wconf 84' lang='lat' dir='ltr'><strong>me</strong></span> 
     </span>
    </p>
   </div>
   <div class='ocr_carea' id='block_1_16' title="bbox 291 1563 1852 1649">
    <p class='ocr_par' dir='ltr' id='par_1_16' title="bbox 291 1563 1852 1649">
     <span class='ocr_line' id='line_1_16' title="bbox 291 1563 1852 1649; baseline -0.001 -30"><span class='ocrx_word' id='word_1_127' title='bbox 291 1567 346 1619; x_wconf 92' lang='lat' dir='ltr'><strong>in</strong></span> <span class='ocrx_word' id='word_1_128' title='bbox 400 1563 749 1636; x_wconf 76' lang='lat' dir='ltr'><strong>Babyldnem,</strong></span> <span class='ocrx_word' id='word_1_129' title='bbox 800 1567 870 1636; x_wconf 86' lang='lat' dir='ltr'><strong>(c)</strong></span> <span class='ocrx_word' id='word_1_130' title='bbox 917 1568 1178 1637; x_wconf 86' lang='lat' dir='ltr'><strong>quiesce:</strong></span> <span class='ocrx_word' id='word_1_131' title='bbox 1219 1570 1436 1634; x_wconf 61' lang='lat' dir='ltr'><strong>Xecce</strong></span> <span class='ocrx_word' id='word_1_132' title='bbox 1484 1564 1664 1649; x_wconf 72' lang='lat' dir='ltr'><strong>omnis</strong></span> <span class='ocrx_word' id='word_1_133' title='bbox 1711 1572 1852 1619; x_wconf 86' lang='lat' dir='ltr'><strong>terra</strong></span> 
     </span>
    </p>
   </div>
   <div class='ocr_carea' id='block_1_17' title="bbox 290 1655 1855 1727">
    <p class='ocr_par' dir='ltr' id='par_1_17' title="bbox 290 1655 1855 1727">
     <span class='ocr_line' id='line_1_17' title="bbox 290 1655 1855 1727; baseline -0.003 -16"><span class='ocrx_word' id='word_1_134' title='bbox 290 1671 477 1711; x_wconf 91' lang='lat' dir='ltr'><strong>coram</strong></span> <span class='ocrx_word' id='word_1_135' title='bbox 507 1665 596 1711; x_wconf 91' lang='lat' dir='ltr'><strong>te:</strong></span> <span class='ocrx_word' id='word_1_136' title='bbox 633 1657 961 1727; x_wconf 86' lang='lat' dir='ltr'><strong>ubicumque</strong></span> <span class='ocrx_word' id='word_1_137' title='bbox 995 1658 1199 1712; x_wconf 75' lang='lat' dir='ltr'><strong>bonum</strong></span> <span class='ocrx_word' id='word_1_138' title='bbox 1244 1666 1299 1712; x_wconf 92' lang='lat' dir='ltr'><strong>et</strong></span> <span class='ocrx_word' id='word_1_139' title='bbox 1329 1665 1536 1713; x_wconf 87' lang='lat' dir='ltr'><strong>rectum</strong></span> <span class='ocrx_word' id='word_1_140' title='bbox 1580 1655 1653 1710; x_wconf 82' lang='lat' dir='ltr'><strong>in&#39;</strong></span> <span class='ocrx_word' id='word_1_141' title='bbox 1681 1655 1855 1710; x_wconf 91' lang='lat' dir='ltr'><strong>oculis</strong></span> 
     </span>
    </p>
   </div>
   <div class='ocr_carea' id='block_1_18' title="bbox 293 1748 1853 1820">
    <p class='ocr_par' dir='ltr' id='par_1_18' title="bbox 293 1748 1853 1820">
     <span class='ocr_line' id='line_1_18' title="bbox 293 1748 1853 1820; baseline -0.001 -17"><span class='ocrx_word' id='word_1_142' title='bbox 293 1749 405 1804; x_wconf 88' lang='lat' dir='ltr'><strong>tuis</strong></span> <span class='ocrx_word' id='word_1_143' title='bbox 435 1748 534 1812; x_wconf 91' lang='lat' dir='ltr'><strong>ire,</strong></span> <span class='ocrx_word' id='word_1_144' title='bbox 567 1748 694 1803; x_wconf 92' lang='lat' dir='ltr'><strong>illuc</strong></span> <span class='ocrx_word' id='word_1_145' title='bbox 727 1749 833 1803; x_wconf 91' lang='lat' dir='ltr'><strong>ito:</strong></span> <span class='ocrx_word' id='word_1_146' title='bbox 864 1750 914 1804; x_wconf 80' lang='lat'><strong>5.</strong></span> <span class='ocrx_word' id='word_1_147' title='bbox 942 1751 1017 1820; x_wconf 73' lang='grc' dir='ltr'><strong>(ά)</strong></span> <span class='ocrx_word' id='word_1_148' title='bbox 1045 1759 1100 1804; x_wconf 92' lang='lat' dir='ltr'><strong>et</strong></span> <span class='ocrx_word' id='word_1_149' title='bbox 1128 1764 1300 1820; x_wconf 87' lang='lat' dir='ltr'><strong>usque</strong></span> <span class='ocrx_word' id='word_1_150' title='bbox 1325 1749 1390 1805; x_wconf 87' lang='lat' dir='ltr'><strong>ad</strong></span> <span class='ocrx_word' id='word_1_151' title='bbox 1417 1764 1503 1804; x_wconf 92' lang='lat' dir='ltr'><strong>me</strong></span> <span class='ocrx_word' id='word_1_152' title='bbox 1529 1763 1717 1803; x_wconf 88' lang='lat' dir='ltr'><strong>rursus</strong></span> <span class='ocrx_word' id='word_1_153' title='bbox 1749 1762 1853 1802; x_wconf 92' lang='lat' dir='ltr'><strong>non</strong></span> 
     </span>
    </p>
   </div>
   <div class='ocr_carea' id='block_1_19' title="bbox 291 1841 919 1904">
    <p class='ocr_par' dir='ltr' id='par_1_19' title="bbox 291 1841 919 1904">
     <span class='ocr_line' id='line_1_19' title="bbox 291 1841 919 1904; baseline 0 -8"><span class='ocrx_word' id='word_1_154' title='bbox 291 1841 603 1904; x_wconf 80' lang='lat' dir='ltr'><strong>reverteris,</strong></span> <span class='ocrx_word' id='word_1_155' title='bbox 653 1855 814 1896; x_wconf 88' lang='lat' dir='ltr'><strong>curre</strong></span> <span class='ocrx_word' id='word_1_156' title='bbox 863 1851 919 1896; x_wconf 89' lang='lat' dir='ltr'><strong>tu</strong></span> 
     </span>
    </p>
   </div>
   <div class='ocr_carea' id='block_1_20' title="bbox 291 1931 1855 2003">
    <p class='ocr_par' dir='ltr' id='par_1_20' title="bbox 291 1931 1855 2003">
     <span class='ocr_line' id='line_1_20' title="bbox 291 1931 1855 2003; baseline -0.002 -18"><span class='ocrx_word' id='word_1_157' title='bbox 291 1933 465 1986; x_wconf 86' lang='lat' dir='ltr'><strong>ﬁlium</strong></span> <span class='ocrx_word' id='word_1_158' title='bbox 515 1933 736 1987; x_wconf 82' lang='lat' dir='ltr'><strong>Ahicam</strong></span> <span class='ocrx_word' id='word_1_159' title='bbox 777 1933 869 1986; x_wconf 88' lang='lat' dir='ltr'><strong>lilii</strong></span> <span class='ocrx_word' id='word_1_160' title='bbox 921 1931 1176 2002; x_wconf 84' lang='lat' dir='ltr'><strong>Saphan,</strong></span> <span class='ocrx_word' id='word_1_161' title='bbox 1225 1949 1385 2003; x_wconf 88' lang='lat' dir='ltr'><strong>quem</strong></span> <span class='ocrx_word' id='word_1_162' title='bbox 1432 1933 1716 1986; x_wconf 91' lang='lat' dir='ltr'><strong>constituit</strong></span> <span class='ocrx_word' id='word_1_163' title='bbox 1766 1945 1855 1982; x_wconf 84' lang='lat' dir='ltr'><strong>rex</strong></span> 
     </span>
    </p>
   </div>
   <div class='ocr_carea' id='block_1_21' title="bbox 293 2022 1860 2095">
    <p class='ocr_par' dir='ltr' id='par_1_21' title="bbox 293 2022 1860 2095">
     <span class='ocr_line' id='line_1_21' title="bbox 293 2022 1860 2095; baseline -0.003 -17"><span class='ocrx_word' id='word_1_164' title='bbox 293 2023 591 2095; x_wconf 84' lang='lat' dir='ltr'><strong>Babylonis</strong></span> <span class='ocrx_word' id='word_1_165' title='bbox 618 2025 670 2078; x_wconf 94' lang='lat' dir='ltr'><strong>in</strong></span> <span class='ocrx_word' id='word_1_166' title='bbox 700 2032 840 2079; x_wconf 91' lang='lat' dir='ltr'><strong>terra</strong></span> <span class='ocrx_word' id='word_1_167' title='bbox 871 2023 1046 2085; x_wconf 71' lang='lat' dir='ltr'><strong>Judre,</strong></span> <span class='ocrx_word' id='word_1_168' title='bbox 1075 2037 1128 2078; x_wconf 90' lang='lat' dir='ltr'><strong>et</strong></span> <span class='ocrx_word' id='word_1_169' title='bbox 1143 2024 1325 2078; x_wconf 87' lang='lat' dir='ltr'><strong>habita</strong></span> <span class='ocrx_word' id='word_1_170' title='bbox 1359 2038 1483 2079; x_wconf 89' lang='lat' dir='ltr'><strong>cum</strong></span> <span class='ocrx_word' id='word_1_171' title='bbox 1510 2037 1576 2078; x_wconf 90' lang='lat' dir='ltr'><strong>eo</strong></span> <span class='ocrx_word' id='word_1_172' title='bbox 1606 2022 1659 2076; x_wconf 90' lang='lat' dir='ltr'><strong>in</strong></span> <span class='ocrx_word' id='word_1_173' title='bbox 1682 2022 1860 2075; x_wconf 90' lang='lat' dir='ltr'><strong>medio</strong></span> 
     </span>
    </p>
   </div>
   <div class='ocr_carea' id='block_1_22' title="bbox 294 2113 1859 2187">
    <p class='ocr_par' dir='ltr' id='par_1_22' title="bbox 294 2113 1859 2187">
     <span class='ocr_line' id='line_1_22' title="bbox 294 2113 1859 2187; baseline -0.003 -17"><span class='ocrx_word' id='word_1_174' title='bbox 294 2116 519 2187; x_wconf 86' lang='lat' dir='ltr'><strong>populi;</strong></span> <span class='ocrx_word' id='word_1_175' title='bbox 552 2116 599 2170; x_wconf 88' lang='lat' dir='ltr'><strong>si</strong></span> <span class='ocrx_word' id='word_1_176' title='bbox 626 2130 756 2170; x_wconf 80' lang='lat' dir='ltr'><strong>vero</strong></span> <span class='ocrx_word' id='word_1_177' title='bbox 786 2131 920 2177; x_wconf 89' lang='lat' dir='ltr'><strong>non,</strong></span> <span class='ocrx_word' id='word_1_178' title='bbox 960 2118 1031 2184; x_wconf 73' lang='grc' dir='ltr'><strong>(ε)</strong></span> <span class='ocrx_word' id='word_1_179' title='bbox 1068 2116 1120 2169; x_wconf 90' lang='lat' dir='ltr'><strong>in</strong></span> <span class='ocrx_word' id='word_1_180' title='bbox 1165 2115 1347 2169; x_wconf 84' lang='lat' dir='ltr'><strong>omnia</strong></span> <span class='ocrx_word' id='word_1_181' title='bbox 1385 2129 1507 2185; x_wconf 70' lang='lat' dir='ltr'><strong>qua:</strong></span> <span class='ocrx_word' id='word_1_182' title='bbox 1546 2113 1769 2183; x_wconf 90' lang='lat' dir='ltr'><strong>pulchra</strong></span> <span class='ocrx_word' id='word_1_183' title='bbox 1806 2116 1859 2166; x_wconf 90' lang='lat' dir='ltr'><strong>in</strong></span> 
     </span>
    </p>
   </div>
   <div class='ocr_carea' id='block_1_23' title="bbox 293 2205 1860 2274">
    <p class='ocr_par' dir='ltr' id='par_1_23' title="bbox 293 2205 1860 2274">
     <span class='ocr_line' id='line_1_23' title="bbox 293 2205 1860 2274; baseline -0.003 -12"><span class='ocrx_word' id='word_1_184' title='bbox 293 2208 474 2263; x_wconf 89' lang='lat' dir='ltr'><strong>oculis</strong></span> <span class='ocrx_word' id='word_1_185' title='bbox 521 2207 630 2264; x_wconf 84' lang='lat' dir='ltr'><strong>tuis</strong></span> <span class='ocrx_word' id='word_1_186' title='bbox 673 2207 740 2262; x_wconf 90' lang='lat' dir='ltr'><strong>ad</strong></span> <span class='ocrx_word' id='word_1_187' title='bbox 769 2208 1033 2274; x_wconf 88' lang='lat' dir='ltr'><strong>eundum,</strong></span> <span class='ocrx_word' id='word_1_188' title='bbox 1077 2208 1172 2262; x_wconf 93' lang='lat' dir='ltr'><strong>ito.</strong></span> <span class='ocrx_word' id='word_1_189' title='bbox 1224 2205 1292 2261; x_wconf 83' lang='lat' dir='ltr'><strong>Et</strong></span> <span class='ocrx_word' id='word_1_190' title='bbox 1327 2206 1477 2261; x_wconf 86' lang='lat' dir='ltr'><strong>dedit</strong></span> <span class='ocrx_word' id='word_1_191' title='bbox 1510 2206 1559 2261; x_wconf 90' lang='lat' dir='ltr'><strong>ei</strong></span> <span class='ocrx_word' id='word_1_192' title='bbox 1610 2205 1860 2274; x_wconf 87' lang='lat' dir='ltr'><strong>princeps</strong></span> 
     </span>
    </p>
   </div>
   <div class='ocr_carea' id='block_1_24' title="bbox 295 2296 1858 2370">
    <p class='ocr_par' dir='ltr' id='par_1_24' title="bbox 295 2296 1858 2370">
     <span class='ocr_line' id='line_1_24' title="bbox 295 2296 1858 2370; baseline -0.004 -16"><span class='ocrx_word' id='word_1_193' title='bbox 295 2314 598 2369; x_wconf 89' lang='lat' dir='ltr'><strong>coquorum</strong></span> <span class='ocrx_word' id='word_1_194' title='bbox 645 2299 1033 2370; x_wconf 88' lang='lat' dir='ltr'><strong>epulationem,</strong></span> <span class='ocrx_word' id='word_1_195' title='bbox 1079 2307 1132 2353; x_wconf 90' lang='lat' dir='ltr'><strong>et</strong></span> <span class='ocrx_word' id='word_1_196' title='bbox 1181 2298 1346 2363; x_wconf 88' lang='lat' dir='ltr'><strong>dona,</strong></span> <span class='ocrx_word' id='word_1_197' title='bbox 1385 2308 1438 2352; x_wconf 91' lang='lat' dir='ltr'><strong>et</strong></span> <span class='ocrx_word' id='word_1_198' title='bbox 1468 2296 1676 2351; x_wconf 90' lang='lat' dir='ltr'><strong>dimisit</strong></span> <span class='ocrx_word' id='word_1_199' title='bbox 1713 2311 1858 2350; x_wconf 90' lang='lat' dir='ltr'><strong>eum.</strong></span> 
     </span>
    </p>
   </div>
   <div class='ocr_carea' id='block_1_25' title="bbox 296 2389 1861 2447">
    <p class='ocr_par' dir='ltr' id='par_1_25' title="bbox 296 2389 1861 2447">
     <span class='ocr_line' id='line_1_25' title="bbox 296 2389 1861 2447; baseline -0.002 -2"><span class='ocrx_word' id='word_1_200' title='bbox 296 2393 350 2446; x_wconf 87' lang='lat'><strong>6.</strong></span> <span class='ocrx_word' id='word_1_201' title='bbox 389 2393 454 2446; x_wconf 87' lang='lat' dir='ltr'><strong>Et</strong></span> <span class='ocrx_word' id='word_1_202' title='bbox 489 2392 638 2447; x_wconf 89' lang='lat' dir='ltr'><strong>venit</strong></span> <span class='ocrx_word' id='word_1_203' title='bbox 665 2391 903 2447; x_wconf 79' lang='lat' dir='ltr'><strong>Jeremia</strong></span> <span class='ocrx_word' id='word_1_204' title='bbox 931 2390 998 2446; x_wconf 90' lang='lat' dir='ltr'><strong>ad</strong></span> <span class='ocrx_word' id='word_1_205' title='bbox 1029 2389 1309 2446; x_wconf 86' lang='lat' dir='ltr'><strong>Godoliam</strong></span> <span class='ocrx_word' id='word_1_206' title='bbox 1347 2391 1514 2444; x_wconf 89' lang='lat' dir='ltr'><strong>ﬁlium</strong></span> <span class='ocrx_word' id='word_1_207' title='bbox 1551 2391 1776 2445; x_wconf 83' lang='lat' dir='ltr'><strong>Abicam</strong></span> <span class='ocrx_word' id='word_1_208' title='bbox 1809 2392 1861 2443; x_wconf 90' lang='lat' dir='ltr'><strong>in</strong></span> 
     </span>
    </p>
   </div>
   <div class='ocr_carea' id='block_1_26' title="bbox 297 2481 1861 2553">
    <p class='ocr_par' dir='ltr' id='par_1_26' title="bbox 297 2481 1861 2553">
     <span class='ocr_line' id='line_1_26' title="bbox 297 2481 1861 2553; baseline -0.001 -16"><span class='ocrx_word' id='word_1_209' title='bbox 297 2483 623 2553; x_wconf 79' lang='lat' dir='ltr'><strong>Masphiam,</strong></span> <span class='ocrx_word' id='word_1_210' title='bbox 662 2493 716 2538; x_wconf 89' lang='lat' dir='ltr'><strong>et</strong></span> <span class='ocrx_word' id='word_1_211' title='bbox 747 2483 888 2538; x_wconf 89' lang='lat' dir='ltr'><strong>sedit</strong></span> <span class='ocrx_word' id='word_1_212' title='bbox 934 2498 1060 2539; x_wconf 88' lang='lat' dir='ltr'><strong>cum</strong></span> <span class='ocrx_word' id='word_1_213' title='bbox 1091 2499 1157 2537; x_wconf 92' lang='lat' dir='ltr'><strong>eo</strong></span> <span class='ocrx_word' id='word_1_214' title='bbox 1195 2483 1249 2536; x_wconf 87' lang='lat' dir='ltr'><strong>in</strong></span> <span class='ocrx_word' id='word_1_215' title='bbox 1290 2481 1469 2537; x_wconf 89' lang='lat' dir='ltr'><strong>medio</strong></span> <span class='ocrx_word' id='word_1_216' title='bbox 1515 2483 1720 2552; x_wconf 88' lang='lat' dir='ltr'><strong>populi,</strong></span> <span class='ocrx_word' id='word_1_217' title='bbox 1770 2483 1861 2550; x_wconf 86' lang='lat' dir='ltr'><strong>qui</strong></span> 
     </span>
    </p>
   </div>
   <div class='ocr_carea' id='block_1_27' title="bbox 306 2573 1866 2643">
    <p class='ocr_par' dir='ltr' id='par_1_27' title="bbox 306 2573 1866 2643">
     <span class='ocr_line' id='line_1_27' title="bbox 306 2573 1866 2643; baseline -0.003 -13"><span class='ocrx_word' id='word_1_218' title='bbox 306 2575 535 2631; x_wconf 89' lang='lat' dir='ltr'><strong>relictus</strong></span> <span class='ocrx_word' id='word_1_219' title='bbox 565 2574 669 2630; x_wconf 76' lang='lat' dir='ltr'><strong>fuit</strong></span> <span class='ocrx_word' id='word_1_220' title='bbox 693 2575 746 2630; x_wconf 90' lang='lat' dir='ltr'><strong>in</strong></span> <span class='ocrx_word' id='word_1_221' title='bbox 774 2584 938 2630; x_wconf 89' lang='lat' dir='ltr'><strong>terra.</strong></span> <span class='ocrx_word' id='word_1_222' title='bbox 978 2574 1028 2629; x_wconf 88' lang='lat'><strong>7.</strong></span> <span class='ocrx_word' id='word_1_223' title='bbox 1056 2573 1120 2628; x_wconf 88' lang='lat' dir='ltr'><strong>Et</strong></span> <span class='ocrx_word' id='word_1_224' title='bbox 1149 2575 1472 2629; x_wconf 78' lang='lat' dir='ltr'><strong>audiverunt</strong></span> <span class='ocrx_word' id='word_1_225' title='bbox 1499 2589 1690 2629; x_wconf 86' lang='lat' dir='ltr'><strong>omnes</strong></span> <span class='ocrx_word' id='word_1_226' title='bbox 1717 2574 1866 2643; x_wconf 87' lang='lat' dir='ltr'><strong>prin-</strong></span> 
     </span>
    </p>
   </div>
   <div class='ocr_carea' id='block_1_28' title="bbox 298 2667 1865 2740">
    <p class='ocr_par' dir='ltr' id='par_1_28' title="bbox 298 2667 1865 2740">
     <span class='ocr_line' id='line_1_28' title="bbox 298 2667 1865 2740; baseline -0.003 -17"><span class='ocrx_word' id='word_1_227' title='bbox 298 2669 453 2737; x_wconf 90' lang='lat' dir='ltr'><strong>cipes</strong></span> <span class='ocrx_word' id='word_1_228' title='bbox 497 2668 803 2738; x_wconf 85' lang='lat' dir='ltr'><strong>potestatis,</strong></span> <span class='ocrx_word' id='word_1_229' title='bbox 844 2683 967 2738; x_wconf 66' lang='lat' dir='ltr'><strong>qua;</strong></span> <span class='ocrx_word' id='word_1_230' title='bbox 991 2669 1043 2721; x_wconf 92' lang='lat' dir='ltr'><strong>in</strong></span> <span class='ocrx_word' id='word_1_231' title='bbox 1093 2683 1245 2740; x_wconf 80' lang='lat' dir='ltr'><strong>agro,</strong></span> <span class='ocrx_word' id='word_1_232' title='bbox 1283 2667 1407 2736; x_wconf 87' lang='lat' dir='ltr'><strong>ipsi,</strong></span> <span class='ocrx_word' id='word_1_233' title='bbox 1439 2678 1491 2722; x_wconf 91' lang='lat' dir='ltr'><strong>et</strong></span> <span class='ocrx_word' id='word_1_234' title='bbox 1523 2668 1591 2736; x_wconf 80' lang='grc' dir='ltr'><strong>(Ῑ)</strong></span> <span class='ocrx_word' id='word_1_235' title='bbox 1631 2676 1865 2736; x_wconf 80' lang='lat' dir='ltr'><strong>potestas</strong></span> 
     </span>
    </p>
   </div>
   <div class='ocr_carea' id='block_1_29' title="bbox 298 2758 1863 2831">
    <p class='ocr_par' dir='ltr' id='par_1_29' title="bbox 298 2758 1863 2831">
     <span class='ocr_line' id='line_1_29' title="bbox 298 2758 1863 2831; baseline -0.004 -14"><span class='ocrx_word' id='word_1_236' title='bbox 298 2777 515 2827; x_wconf 88' lang='lat' dir='ltr'><strong>eorum,</strong></span> <span class='ocrx_word' id='word_1_237' title='bbox 548 2761 691 2831; x_wconf 89' lang='lat' dir='ltr'><strong>quod</strong></span> <span class='ocrx_word' id='word_1_238' title='bbox 718 2760 1091 2816; x_wconf 84' lang='lat' dir='ltr'><strong>constituisset</strong></span> <span class='ocrx_word' id='word_1_239' title='bbox 1124 2776 1214 2815; x_wconf 89' lang='lat' dir='ltr'><strong>rex</strong></span> <span class='ocrx_word' id='word_1_240' title='bbox 1248 2759 1540 2830; x_wconf 81' lang='lat' dir='ltr'><strong>Babylonis</strong></span> <span class='ocrx_word' id='word_1_241' title='bbox 1583 2758 1863 2814; x_wconf 86' lang='lat' dir='ltr'><strong>Godoliam</strong></span> 
     </span>
    </p>
   </div>
   <div class='ocr_carea' id='block_1_30' title="bbox 302 2852 1864 2922">
    <p class='ocr_par' dir='ltr' id='par_1_30' title="bbox 302 2852 1864 2922">
     <span class='ocr_line' id='line_1_30' title="bbox 302 2852 1864 2922; baseline -0.003 -14"><span class='ocrx_word' id='word_1_242' title='bbox 302 2853 474 2908; x_wconf 90' lang='lat' dir='ltr'><strong>ﬁlium</strong></span> <span class='ocrx_word' id='word_1_243' title='bbox 498 2854 720 2908; x_wconf 85' lang='lat' dir='ltr'><strong>Abicam</strong></span> <span class='ocrx_word' id='word_1_244' title='bbox 761 2853 813 2907; x_wconf 93' lang='lat' dir='ltr'><strong>in</strong></span> <span class='ocrx_word' id='word_1_245' title='bbox 844 2861 1010 2919; x_wconf 89' lang='lat' dir='ltr'><strong>terra,</strong></span> <span class='ocrx_word' id='word_1_246' title='bbox 1047 2861 1102 2907; x_wconf 91' lang='lat' dir='ltr'><strong>et</strong></span> <span class='ocrx_word' id='word_1_247' title='bbox 1147 2853 1291 2922; x_wconf 91' lang='lat' dir='ltr'><strong>quod</strong></span> <span class='ocrx_word' id='word_1_248' title='bbox 1338 2852 1772 2908; x_wconf 84' lang='lat' dir='ltr'><strong>commendasset</strong></span> <span class='ocrx_word' id='word_1_249' title='bbox 1816 2852 1864 2904; x_wconf 88' lang='lat' dir='ltr'><strong>ei</strong></span> 
     </span>
    </p>
   </div>
   <div class='ocr_carea' id='block_1_31' title="bbox 300 2943 1864 3013">
    <p class='ocr_par' dir='ltr' id='par_1_31' title="bbox 300 2943 1864 3013">
     <span class='ocr_line' id='line_1_31' title="bbox 300 2943 1864 3013; baseline -0.002 -14"><span class='ocrx_word' id='word_1_250' title='bbox 300 2946 472 3011; x_wconf 82' lang='lat' dir='ltr'><strong>viros,</strong></span> <span class='ocrx_word' id='word_1_251' title='bbox 507 2953 560 2999; x_wconf 89' lang='lat' dir='ltr'><strong>et</strong></span> <span class='ocrx_word' id='word_1_252' title='bbox 604 2944 860 2999; x_wconf 86' lang='lat' dir='ltr'><strong>mulieres</strong></span> <span class='ocrx_word' id='word_1_253' title='bbox 892 2959 1106 3009; x_wconf 89' lang='lat' dir='ltr'><strong>eorum,</strong></span> <span class='ocrx_word' id='word_1_254' title='bbox 1137 2943 1210 3013; x_wconf 89' lang='lat' dir='ltr'><strong>(g)</strong></span> <span class='ocrx_word' id='word_1_255' title='bbox 1243 2951 1297 2999; x_wconf 93' lang='lat' dir='ltr'><strong>et</strong></span> <span class='ocrx_word' id='word_1_256' title='bbox 1348 2945 1562 2998; x_wconf 87' lang='lat' dir='ltr'><strong>turbam</strong></span> <span class='ocrx_word' id='word_1_257' title='bbox 1609 2943 1864 3004; x_wconf 91' lang='lat' dir='ltr'><strong>multam,</strong></span> 
     </span>
    </p>
   </div>
   <div class='ocr_carea' id='block_1_32' title="bbox 300 3035 1866 3107">
    <p class='ocr_par' dir='ltr' id='par_1_32' title="bbox 300 3035 1866 3107">
     <span class='ocr_line' id='line_1_32' title="bbox 300 3035 1866 3107; baseline -0.004 -13"><span class='ocrx_word' id='word_1_258' title='bbox 300 3048 359 3094; x_wconf 89' lang='lat' dir='ltr'><strong>et</strong></span> <span class='ocrx_word' id='word_1_259' title='bbox 405 3051 473 3092; x_wconf 89' lang='lat' dir='ltr'><strong>ex</strong></span> <span class='ocrx_word' id='word_1_260' title='bbox 518 3037 846 3107; x_wconf 86' lang='lat' dir='ltr'><strong>pauperibus</strong></span> <span class='ocrx_word' id='word_1_261' title='bbox 885 3046 1067 3099; x_wconf 67' lang='lat' dir='ltr'><strong>terrm,</strong></span> <span class='ocrx_word' id='word_1_262' title='bbox 1105 3051 1246 3106; x_wconf 91' lang='lat' dir='ltr'><strong>quos</strong></span> <span class='ocrx_word' id='word_1_263' title='bbox 1293 3052 1399 3090; x_wconf 90' lang='lat' dir='ltr'><strong>non</strong></span> <span class='ocrx_word' id='word_1_264' title='bbox 1453 3037 1755 3104; x_wconf 87' lang='lat' dir='ltr'><strong>deportavit</strong></span> <span class='ocrx_word' id='word_1_265' title='bbox 1813 3035 1866 3088; x_wconf 92' lang='lat' dir='ltr'><strong>in</strong></span> 
     </span>
    </p>
   </div>
   <div class='ocr_carea' id='block_1_33' title="bbox 976 1825 1929 1911">
    <p class='ocr_par' dir='ltr' id='par_1_33' title="bbox 976 1825 1929 1911">
     <span class='ocr_line' id='line_1_33' title="bbox 976 1825 1929 1911; baseline -0.008 -13"><span class='ocrx_word' id='word_1_266' title='bbox 976 1842 1023 1911; x_wconf 73' lang='grc' dir='ltr'><strong>ζ.</strong></span> <span class='ocrx_word' id='word_1_267' title='bbox 1057 1850 1110 1896; x_wconf 92' lang='lat' dir='ltr'><strong>et</strong></span> <span class='ocrx_word' id='word_1_268' title='bbox 1140 1851 1408 1897; x_wconf 87' lang='lat' dir='ltr'><strong>revertere</strong></span> <span class='ocrx_word' id='word_1_269' title='bbox 1449 1841 1515 1895; x_wconf 92' lang='lat' dir='ltr'><strong>ad</strong></span> <span class='ocrx_word' id='word_1_270' title='bbox 1570 1832 1850 1896; x_wconf 83' lang='lat' dir='ltr'><strong>Godoliam</strong></span> <span class='ocrx_word' id='word_1_271' title='bbox 1887 1825 1929 1880; x_wconf 81' lang='grc' dir='ltr'><strong>Β</strong></span> 
     </span>
    </p>
   </div>
   <div class='ocr_carea' id='block_1_34' title="bbox 1945 562 3504 634">
    <p class='ocr_par' dir='ltr' id='par_1_34' title="bbox 1945 562 3504 634">
     <span class='ocr_line' id='line_1_34' title="bbox 1945 562 3504 634; baseline -0.001 -17"><span class='ocrx_word' id='word_1_272' title='bbox 1945 564 2091 632; x_wconf 87' lang='lat' dir='ltr'><strong>cipes</strong></span> <span class='ocrx_word' id='word_1_273' title='bbox 2126 565 2422 632; x_wconf 88' lang='lat' dir='ltr'><strong>potestatis,</strong></span> <span class='ocrx_word' id='word_1_274' title='bbox 2448 566 2539 634; x_wconf 88' lang='lat' dir='ltr'><strong>qui</strong></span> <span class='ocrx_word' id='word_1_275' title='bbox 2565 565 2622 619; x_wconf 80' lang='lat' dir='ltr'><strong>in</strong></span> <span class='ocrx_word' id='word_1_276' title='bbox 2655 579 2788 634; x_wconf 80' lang='lat' dir='ltr'><strong>agro</strong></span> <span class='ocrx_word' id='word_1_277' title='bbox 2807 605 2819 628; x_wconf 88' lang='lat'><strong>,</strong></span> <span class='ocrx_word' id='word_1_278' title='bbox 2844 573 3108 619; x_wconf 89' lang='lat' dir='ltr'><strong>venerunt</strong></span> <span class='ocrx_word' id='word_1_279' title='bbox 3130 564 3195 618; x_wconf 90' lang='lat' dir='ltr'><strong>ad</strong></span> <span class='ocrx_word' id='word_1_280' title='bbox 3221 562 3504 617; x_wconf 86' lang='lat' dir='ltr'><strong>Godoliam</strong></span> 
     </span>
    </p>
   </div>
   <div class='ocr_carea' id='block_1_35' title="bbox 1948 651 3507 722">
    <p class='ocr_par' dir='ltr' id='par_1_35' title="bbox 1948 651 3507 722">
     <span class='ocr_line' id='line_1_35' title="bbox 1948 651 3507 722; baseline -0.001 -16"><span class='ocrx_word' id='word_1_281' title='bbox 1948 653 2000 706; x_wconf 93' lang='lat' dir='ltr'><strong>in</strong></span> <span class='ocrx_word' id='word_1_282' title='bbox 2021 651 2338 722; x_wconf 83' lang='lat' dir='ltr'><strong>Maspbiam,</strong></span> <span class='ocrx_word' id='word_1_283' title='bbox 2360 654 2444 707; x_wconf 73' lang='grc'><strong>14.</strong></span> <span class='ocrx_word' id='word_1_284' title='bbox 2465 663 2518 706; x_wconf 94' lang='lat' dir='ltr'><strong>et</strong></span> <span class='ocrx_word' id='word_1_285' title='bbox 2551 654 2810 710; x_wconf 89' lang='lat' dir='ltr'><strong>dixerunt</strong></span> <span class='ocrx_word' id='word_1_286' title='bbox 2823 653 2924 708; x_wconf 77' lang='lat' dir='ltr'><strong>°ei:</strong></span> <span class='ocrx_word' id='word_1_287' title='bbox 2949 653 3004 707; x_wconf 90' lang='lat' dir='ltr'><strong>Si</strong></span> <span class='ocrx_word' id='word_1_288' title='bbox 3025 652 3399 722; x_wconf 79' lang='lat' dir='ltr'><strong>cognoscendo</strong></span> <span class='ocrx_word' id='word_1_289' title='bbox 3415 668 3507 706; x_wconf 89' lang='lat' dir='ltr'><strong>co-</strong></span> 
     </span>
    </p>
   </div>
   <div class='ocr_carea' id='block_1_36' title="bbox 1947 743 3507 814">
    <p class='ocr_par' dir='ltr' id='par_1_36' title="bbox 1947 743 3507 814">
     <span class='ocr_line' id='line_1_36' title="bbox 1947 743 3507 814; baseline 0 -18"><span class='ocrx_word' id='word_1_290' title='bbox 1947 743 2189 812; x_wconf 80' lang='lat' dir='ltr'><strong>gnoscis,</strong></span> <span class='ocrx_word' id='word_1_291' title='bbox 2221 745 2367 814; x_wconf 89' lang='lat' dir='ltr'><strong>quod</strong></span> <span class='ocrx_word' id='word_1_292' title='bbox 2417 743 2595 799; x_wconf 86' lang='lat' dir='ltr'><strong>Baalis</strong></span> <span class='ocrx_word' id='word_1_293' title='bbox 2633 761 2728 800; x_wconf 84' lang='lat' dir='ltr'><strong>rex</strong></span> <span class='ocrx_word' id='word_1_294' title='bbox 2767 744 2999 799; x_wconf 89' lang='lat' dir='ltr'><strong>ﬁliorum</strong></span> <span class='ocrx_word' id='word_1_295' title='bbox 3026 749 3255 800; x_wconf 81' lang='lat' dir='ltr'><strong>Ammon</strong></span> <span class='ocrx_word' id='word_1_296' title='bbox 3299 745 3507 799; x_wconf 88' lang='lat' dir='ltr'><strong>miserit</strong></span> 
     </span>
    </p>
   </div>
   <div class='ocr_carea' id='block_1_37' title="bbox 1951 835 3511 899">
    <p class='ocr_par' dir='ltr' id='par_1_37' title="bbox 1951 835 3511 899">
     <span class='ocr_line' id='line_1_37' title="bbox 1951 835 3511 899; baseline -0.001 -9"><span class='ocrx_word' id='word_1_297' title='bbox 1951 835 2018 890; x_wconf 84' lang='lat' dir='ltr'><strong>ad</strong></span> <span class='ocrx_word' id='word_1_298' title='bbox 2049 835 2330 890; x_wconf 89' lang='lat' dir='ltr'><strong>lsmaelem</strong></span> <span class='ocrx_word' id='word_1_299' title='bbox 2361 835 2532 890; x_wconf 89' lang='lat' dir='ltr'><strong>ﬁlium</strong></span> <span class='ocrx_word' id='word_1_300' title='bbox 2565 835 2864 899; x_wconf 60' lang='lat' dir='ltr'><strong>Nathania&#39;,</strong></span> <span class='ocrx_word' id='word_1_301' title='bbox 2895 837 2959 890; x_wconf 91' lang='lat' dir='ltr'><strong>ad</strong></span> <span class='ocrx_word' id='word_1_302' title='bbox 3001 837 3356 891; x_wconf 84' lang='lat' dir='ltr'><strong>occidendum</strong></span> <span class='ocrx_word' id='word_1_303' title='bbox 3392 837 3511 890; x_wconf 67' lang='lat' dir='ltr'><strong>ani~</strong></span> 
     </span>
    </p>
   </div>
   <div class='ocr_carea' id='block_1_38' title="bbox 1950 925 3510 983">
    <p class='ocr_par' dir='ltr' id='par_1_38' title="bbox 1950 925 3510 983">
     <span class='ocr_line' id='line_1_38' title="bbox 1950 925 3510 983; baseline 0.001 -5"><span class='ocrx_word' id='word_1_304' title='bbox 1950 941 2090 979; x_wconf 88' lang='lat' dir='ltr'><strong>mam</strong></span> <span class='ocrx_word' id='word_1_305' title='bbox 2110 925 2296 979; x_wconf 82' lang='lat' dir='ltr'><strong>tuam?</strong></span> <span class='ocrx_word' id='word_1_306' title='bbox 2315 925 2497 980; x_wconf 80' lang='lat' dir='ltr'><strong>Etnon</strong></span> <span class='ocrx_word' id='word_1_307' title='bbox 2515 926 2743 982; x_wconf 89' lang='lat' dir='ltr'><strong>credidit</strong></span> <span class='ocrx_word' id='word_1_308' title='bbox 2761 927 2840 982; x_wconf 92' lang='lat' dir='ltr'><strong>eis</strong></span> <span class='ocrx_word' id='word_1_309' title='bbox 2855 926 3081 982; x_wconf 88' lang='lat' dir='ltr'><strong>Godolia</strong></span> <span class='ocrx_word' id='word_1_310' title='bbox 3105 927 3249 982; x_wconf 90' lang='lat' dir='ltr'><strong>ﬁlius</strong></span> <span class='ocrx_word' id='word_1_311' title='bbox 3263 926 3510 983; x_wconf 85' lang='lat' dir='ltr'><strong>Abicam.</strong></span> 
     </span>
    </p>
   </div>
   <div class='ocr_carea' id='block_1_39' title="bbox 1952 1015 3511 1075">
    <p class='ocr_par' dir='ltr' id='par_1_39' title="bbox 1952 1015 3511 1075">
     <span class='ocr_line' id='line_1_39' title="bbox 1952 1015 3511 1075; baseline 0.002 -7"><span class='ocrx_word' id='word_1_312' title='bbox 1952 1017 2039 1070; x_wconf 79' lang='lat' dir='ltr'><strong>l5.</strong></span> <span class='ocrx_word' id='word_1_313' title='bbox 2069 1017 2136 1072; x_wconf 87' lang='lat' dir='ltr'><strong>Et</strong></span> <span class='ocrx_word' id='word_1_314' title='bbox 2154 1015 2403 1072; x_wconf 81' lang='lat' dir='ltr'><strong>Johanan</strong></span> <span class='ocrx_word' id='word_1_315' title='bbox 2424 1017 2570 1073; x_wconf 92' lang='lat' dir='ltr'><strong>ﬁlius</strong></span> <span class='ocrx_word' id='word_1_316' title='bbox 2596 1017 2771 1072; x_wconf 86' lang='lat' dir='ltr'><strong>Corah</strong></span> <span class='ocrx_word' id='word_1_317' title='bbox 2801 1020 2936 1074; x_wconf 83' lang='lat' dir='ltr'><strong>dixit</strong></span> <span class='ocrx_word' id='word_1_318' title='bbox 2955 1020 3196 1075; x_wconf 72' lang='lat' dir='ltr'><strong>Godolize</strong></span> <span class='ocrx_word' id='word_1_319' title='bbox 3222 1019 3432 1074; x_wconf 90' lang='lat' dir='ltr'><strong>occulte</strong></span> <span class='ocrx_word' id='word_1_320' title='bbox 3456 1018 3511 1071; x_wconf 89' lang='lat' dir='ltr'><strong>in</strong></span> 
     </span>
    </p>
   </div>
   <div class='ocr_carea' id='block_1_40' title="bbox 1952 1107 3517 1179">
    <p class='ocr_par' dir='ltr' id='par_1_40' title="bbox 1952 1107 3517 1179">
     <span class='ocr_line' id='line_1_40' title="bbox 1952 1107 3517 1179; baseline 0.001 -17"><span class='ocrx_word' id='word_1_321' title='bbox 1952 1107 2219 1179; x_wconf 80' lang='lat' dir='ltr'><strong>Masphia,</strong></span> <span class='ocrx_word' id='word_1_322' title='bbox 2244 1109 2464 1164; x_wconf 89' lang='lat' dir='ltr'><strong>dicens:</strong></span> <span class='ocrx_word' id='word_1_323' title='bbox 2493 1108 2586 1164; x_wconf 92' lang='lat' dir='ltr'><strong>lbo</strong></span> <span class='ocrx_word' id='word_1_324' title='bbox 2606 1125 2771 1174; x_wconf 89' lang='lat' dir='ltr'><strong>nunc,</strong></span> <span class='ocrx_word' id='word_1_325' title='bbox 2807 1119 2860 1166; x_wconf 92' lang='lat' dir='ltr'><strong>et</strong></span> <span class='ocrx_word' id='word_1_326' title='bbox 2881 1111 3123 1167; x_wconf 74' lang='lat' dir='ltr'><strong>occidam</strong></span> <span class='ocrx_word' id='word_1_327' title='bbox 3148 1111 3426 1166; x_wconf 88' lang='lat' dir='ltr'><strong>lsmaelem</strong></span> <span class='ocrx_word' id='word_1_328' title='bbox 3455 1111 3517 1164; x_wconf 93' lang='lat' dir='ltr'><strong>ﬁ-</strong></span> 
     </span>
    </p>
   </div>
   <div class='ocr_carea' id='block_1_41' title="bbox 1952 1198 3515 1271">
    <p class='ocr_par' dir='ltr' id='par_1_41' title="bbox 1952 1198 3515 1271">
     <span class='ocr_line' id='line_1_41' title="bbox 1952 1198 3515 1271; baseline 0.001 -17"><span class='ocrx_word' id='word_1_329' title='bbox 1952 1201 2084 1254; x_wconf 90' lang='lat' dir='ltr'><strong>lium</strong></span> <span class='ocrx_word' id='word_1_330' title='bbox 2122 1198 2425 1263; x_wconf 73' lang='lat' dir='ltr'><strong>Natbaniaz,</strong></span> <span class='ocrx_word' id='word_1_331' title='bbox 2448 1210 2502 1255; x_wconf 90' lang='lat' dir='ltr'><strong>et</strong></span> <span class='ocrx_word' id='word_1_332' title='bbox 2534 1201 2607 1271; x_wconf 88' lang='grc' dir='ltr'><strong>(ο)</strong></span> <span class='ocrx_word' id='word_1_333' title='bbox 2627 1217 2786 1256; x_wconf 89' lang='lat' dir='ltr'><strong>nemo</strong></span> <span class='ocrx_word' id='word_1_334' title='bbox 2802 1205 2955 1266; x_wconf 89' lang='lat' dir='ltr'><strong>sciet,</strong></span> <span class='ocrx_word' id='word_1_335' title='bbox 2973 1218 3038 1257; x_wconf 92' lang='lat' dir='ltr'><strong>ne</strong></span> <span class='ocrx_word' id='word_1_336' title='bbox 3053 1203 3515 1258; x_wconf 83' lang='lat' dir='ltr'><strong>occidatanimam</strong></span> 
     </span>
    </p>
   </div>
   <div class='ocr_carea' id='block_1_42' title="bbox 1953 1293 3515 1365">
    <p class='ocr_par' dir='ltr' id='par_1_42' title="bbox 1953 1293 3515 1365">
     <span class='ocr_line' id='line_1_42' title="bbox 1953 1293 3515 1365; baseline -0.001 -16"><span class='ocrx_word' id='word_1_337' title='bbox 1953 1305 2123 1354; x_wconf 88' lang='lat' dir='ltr'><strong>tuam.</strong></span> <span class='ocrx_word' id='word_1_338' title='bbox 2146 1303 2199 1348; x_wconf 89' lang='lat' dir='ltr'><strong>et</strong></span> <span class='ocrx_word' id='word_1_339' title='bbox 2213 1293 2598 1363; x_wconf 80' lang='lat' dir='ltr'><strong>disperguntur</strong></span> <span class='ocrx_word' id='word_1_340' title='bbox 2616 1293 3010 1359; x_wconf 68' lang='lat' dir='ltr'><strong>omnesJudaai,</strong></span> <span class='ocrx_word' id='word_1_341' title='bbox 3028 1294 3336 1365; x_wconf 75' lang='lat' dir='ltr'><strong>congregati</strong></span> <span class='ocrx_word' id='word_1_342' title='bbox 3360 1295 3424 1348; x_wconf 88' lang='lat' dir='ltr'><strong>ad</strong></span> <span class='ocrx_word' id='word_1_343' title='bbox 3441 1301 3515 1357; x_wconf 84' lang='lat' dir='ltr'><strong>te,</strong></span> 
     </span>
    </p>
   </div>
   <div class='ocr_carea' id='block_1_43' title="bbox 1952 1385 3519 1456">
    <p class='ocr_par' dir='ltr' id='par_1_43' title="bbox 1952 1385 3519 1456">
     <span class='ocr_line' id='line_1_43' title="bbox 1952 1385 3519 1456; baseline -0.001 -15"><span class='ocrx_word' id='word_1_344' title='bbox 1952 1397 2007 1441; x_wconf 91' lang='lat' dir='ltr'><strong>et</strong></span> <span class='ocrx_word' id='word_1_345' title='bbox 2035 1385 2287 1456; x_wconf 91' lang='lat' dir='ltr'><strong>peribunt</strong></span> <span class='ocrx_word' id='word_1_346' title='bbox 2315 1387 2520 1440; x_wconf 88' lang='lat' dir='ltr'><strong>residui</strong></span> <span class='ocrx_word' id='word_1_347' title='bbox 2547 1385 2720 1441; x_wconf 59' lang='lat' dir='ltr'><strong>luds.</strong></span> <span class='ocrx_word' id='word_1_348' title='bbox 2748 1386 2835 1439; x_wconf 80' lang='grc'><strong>16.</strong></span> <span class='ocrx_word' id='word_1_349' title='bbox 2879 1386 2945 1440; x_wconf 86' lang='lat' dir='ltr'><strong>Et</strong></span> <span class='ocrx_word' id='word_1_350' title='bbox 2965 1387 3102 1441; x_wconf 81' lang='lat' dir='ltr'><strong>dixit</strong></span> <span class='ocrx_word' id='word_1_351' title='bbox 3125 1386 3348 1441; x_wconf 82' lang='lat' dir='ltr'><strong>Godolia</strong></span> <span class='ocrx_word' id='word_1_352' title='bbox 3375 1386 3519 1440; x_wconf 91' lang='lat' dir='ltr'><strong>ﬁlius</strong></span> 
     </span>
    </p>
   </div>
   <div class='ocr_carea' id='block_1_44' title="bbox 1954 1475 3516 1548">
    <p class='ocr_par' dir='ltr' id='par_1_44' title="bbox 1954 1475 3516 1548">
     <span class='ocr_line' id='line_1_44' title="bbox 1954 1475 3516 1548; baseline 0.003 -20"><span class='ocrx_word' id='word_1_353' title='bbox 1954 1475 2176 1531; x_wconf 74' lang='lat' dir='ltr'><strong>Ahicam</strong></span> <span class='ocrx_word' id='word_1_354' title='bbox 2208 1475 2273 1530; x_wconf 91' lang='lat' dir='ltr'><strong>ad</strong></span> <span class='ocrx_word' id='word_1_355' title='bbox 2309 1475 2557 1532; x_wconf 81' lang='lat' dir='ltr'><strong>Jobanan</strong></span> <span class='ocrx_word' id='word_1_356' title='bbox 2589 1479 2756 1533; x_wconf 88' lang='lat' dir='ltr'><strong>ﬁlium</strong></span> <span class='ocrx_word' id='word_1_357' title='bbox 2792 1478 2969 1535; x_wconf 83' lang='lat' dir='ltr'><strong>Corali</strong></span> <span class='ocrx_word' id='word_1_358' title='bbox 2998 1500 3011 1534; x_wconf 87' lang='lat'><strong>:</strong></span> <span class='ocrx_word' id='word_1_359' title='bbox 3049 1478 3127 1535; x_wconf 85' lang='lat' dir='ltr'><strong>Ne</strong></span> <span class='ocrx_word' id='word_1_360' title='bbox 3169 1479 3339 1535; x_wconf 83' lang='lat' dir='ltr'><strong>facias</strong></span> <span class='ocrx_word' id='word_1_361' title='bbox 3366 1479 3516 1548; x_wconf 78' lang='lat' dir='ltr'><strong>juxta</strong></span> 
     </span>
    </p>
   </div>
   <div class='ocr_carea' id='block_1_45' title="bbox 1953 1567 3519 1641">
    <p class='ocr_par' dir='ltr' id='par_1_45' title="bbox 1953 1567 3519 1641">
     <span class='ocr_line' id='line_1_45' title="bbox 1953 1567 3519 1641; baseline 0.002 -22"><span class='ocrx_word' id='word_1_362' title='bbox 1953 1567 2178 1622; x_wconf 86' lang='lat' dir='ltr'><strong>verbum</strong></span> <span class='ocrx_word' id='word_1_363' title='bbox 2202 1569 2302 1623; x_wconf 91' lang='lat' dir='ltr'><strong>hoc</strong></span> <span class='ocrx_word' id='word_1_364' title='bbox 2321 1587 2334 1633; x_wconf 91' lang='lat'>;</span> <span class='ocrx_word' id='word_1_365' title='bbox 2356 1571 2482 1639; x_wconf 88' lang='lat' dir='ltr'><strong>quia</strong></span> <span class='ocrx_word' id='word_1_366' title='bbox 2503 1571 2780 1626; x_wconf 84' lang='lat' dir='ltr'><strong>mendacia</strong></span> <span class='ocrx_word' id='word_1_367' title='bbox 2806 1580 2862 1626; x_wconf 91' lang='lat' dir='ltr'><strong>tu</strong></span> <span class='ocrx_word' id='word_1_368' title='bbox 2882 1572 3122 1641; x_wconf 88' lang='lat' dir='ltr'><strong>loqueris</strong></span> <span class='ocrx_word' id='word_1_369' title='bbox 3148 1587 3242 1640; x_wconf 90' lang='lat' dir='ltr'><strong>pro</strong></span> <span class='ocrx_word' id='word_1_370' title='bbox 3273 1570 3519 1626; x_wconf 84' lang='lat' dir='ltr'><strong>lsmaele.</strong></span> 
     </span>
    </p>
   </div>
   <div class='ocr_carea' id='block_1_46' title="bbox 2025 1657 3525 1731">
    <p class='ocr_par' dir='ltr' id='par_1_46' title="bbox 2025 1657 3525 1731">
     <span class='ocr_line' id='line_1_46' title="bbox 2025 1657 3525 1731; baseline 0.001 -20"><span class='ocrx_word' id='word_1_371' title='bbox 2025 1657 2153 1728; x_wconf 88' lang='lat' dir='ltr'><strong>Cap.</strong></span> <span class='ocrx_word' id='word_1_372' title='bbox 2174 1657 2310 1712; x_wconf 85' lang='lat' dir='ltr'><strong>XLI.</strong></span> <span class='ocrx_word' id='word_1_373' title='bbox 2327 1689 2397 1700; x_wconf 71' lang='grc' dir='ltr'><strong>ο·-</strong></span> <span class='ocrx_word' id='word_1_374' title='bbox 2414 1661 2464 1714; x_wconf 80' lang='lat' dir='ltr'><strong>l.</strong></span> <span class='ocrx_word' id='word_1_375' title='bbox 2492 1663 2557 1715; x_wconf 86' lang='lat' dir='ltr'><strong>Et</strong></span> <span class='ocrx_word' id='word_1_376' title='bbox 2589 1661 2786 1716; x_wconf 80' lang='lat' dir='ltr'><strong>factum</strong></span> <span class='ocrx_word' id='word_1_377' title='bbox 2806 1670 2888 1716; x_wconf 87' lang='lat' dir='ltr'><strong>est</strong></span> <span class='ocrx_word' id='word_1_378' title='bbox 2917 1678 3102 1716; x_wconf 88' lang='lat' dir='ltr'><strong>mense</strong></span> <span class='ocrx_word' id='word_1_379' title='bbox 3132 1663 3360 1731; x_wconf 90' lang='lat' dir='ltr'><strong>septimo</strong></span> <span class='ocrx_word' id='word_1_380' title='bbox 3381 1660 3525 1714; x_wconf 87' lang='lat' dir='ltr'><strong>venit</strong></span> 
     </span>
    </p>
   </div>
   <div class='ocr_carea' id='block_1_47' title="bbox 1957 1747 3524 1823">
    <p class='ocr_par' dir='ltr' id='par_1_47' title="bbox 1957 1747 3524 1823">
     <span class='ocr_line' id='line_1_47' title="bbox 1957 1747 3524 1823; baseline 0.003 -21"><span class='ocrx_word' id='word_1_381' title='bbox 1957 1747 2147 1804; x_wconf 82' lang='lat' dir='ltr'><strong>lsmael</strong></span> <span class='ocrx_word' id='word_1_382' title='bbox 2186 1751 2328 1805; x_wconf 91' lang='lat' dir='ltr'><strong>ﬁlius</strong></span> <span class='ocrx_word' id='word_1_383' title='bbox 2384 1750 2664 1810; x_wconf 71' lang='lat' dir='ltr'><strong>Natbania:</strong></span> <span class='ocrx_word' id='word_1_384' title='bbox 2716 1755 2809 1808; x_wconf 90' lang='lat' dir='ltr'><strong>ﬁlii</strong></span> <span class='ocrx_word' id='word_1_385' title='bbox 2867 1753 3118 1808; x_wconf 75' lang='lat' dir='ltr'><strong>Elisamze</strong></span> <span class='ocrx_word' id='word_1_386' title='bbox 3153 1754 3229 1823; x_wconf 84' lang='lat' dir='ltr'><strong>(p)</strong></span> <span class='ocrx_word' id='word_1_387' title='bbox 3258 1770 3286 1807; x_wconf 88' lang='lat' dir='ltr'><strong>a</strong></span> <span class='ocrx_word' id='word_1_388' title='bbox 3328 1768 3524 1823; x_wconf 76' lang='lat' dir='ltr'><strong>genere</strong></span> 
     </span>
    </p>
   </div>
   <div class='ocr_carea' id='block_1_48' title="bbox 1959 1841 3523 1914">
    <p class='ocr_par' dir='ltr' id='par_1_48' title="bbox 1959 1841 3523 1914">
     <span class='ocr_line' id='line_1_48' title="bbox 1959 1841 3523 1914; baseline 0.003 -21"><span class='ocrx_word' id='word_1_389' title='bbox 1959 1841 2119 1911; x_wconf 78' lang='lat' dir='ltr'><strong>regis,</strong></span> <span class='ocrx_word' id='word_1_390' title='bbox 2145 1851 2199 1896; x_wconf 86' lang='lat' dir='ltr'><strong>et</strong></span> <span class='ocrx_word' id='word_1_391' title='bbox 2214 1844 2352 1897; x_wconf 84' lang='lat' dir='ltr'><strong>servi</strong></span> <span class='ocrx_word' id='word_1_392' title='bbox 2377 1843 2540 1914; x_wconf 82' lang='lat' dir='ltr'><strong>regis,</strong></span> <span class='ocrx_word' id='word_1_393' title='bbox 2564 1846 2619 1899; x_wconf 84' lang='lat' dir='ltr'><strong>ct</strong></span> <span class='ocrx_word' id='word_1_394' title='bbox 2639 1845 2820 1899; x_wconf 89' lang='lat' dir='ltr'><strong>decem</strong></span> <span class='ocrx_word' id='word_1_395' title='bbox 2851 1846 2949 1899; x_wconf 86' lang='lat' dir='ltr'><strong>viri</strong></span> <span class='ocrx_word' id='word_1_396' title='bbox 2988 1860 3108 1899; x_wconf 90' lang='lat' dir='ltr'><strong>cum</strong></span> <span class='ocrx_word' id='word_1_397' title='bbox 3145 1860 3209 1898; x_wconf 87' lang='lat' dir='ltr'><strong>eo</strong></span> <span class='ocrx_word' id='word_1_398' title='bbox 3247 1844 3311 1898; x_wconf 90' lang='lat' dir='ltr'><strong>ad</strong></span> <span class='ocrx_word' id='word_1_399' title='bbox 3343 1843 3523 1898; x_wconf 84' lang='lat' dir='ltr'><strong>Godo-</strong></span> 
     </span>
    </p>
   </div>
   <div class='ocr_carea' id='block_1_49' title="bbox 1961 1933 3521 2006">
    <p class='ocr_par' dir='ltr' id='par_1_49' title="bbox 1961 1933 3521 2006">
     <span class='ocr_line' id='line_1_49' title="bbox 1961 1933 3521 2006; baseline 0.002 -21"><span class='ocrx_word' id='word_1_400' title='bbox 1961 1933 2087 1986; x_wconf 89' lang='lat' dir='ltr'><strong>liam</strong></span> <span class='ocrx_word' id='word_1_401' title='bbox 2118 1933 2287 1988; x_wconf 86' lang='lat' dir='ltr'><strong>tilium</strong></span> <span class='ocrx_word' id='word_1_402' title='bbox 2313 1933 2538 1990; x_wconf 81' lang='lat' dir='ltr'><strong>Abicam</strong></span> <span class='ocrx_word' id='word_1_403' title='bbox 2568 1937 2620 1990; x_wconf 91' lang='lat' dir='ltr'><strong>in</strong></span> <span class='ocrx_word' id='word_1_404' title='bbox 2647 1934 2965 2006; x_wconf 82' lang='lat' dir='ltr'><strong>Masphiam,</strong></span> <span class='ocrx_word' id='word_1_405' title='bbox 2991 1943 3044 1992; x_wconf 91' lang='lat' dir='ltr'><strong>et</strong></span> <span class='ocrx_word' id='word_1_406' title='bbox 3075 1937 3424 1990; x_wconf 88' lang='lat' dir='ltr'><strong>comederunt</strong></span> <span class='ocrx_word' id='word_1_407' title='bbox 3449 1936 3521 1990; x_wconf 92' lang='lat' dir='ltr'><strong>ibi</strong></span> 
     </span>
    </p>
   </div>
   <div class='ocr_carea' id='block_1_50' title="bbox 1961 2025 3527 2099">
    <p class='ocr_par' dir='ltr' id='par_1_50' title="bbox 1961 2025 3527 2099">
     <span class='ocr_line' id='line_1_50' title="bbox 1961 2025 3527 2099; baseline 0.001 -21"><span class='ocrx_word' id='word_1_408' title='bbox 1961 2040 2152 2093; x_wconf 90' lang='lat' dir='ltr'><strong>panem</strong></span> <span class='ocrx_word' id='word_1_409' title='bbox 2191 2025 2265 2096; x_wconf 76' lang='grc' dir='ltr'><strong>(ᾳ)</strong></span> <span class='ocrx_word' id='word_1_410' title='bbox 2295 2028 2349 2081; x_wconf 90' lang='lat' dir='ltr'><strong>in</strong></span> <span class='ocrx_word' id='word_1_411' title='bbox 2372 2026 2642 2099; x_wconf 83' lang='lat' dir='ltr'><strong>Masphia.</strong></span> <span class='ocrx_word' id='word_1_412' title='bbox 2676 2027 2730 2082; x_wconf 77' lang='lat'><strong>2.</strong></span> <span class='ocrx_word' id='word_1_413' title='bbox 2762 2027 2828 2081; x_wconf 88' lang='lat' dir='ltr'><strong>Et</strong></span> <span class='ocrx_word' id='word_1_414' title='bbox 2858 2028 3096 2083; x_wconf 79' lang='lat' dir='ltr'><strong>surrexit</strong></span> <span class='ocrx_word' id='word_1_415' title='bbox 3145 2027 3336 2082; x_wconf 90' lang='lat' dir='ltr'><strong>lsmael</strong></span> <span class='ocrx_word' id='word_1_416' title='bbox 3383 2027 3527 2081; x_wconf 87' lang='lat' dir='ltr'><strong>ﬁlius</strong></span> 
     </span>
    </p>
   </div>
   <div class='ocr_carea' id='block_1_51' title="bbox 1962 2115 3530 2189">
    <p class='ocr_par' dir='ltr' id='par_1_51' title="bbox 1962 2115 3530 2189">
     <span class='ocr_line' id='line_1_51' title="bbox 1962 2115 3530 2189; baseline 0.001 -20"><span class='ocrx_word' id='word_1_417' title='bbox 1962 2115 2263 2178; x_wconf 71' lang='lat' dir='ltr'><strong>Nathanire.</strong></span> <span class='ocrx_word' id='word_1_418' title='bbox 2286 2127 2340 2172; x_wconf 92' lang='lat' dir='ltr'><strong>et</strong></span> <span class='ocrx_word' id='word_1_419' title='bbox 2358 2118 2543 2174; x_wconf 89' lang='lat' dir='ltr'><strong>decem</strong></span> <span class='ocrx_word' id='word_1_420' title='bbox 2569 2119 2692 2184; x_wconf 88' lang='lat' dir='ltr'><strong>viri,</strong></span> <span class='ocrx_word' id='word_1_421' title='bbox 2725 2120 2818 2189; x_wconf 91' lang='lat' dir='ltr'><strong>qui</strong></span> <span class='ocrx_word' id='word_1_422' title='bbox 2849 2122 2915 2188; x_wconf 59' lang='grc' dir='ltr'>Χ</span> <span class='ocrx_word' id='word_1_423' title='bbox 2941 2127 3096 2174; x_wconf 89' lang='lat' dir='ltr'><strong>erant</strong></span> <span class='ocrx_word' id='word_1_424' title='bbox 3135 2135 3258 2173; x_wconf 90' lang='lat' dir='ltr'><strong>cum</strong></span> <span class='ocrx_word' id='word_1_425' title='bbox 3288 2135 3353 2174; x_wconf 89' lang='lat' dir='ltr'><strong>eo</strong></span> <span class='ocrx_word' id='word_1_426' title='bbox 3383 2119 3442 2188; x_wconf 72' lang='grc' dir='ltr'><strong>ζ,</strong></span> <span class='ocrx_word' id='word_1_427' title='bbox 3476 2127 3530 2172; x_wconf 89' lang='lat' dir='ltr'><strong>et</strong></span> 
     </span>
    </p>
   </div>
   <div class='ocr_carea' id='block_1_52' title="bbox 1963 2209 3529 2281">
    <p class='ocr_par' dir='ltr' id='par_1_52' title="bbox 1963 2209 3529 2281">
     <span class='ocr_line' id='line_1_52' title="bbox 1963 2209 3529 2281; baseline 0.002 -21"><span class='ocrx_word' id='word_1_428' title='bbox 1963 2219 2346 2276; x_wconf 80' lang='lat' dir='ltr'><strong>percusserunt</strong></span> <span class='ocrx_word' id='word_1_429' title='bbox 2366 2210 2645 2274; x_wconf 80' lang='lat' dir='ltr'><strong>Godoliam</strong></span> <span class='ocrx_word' id='word_1_430' title='bbox 2679 2212 2848 2266; x_wconf 89' lang='lat' dir='ltr'><strong>ﬁlium</strong></span> <span class='ocrx_word' id='word_1_431' title='bbox 2873 2211 3100 2266; x_wconf 82' lang='lat' dir='ltr'><strong>Ahicam</strong></span> <span class='ocrx_word' id='word_1_432' title='bbox 3132 2209 3456 2281; x_wconf 86' lang='lat' dir='ltr'><strong>tiliiSaphan</strong></span> <span class='ocrx_word' id='word_1_433' title='bbox 3475 2210 3529 2263; x_wconf 91' lang='lat' dir='ltr'><strong>in</strong></span> 
     </span>
    </p>
   </div>
   <div class='ocr_carea' id='block_1_53' title="bbox 1964 2302 3530 2374">
    <p class='ocr_par' dir='ltr' id='par_1_53' title="bbox 1964 2302 3530 2374">
     <span class='ocr_line' id='line_1_53' title="bbox 1964 2302 3530 2374; baseline 0.001 -20"><span class='ocrx_word' id='word_1_434' title='bbox 1964 2302 2164 2370; x_wconf 76' lang='lat' dir='ltr'><strong>gladio,</strong></span> <span class='ocrx_word' id='word_1_435' title='bbox 2197 2310 2250 2356; x_wconf 90' lang='lat' dir='ltr'><strong>et</strong></span> <span class='ocrx_word' id='word_1_436' title='bbox 2297 2303 2616 2358; x_wconf 89' lang='lat' dir='ltr'><strong>occiderunt</strong></span> <span class='ocrx_word' id='word_1_437' title='bbox 2655 2319 2802 2368; x_wconf 90' lang='lat' dir='ltr'><strong>eum,</strong></span> <span class='ocrx_word' id='word_1_438' title='bbox 2830 2319 2992 2374; x_wconf 90' lang='lat' dir='ltr'><strong>quem</strong></span> <span class='ocrx_word' id='word_1_439' title='bbox 3039 2304 3395 2359; x_wconf 85' lang='lat' dir='ltr'><strong>constituerat</strong></span> <span class='ocrx_word' id='word_1_440' title='bbox 3437 2317 3530 2356; x_wconf 85' lang='lat' dir='ltr'><strong>rex</strong></span> 
     </span>
    </p>
   </div>
   <div class='ocr_carea' id='block_1_54' title="bbox 1966 2391 3530 2462">
    <p class='ocr_par' dir='ltr' id='par_1_54' title="bbox 1966 2391 3530 2462">
     <span class='ocr_line' id='line_1_54' title="bbox 1966 2391 3530 2462; baseline 0 -18"><span class='ocrx_word' id='word_1_441' title='bbox 1966 2392 2256 2462; x_wconf 82' lang='lat' dir='ltr'><strong>Babylonis</strong></span> <span class='ocrx_word' id='word_1_442' title='bbox 2318 2409 2480 2462; x_wconf 90' lang='lat' dir='ltr'><strong>super</strong></span> <span class='ocrx_word' id='word_1_443' title='bbox 2513 2403 2675 2456; x_wconf 88' lang='lat' dir='ltr'><strong>terra,</strong></span> <span class='ocrx_word' id='word_1_444' title='bbox 2736 2397 2788 2446; x_wconf 85' lang='grc'><strong>5.</strong></span> <span class='ocrx_word' id='word_1_445' title='bbox 2843 2392 2910 2447; x_wconf 85' lang='lat' dir='ltr'><strong>Et</strong></span> <span class='ocrx_word' id='word_1_446' title='bbox 2937 2409 3128 2448; x_wconf 89' lang='lat' dir='ltr'><strong>omnes</strong></span> <span class='ocrx_word' id='word_1_447' title='bbox 3173 2392 3407 2452; x_wconf 67' lang='lat' dir='ltr'><strong>Judmos.</strong></span> <span class='ocrx_word' id='word_1_448' title='bbox 3439 2391 3530 2462; x_wconf 88' lang='lat' dir='ltr'><strong>qui</strong></span> 
     </span>
    </p>
   </div>
   <div class='ocr_carea' id='block_1_55' title="bbox 1965 2484 3533 2556">
    <p class='ocr_par' dir='ltr' id='par_1_55' title="bbox 1965 2484 3533 2556">
     <span class='ocr_line' id='line_1_55' title="bbox 1965 2484 3533 2556; baseline 0.003 -20"><span class='ocrx_word' id='word_1_449' title='bbox 1965 2496 2119 2538; x_wconf 84' lang='lat' dir='ltr'><strong>erant</strong></span> <span class='ocrx_word' id='word_1_450' title='bbox 2157 2500 2279 2540; x_wconf 89' lang='lat' dir='ltr'><strong>cum</strong></span> <span class='ocrx_word' id='word_1_451' title='bbox 2313 2499 2379 2538; x_wconf 89' lang='lat' dir='ltr'><strong>eo</strong></span> <span class='ocrx_word' id='word_1_452' title='bbox 2417 2502 2539 2540; x_wconf 87' lang='lat' dir='ltr'><strong>cum</strong></span> <span class='ocrx_word' id='word_1_453' title='bbox 2573 2485 2797 2540; x_wconf 89' lang='lat' dir='ltr'><strong>Godolia</strong></span> <span class='ocrx_word' id='word_1_454' title='bbox 2831 2487 2884 2540; x_wconf 92' lang='lat' dir='ltr'><strong>in</strong></span> <span class='ocrx_word' id='word_1_455' title='bbox 2914 2484 3186 2556; x_wconf 86' lang='lat' dir='ltr'><strong>Masphia,</strong></span> <span class='ocrx_word' id='word_1_456' title='bbox 3243 2496 3296 2540; x_wconf 89' lang='lat' dir='ltr'><strong>et</strong></span> <span class='ocrx_word' id='word_1_457' title='bbox 3345 2500 3533 2540; x_wconf 86' lang='lat' dir='ltr'><strong>omnes</strong></span> 
     </span>
    </p>
   </div>
   <div class='ocr_carea' id='block_1_56' title="bbox 1966 2576 3506 2644">
    <p class='ocr_par' dir='ltr' id='par_1_56' title="bbox 1966 2576 3506 2644">
     <span class='ocr_line' id='line_1_56' title="bbox 1966 2576 3506 2644; baseline 0.001 -15"><span class='ocrx_word' id='word_1_458' title='bbox 1966 2576 2270 2640; x_wconf 62' lang='lat' dir='ltr'><strong>Chaldaeos,</strong></span> <span class='ocrx_word' id='word_1_459' title='bbox 2297 2577 2392 2644; x_wconf 89' lang='lat' dir='ltr'><strong>qui</strong></span> <span class='ocrx_word' id='word_1_460' title='bbox 2432 2577 2634 2631; x_wconf 78' lang='lat' dir='ltr'><strong>inventi</strong></span> <span class='ocrx_word' id='word_1_461' title='bbox 2686 2577 2905 2632; x_wconf 81' lang='lat' dir='ltr'><strong>fuerunt</strong></span> <span class='ocrx_word' id='word_1_462' title='bbox 2936 2577 3028 2640; x_wconf 89' lang='lat' dir='ltr'><strong>ibi,</strong></span> <span class='ocrx_word' id='word_1_463' title='bbox 3065 2578 3210 2631; x_wconf 73' lang='lat' dir='ltr'><strong>viros</strong></span> <span class='ocrx_word' id='word_1_464' title='bbox 3238 2578 3360 2632; x_wconf 88' lang='lat' dir='ltr'><strong>belli</strong></span> <span class='ocrx_word' id='word_1_465' title='bbox 3390 2577 3506 2632; x_wconf 86' lang='lat' dir='ltr'><strong>occi</strong></span> 
     </span>
    </p>
   </div>
   <div class='ocr_carea' id='block_1_57' title="bbox 1966 2665 3536 2739">
    <p class='ocr_par' dir='ltr' id='par_1_57' title="bbox 1966 2665 3536 2739">
     <span class='ocr_line' id='line_1_57' title="bbox 1966 2665 3536 2739; baseline 0.003 -20"><span class='ocrx_word' id='word_1_466' title='bbox 1966 2667 2044 2720; x_wconf 91' lang='lat' dir='ltr'><strong>dit</strong></span> <span class='ocrx_word' id='word_1_467' title='bbox 2067 2667 2278 2722; x_wconf 89' lang='lat' dir='ltr'><strong>lsmael.</strong></span> <span class='ocrx_word' id='word_1_468' title='bbox 2306 2668 2357 2721; x_wconf 69' lang='grc'><strong>4.</strong></span> <span class='ocrx_word' id='word_1_469' title='bbox 2381 2666 2445 2722; x_wconf 85' lang='lat' dir='ltr'><strong>Et</strong></span> <span class='ocrx_word' id='word_1_470' title='bbox 2471 2665 2670 2723; x_wconf 81' lang='lat' dir='ltr'><strong>factum</strong></span> <span class='ocrx_word' id='word_1_471' title='bbox 2694 2669 2879 2724; x_wconf 88' lang='lat' dir='ltr'><strong>estdie</strong></span> <span class='ocrx_word' id='word_1_472' title='bbox 2895 2669 3154 2733; x_wconf 88' lang='lat' dir='ltr'><strong>secundo,</strong></span> <span class='ocrx_word' id='word_1_473' title='bbox 3177 2686 3240 2723; x_wconf 89' lang='lat' dir='ltr'><strong>ex</strong></span> <span class='ocrx_word' id='word_1_474' title='bbox 3262 2684 3370 2739; x_wconf 91' lang='lat' dir='ltr'><strong>quo</strong></span> <span class='ocrx_word' id='word_1_475' title='bbox 3393 2669 3536 2725; x_wconf 89' lang='lat' dir='ltr'><strong>occi-</strong></span> 
     </span>
    </p>
   </div>
   <div class='ocr_carea' id='block_1_58' title="bbox 1967 2758 3540 2842">
    <p class='ocr_par' dir='ltr' id='par_1_58' title="bbox 1967 2758 3540 2842">
     <span class='ocr_line' id='line_1_58' title="bbox 1967 2758 3540 2842; baseline 0.003 -30"><span class='ocrx_word' id='word_1_476' title='bbox 1967 2759 2046 2813; x_wconf 90' lang='lat' dir='ltr'><strong>dit</strong></span> <span class='ocrx_word' id='word_1_477' title='bbox 2073 2759 2144 2839; x_wconf 86' lang='lat' dir='ltr'><strong>ibi</strong></span> <span class='ocrx_word' id='word_1_478' title='bbox 2179 2759 2250 2830; x_wconf 86' lang='lat' dir='ltr'><strong>(r)</strong></span> <span class='ocrx_word' id='word_1_479' title='bbox 2285 2758 2695 2842; x_wconf 37' lang='lat' dir='ltr'><strong>Godoliamnm</strong></span> <span class='ocrx_word' id='word_1_480' title='bbox 2734 2770 2784 2814; x_wconf 89' lang='lat' dir='ltr'><strong>et</strong></span> <span class='ocrx_word' id='word_1_481' title='bbox 2815 2761 2976 2815; x_wconf 91' lang='lat' dir='ltr'><strong>homo</strong></span> <span class='ocrx_word' id='word_1_482' title='bbox 3013 2776 3120 2816; x_wconf 91' lang='lat' dir='ltr'><strong>non</strong></span> <span class='ocrx_word' id='word_1_483' title='bbox 3153 2762 3316 2816; x_wconf 77' lang='lat' dir='ltr'><strong>norit.</strong></span> <span class='ocrx_word' id='word_1_484' title='bbox 3345 2762 3396 2816; x_wconf 79' lang='lat'><strong>5.</strong></span> <span class='ocrx_word' id='word_1_485' title='bbox 3433 2760 3540 2816; x_wconf 75' lang='lat' dir='ltr'><strong>Ve-</strong></span> 
     </span>
    </p>
   </div>
   <div class='ocr_carea' id='block_1_59' title="bbox 1971 2836 3536 2922">
    <p class='ocr_par' dir='ltr' id='par_1_59' title="bbox 1971 2836 3536 2922">
     <span class='ocr_line' id='line_1_59' title="bbox 1971 2836 3536 2922; baseline 0.001 -17"><span class='ocrx_word' id='word_1_486' title='bbox 1971 2836 2170 2906; x_wconf 88' lang='lat' dir='ltr'><strong>nerunt</strong></span> <span class='ocrx_word' id='word_1_487' title='bbox 2197 2853 2297 2906; x_wconf 90' lang='lat' dir='ltr'><strong>viri</strong></span> <span class='ocrx_word' id='word_1_488' title='bbox 2320 2868 2382 2907; x_wconf 84' lang='lat' dir='ltr'><strong>ex</strong></span> <span class='ocrx_word' id='word_1_489' title='bbox 2415 2836 2632 2908; x_wconf 82' lang='lat' dir='ltr'><strong>Sicbem</strong></span> <span class='ocrx_word' id='word_1_490' title='bbox 2656 2853 2722 2922; x_wconf 78' lang='grc' dir='ltr'><strong>(ι)</strong></span> <span class='ocrx_word' id='word_1_491' title='bbox 2751 2869 2812 2908; x_wconf 80' lang='lat' dir='ltr'><strong>ex</strong></span> <span class='ocrx_word' id='word_1_492' title='bbox 2839 2851 3066 2922; x_wconf 86' lang='lat' dir='ltr'><strong>Saljom,</strong></span> <span class='ocrx_word' id='word_1_493' title='bbox 3097 2861 3153 2908; x_wconf 88' lang='lat' dir='ltr'><strong>et</strong></span> <span class='ocrx_word' id='word_1_494' title='bbox 3172 2869 3236 2907; x_wconf 82' lang='lat' dir='ltr'><strong>ex</strong></span> <span class='ocrx_word' id='word_1_495' title='bbox 3263 2851 3536 2917; x_wconf 86' lang='lat' dir='ltr'><strong>Samaria,</strong></span> 
     </span>
    </p>
   </div>
   <div class='ocr_carea' id='block_1_60' title="bbox 1969 2942 3541 3013">
    <p class='ocr_par' dir='ltr' id='par_1_60' title="bbox 1969 2942 3541 3013">
     <span class='ocr_line' id='line_1_60' title="bbox 1969 2942 3541 3013; baseline 0.001 -16"><span class='ocrx_word' id='word_1_496' title='bbox 1969 2942 2244 3013; x_wconf 83' lang='lat' dir='ltr'><strong>octoginta</strong></span> <span class='ocrx_word' id='word_1_497' title='bbox 2273 2943 2396 3008; x_wconf 85' lang='lat' dir='ltr'><strong>viri,</strong></span> <span class='ocrx_word' id='word_1_498' title='bbox 2422 2943 2530 2998; x_wconf 90' lang='lat' dir='ltr'><strong>rasi</strong></span> <span class='ocrx_word' id='word_1_499' title='bbox 2557 2943 2754 2998; x_wconf 87' lang='lat' dir='ltr'><strong>barbas</strong></span> <span class='ocrx_word' id='word_1_500' title='bbox 2784 2957 2996 3008; x_wconf 89' lang='lat' dir='ltr'><strong>eorum,</strong></span> <span class='ocrx_word' id='word_1_501' title='bbox 3026 2953 3080 2998; x_wconf 89' lang='lat' dir='ltr'><strong>et</strong></span> <span class='ocrx_word' id='word_1_502' title='bbox 3107 2943 3337 3013; x_wconf 89' lang='lat' dir='ltr'><strong>disrupti</strong></span> <span class='ocrx_word' id='word_1_503' title='bbox 3363 2953 3541 2998; x_wconf 87' lang='lat' dir='ltr'><strong>vestes</strong></span> 
     </span>
    </p>
   </div>
   <div class='ocr_carea' id='block_1_61' title="bbox 1970 3036 3542 3107">
    <p class='ocr_par' dir='ltr' id='par_1_61' title="bbox 1970 3036 3542 3107">
     <span class='ocr_line' id='line_1_61' title="bbox 1970 3036 3542 3107; baseline 0.001 -19"><span class='ocrx_word' id='word_1_504' title='bbox 1970 3052 2183 3100; x_wconf 84' lang='lat' dir='ltr'><strong>eorum,</strong></span> <span class='ocrx_word' id='word_1_505' title='bbox 2214 3047 2266 3091; x_wconf 92' lang='lat' dir='ltr'><strong>et</strong></span> <span class='ocrx_word' id='word_1_506' title='bbox 2296 3037 2375 3107; x_wconf 84' lang='grc' dir='ltr'><strong>(ιι)</strong></span> <span class='ocrx_word' id='word_1_507' title='bbox 2407 3037 2734 3107; x_wconf 78' lang='lat' dir='ltr'><strong>plangentes</strong></span> <span class='ocrx_word' id='word_1_508' title='bbox 2766 3053 2779 3087; x_wconf 90' lang='lat'><strong>:</strong></span> <span class='ocrx_word' id='word_1_509' title='bbox 2815 3045 2869 3089; x_wconf 92' lang='lat' dir='ltr'><strong>et</strong></span> <span class='ocrx_word' id='word_1_510' title='bbox 2907 3036 3070 3101; x_wconf 89' lang='lat' dir='ltr'><strong>dona,</strong></span> <span class='ocrx_word' id='word_1_511' title='bbox 3104 3044 3158 3092; x_wconf 87' lang='lat' dir='ltr'><strong>et</strong></span> <span class='ocrx_word' id='word_1_512' title='bbox 3190 3039 3315 3091; x_wconf 87' lang='lat' dir='ltr'><strong>thus</strong></span> <span class='ocrx_word' id='word_1_513' title='bbox 3341 3037 3394 3091; x_wconf 90' lang='lat' dir='ltr'><strong>in</strong></span> <span class='ocrx_word' id='word_1_514' title='bbox 3424 3051 3542 3090; x_wconf 82' lang='lat' dir='ltr'><strong>ma-</strong></span> 
     </span>
    </p>
   </div>
   <div class='ocr_carea' id='block_1_62' title="bbox 301 3124 3540 3214">
    <p class='ocr_par' dir='ltr' id='par_1_62' title="bbox 301 3124 3540 3214">
     <span class='ocr_line' id='line_1_62' title="bbox 301 3124 3540 3214; baseline 0 -32"><span class='ocrx_word' id='word_1_515' title='bbox 301 3127 675 3198; x_wconf 79' lang='lat' dir='ltr'><strong>Babylonem:</strong></span> <span class='ocrx_word' id='word_1_516' title='bbox 719 3126 772 3181; x_wconf 75' lang='lat'><strong>8&#39;.</strong></span> <span class='ocrx_word' id='word_1_517' title='bbox 805 3135 858 3180; x_wconf 88' lang='lat' dir='ltr'><strong>et</strong></span> <span class='ocrx_word' id='word_1_518' title='bbox 897 3141 1158 3181; x_wconf 90' lang='lat' dir='ltr'><strong>venerunt</strong></span> <span class='ocrx_word' id='word_1_519' title='bbox 1201 3129 1267 3182; x_wconf 90' lang='lat' dir='ltr'><strong>ad</strong></span> <span class='ocrx_word' id='word_1_520' title='bbox 1297 3125 1578 3182; x_wconf 87' lang='lat' dir='ltr'><strong>Godoliam</strong></span> <span class='ocrx_word' id='word_1_521' title='bbox 1624 3126 1678 3178; x_wconf 90' lang='lat' dir='ltr'><strong>in</strong></span> <span class='ocrx_word' id='word_1_522' title='bbox 1727 3124 1867 3180; x_wconf 85' lang='lat' dir='ltr'><strong>Mas-</strong></span> <span class='ocrx_word' id='word_1_523' title='bbox 1897 3158 1939 3214; x_wconf 66' lang='grc' dir='ltr'>ο</span> <span class='ocrx_word' id='word_1_524' title='bbox 1975 3129 2134 3183; x_wconf 90' lang='lat' dir='ltr'><strong>nibus</strong></span> <span class='ocrx_word' id='word_1_525' title='bbox 2178 3143 2390 3192; x_wconf 92' lang='lat' dir='ltr'><strong>eorum,</strong></span> <span class='ocrx_word' id='word_1_526' title='bbox 2419 3129 2483 3183; x_wconf 90' lang='lat' dir='ltr'><strong>ad</strong></span> <span class='ocrx_word' id='word_1_527' title='bbox 2531 3129 2866 3184; x_wconf 81' lang='lat' dir='ltr'><strong>inferendum</strong></span> <span class='ocrx_word' id='word_1_528' title='bbox 2919 3129 2972 3182; x_wconf 90' lang='lat' dir='ltr'><strong>in</strong></span> <span class='ocrx_word' id='word_1_529' title='bbox 3025 3129 3246 3184; x_wconf 89' lang='lat' dir='ltr'><strong>domum</strong></span> <span class='ocrx_word' id='word_1_530' title='bbox 3306 3129 3540 3184; x_wconf 87' lang='lat' dir='ltr'><strong>Domini.</strong></span> 
     </span>
    </p>
   </div>
   <div class='ocr_carea' id='block_1_63' title="bbox 303 3216 1872 3290">
    <p class='ocr_par' dir='ltr' id='par_1_63' title="bbox 303 3216 1872 3290">
     <span class='ocr_line' id='line_1_63' title="bbox 303 3216 1872 3290; baseline -0.003 -16"><span class='ocrx_word' id='word_1_531' title='bbox 303 3221 488 3290; x_wconf 87' lang='lat' dir='ltr'><strong>phiam</strong></span> <span class='ocrx_word' id='word_1_532' title='bbox 529 3221 722 3274; x_wconf 88' lang='lat' dir='ltr'><strong>lsmael</strong></span> <span class='ocrx_word' id='word_1_533' title='bbox 753 3219 897 3274; x_wconf 92' lang='lat' dir='ltr'><strong>ﬁlius</strong></span> <span class='ocrx_word' id='word_1_534' title='bbox 925 3219 1225 3283; x_wconf 72' lang='lat' dir='ltr'><strong>Nathanize,</strong></span> <span class='ocrx_word' id='word_1_535' title='bbox 1253 3229 1302 3274; x_wconf 92' lang='lat' dir='ltr'><strong>et</strong></span> <span class='ocrx_word' id='word_1_536' title='bbox 1331 3217 1602 3277; x_wconf 82' lang='lat' dir='ltr'><strong>Jobanan.</strong></span> <span class='ocrx_word' id='word_1_537' title='bbox 1636 3227 1690 3272; x_wconf 88' lang='lat' dir='ltr'><strong>et</strong></span> <span class='ocrx_word' id='word_1_538' title='bbox 1711 3216 1872 3272; x_wconf 83' lang='lat' dir='ltr'><strong>Jona-</strong></span> 
     </span>
    </p>
   </div>
   <div class='ocr_carea' id='block_1_64' title="bbox 305 3306 1874 3375">
    <p class='ocr_par' dir='ltr' id='par_1_64' title="bbox 305 3306 1874 3375">
     <span class='ocr_line' id='line_1_64' title="bbox 305 3306 1874 3375; baseline -0.003 -11"><span class='ocrx_word' id='word_1_539' title='bbox 305 3311 440 3365; x_wconf 87' lang='lat' dir='ltr'><strong>than</strong></span> <span class='ocrx_word' id='word_1_540' title='bbox 489 3309 582 3364; x_wconf 88' lang='lat' dir='ltr'><strong>lilii</strong></span> <span class='ocrx_word' id='word_1_541' title='bbox 625 3309 825 3375; x_wconf 85' lang='lat' dir='ltr'><strong>Corah,</strong></span> <span class='ocrx_word' id='word_1_542' title='bbox 873 3317 927 3365; x_wconf 90' lang='lat' dir='ltr'><strong>et</strong></span> <span class='ocrx_word' id='word_1_543' title='bbox 977 3307 1130 3364; x_wconf 73' lang='lat' dir='ltr'><strong>Saria</strong></span> <span class='ocrx_word' id='word_1_544' title='bbox 1181 3309 1324 3364; x_wconf 88' lang='lat' dir='ltr'><strong>ﬁlius</strong></span> <span class='ocrx_word' id='word_1_545' title='bbox 1379 3306 1779 3369; x_wconf 85' lang='lat' dir='ltr'><strong>Tlianabmctb,</strong></span> <span class='ocrx_word' id='word_1_546' title='bbox 1820 3315 1874 3360; x_wconf 87' lang='lat' dir='ltr'><strong>et</strong></span> 
     </span>
    </p>
   </div>
   <div class='ocr_carea' id='block_1_65' title="bbox 307 3399 1879 3473">
    <p class='ocr_par' dir='ltr' id='par_1_65' title="bbox 307 3399 1879 3473">
     <span class='ocr_line' id='line_1_65' title="bbox 307 3399 1879 3473; baseline -0.001 -16"><span class='ocrx_word' id='word_1_547' title='bbox 307 3403 407 3457; x_wconf 88' lang='lat' dir='ltr'><strong>ﬁlii</strong></span> <span class='ocrx_word' id='word_1_548' title='bbox 436 3399 700 3473; x_wconf 80' lang='lat' dir='ltr'><strong>(lepbi,</strong></span> <span class='ocrx_word' id='word_1_549' title='bbox 747 3402 840 3472; x_wconf 88' lang='lat' dir='ltr'><strong>qui</strong></span> <span class='ocrx_word' id='word_1_550' title='bbox 873 3417 938 3456; x_wconf 82' lang='lat' dir='ltr'><strong>ex</strong></span> <span class='ocrx_word' id='word_1_551' title='bbox 981 3401 1308 3472; x_wconf 84' lang='lat' dir='ltr'><strong>Netopbath,</strong></span> <span class='ocrx_word' id='word_1_552' title='bbox 1356 3411 1409 3456; x_wconf 94' lang='lat' dir='ltr'><strong>et</strong></span> <span class='ocrx_word' id='word_1_553' title='bbox 1459 3400 1680 3456; x_wconf 79' lang='lat' dir='ltr'><strong>Jezonia</strong></span> <span class='ocrx_word' id='word_1_554' title='bbox 1729 3401 1879 3455; x_wconf 81' lang='lat' dir='ltr'><strong>illius</strong></span> 
     </span>
    </p>
   </div>
   <div class='ocr_carea' id='block_1_66' title="bbox 310 3492 1876 3563">
    <p class='ocr_par' dir='ltr' id='par_1_66' title="bbox 310 3492 1876 3563">
     <span class='ocr_line' id='line_1_66' title="bbox 310 3492 1876 3563; baseline -0.001 -15"><span class='ocrx_word' id='word_1_555' title='bbox 310 3493 622 3560; x_wconf 80' lang='lat' dir='ltr'><strong>Maacbath,</strong></span> <span class='ocrx_word' id='word_1_556' title='bbox 671 3493 794 3563; x_wconf 88' lang='lat' dir='ltr'><strong>ipsi,</strong></span> <span class='ocrx_word' id='word_1_557' title='bbox 833 3501 890 3548; x_wconf 93' lang='lat' dir='ltr'><strong>et</strong></span> <span class='ocrx_word' id='word_1_558' title='bbox 927 3493 1026 3546; x_wconf 87' lang='lat' dir='ltr'><strong>viri</strong></span> <span class='ocrx_word' id='word_1_559' title='bbox 1083 3508 1295 3547; x_wconf 89' lang='lat' dir='ltr'><strong>eorum.</strong></span> <span class='ocrx_word' id='word_1_560' title='bbox 1344 3493 1397 3547; x_wconf 89' lang='lat'><strong>9.</strong></span> <span class='ocrx_word' id='word_1_561' title='bbox 1437 3492 1500 3545; x_wconf 85' lang='lat' dir='ltr'><strong>Et</strong></span> <span class='ocrx_word' id='word_1_562' title='bbox 1549 3492 1748 3561; x_wconf 82' lang='lat' dir='ltr'><strong>juravit</strong></span> <span class='ocrx_word' id='word_1_563' title='bbox 1796 3492 1876 3546; x_wconf 86' lang='lat' dir='ltr'><strong>eis</strong></span> 
     </span>
    </p>
   </div>
   <div class='ocr_carea' id='block_1_67' title="bbox 307 3584 1874 3656">
    <p class='ocr_par' dir='ltr' id='par_1_67' title="bbox 307 3584 1874 3656">
     <span class='ocr_line' id='line_1_67' title="bbox 307 3584 1874 3656; baseline -0.003 -14"><span class='ocrx_word' id='word_1_564' title='bbox 307 3586 537 3642; x_wconf 85' lang='lat' dir='ltr'><strong>Godolia</strong></span> <span class='ocrx_word' id='word_1_565' title='bbox 568 3585 712 3641; x_wconf 89' lang='lat' dir='ltr'><strong>ﬁlius</strong></span> <span class='ocrx_word' id='word_1_566' title='bbox 741 3585 968 3640; x_wconf 86' lang='lat' dir='ltr'><strong>Ahicam</strong></span> <span class='ocrx_word' id='word_1_567' title='bbox 1005 3585 1099 3640; x_wconf 86' lang='lat' dir='ltr'><strong>ﬁlii</strong></span> <span class='ocrx_word' id='word_1_568' title='bbox 1136 3584 1378 3656; x_wconf 89' lang='lat' dir='ltr'><strong>Saphan,</strong></span> <span class='ocrx_word' id='word_1_569' title='bbox 1404 3595 1458 3641; x_wconf 91' lang='lat' dir='ltr'><strong>et</strong></span> <span class='ocrx_word' id='word_1_570' title='bbox 1490 3586 1622 3640; x_wconf 91' lang='lat' dir='ltr'><strong>viris</strong></span> <span class='ocrx_word' id='word_1_571' title='bbox 1660 3601 1874 3650; x_wconf 91' lang='lat' dir='ltr'><strong>eorum,</strong></span> 
     </span>
    </p>
   </div>
   <div class='ocr_carea' id='block_1_68' title="bbox 307 3675 1876 3749">
    <p class='ocr_par' dir='ltr' id='par_1_68' title="bbox 307 3675 1876 3749">
     <span class='ocr_line' id='line_1_68' title="bbox 307 3675 1876 3749; baseline -0.003 -15"><span class='ocrx_word' id='word_1_572' title='bbox 307 3680 536 3734; x_wconf 88' lang='lat' dir='ltr'><strong>dicens:</strong></span> <span class='ocrx_word' id='word_1_573' title='bbox 565 3675 642 3732; x_wconf 78' lang='lat' dir='ltr'><strong>Ne</strong></span> <span class='ocrx_word' id='word_1_574' title='bbox 668 3677 903 3732; x_wconf 86' lang='lat' dir='ltr'><strong>titneatis</strong></span> <span class='ocrx_word' id='word_1_575' title='bbox 930 3677 990 3749; x_wconf 74' lang='lat' dir='ltr'><strong>(ii</strong></span> <span class='ocrx_word' id='word_1_576' title='bbox 1017 3693 1045 3731; x_wconf 89' lang='lat' dir='ltr'><strong>a</strong></span> <span class='ocrx_word' id='word_1_577' title='bbox 1081 3675 1218 3733; x_wconf 78' lang='lat' dir='ltr'><strong>facie</strong></span> <span class='ocrx_word' id='word_1_578' title='bbox 1259 3678 1637 3732; x_wconf 71' lang='lat' dir='ltr'><strong>Chaldaeorum</strong></span> <span class='ocrx_word' id='word_1_579' title='bbox 1667 3697 1678 3731; x_wconf 88' lang='lat'><strong>:</strong></span> <span class='ocrx_word' id='word_1_580' title='bbox 1716 3677 1876 3731; x_wconf 81' lang='lat' dir='ltr'><strong>habi-</strong></span> 
     </span>
    </p>
   </div>
   <div class='ocr_carea' id='block_1_69' title="bbox 311 3768 1876 3840">
    <p class='ocr_par' dir='ltr' id='par_1_69' title="bbox 311 3768 1876 3840">
     <span class='ocr_line' id='line_1_69' title="bbox 311 3768 1876 3840; baseline -0.003 -13"><span class='ocrx_word' id='word_1_581' title='bbox 311 3782 425 3827; x_wconf 89' lang='lat' dir='ltr'><strong>tate</strong></span> <span class='ocrx_word' id='word_1_582' title='bbox 455 3771 509 3826; x_wconf 92' lang='lat' dir='ltr'><strong>in</strong></span> <span class='ocrx_word' id='word_1_583' title='bbox 550 3779 718 3834; x_wconf 85' lang='lat' dir='ltr'><strong>terra,</strong></span> <span class='ocrx_word' id='word_1_584' title='bbox 757 3769 829 3840; x_wconf 58' lang='grc' dir='ltr'><strong>(Β)</strong></span> <span class='ocrx_word' id='word_1_585' title='bbox 873 3780 927 3824; x_wconf 89' lang='lat' dir='ltr'><strong>et</strong></span> <span class='ocrx_word' id='word_1_586' title='bbox 974 3770 1272 3839; x_wconf 83' lang='lat' dir='ltr'><strong>operamini</strong></span> <span class='ocrx_word' id='word_1_587' title='bbox 1307 3771 1419 3840; x_wconf 78' lang='lat' dir='ltr'><strong>regi</strong></span> <span class='ocrx_word' id='word_1_588' title='bbox 1472 3768 1781 3840; x_wconf 78' lang='lat' dir='ltr'><strong>Babylonis,</strong></span> <span class='ocrx_word' id='word_1_589' title='bbox 1822 3779 1876 3823; x_wconf 90' lang='lat' dir='ltr'><strong>et</strong></span> 
     </span>
    </p>
   </div>
   <div class='ocr_carea' id='block_1_70' title="bbox 311 3861 1875 3932">
    <p class='ocr_par' dir='ltr' id='par_1_70' title="bbox 311 3861 1875 3932">
     <span class='ocr_line' id='line_1_70' title="bbox 311 3861 1875 3932; baseline -0.003 -13"><span class='ocrx_word' id='word_1_590' title='bbox 311 3864 513 3919; x_wconf 87' lang='lat' dir='ltr'><strong>melius</strong></span> <span class='ocrx_word' id='word_1_591' title='bbox 543 3863 647 3918; x_wconf 88' lang='lat' dir='ltr'><strong>erit</strong></span> <span class='ocrx_word' id='word_1_592' title='bbox 668 3862 842 3921; x_wconf 85' lang='lat' dir='ltr'><strong>vobis.</strong></span> <span class='ocrx_word' id='word_1_593' title='bbox 871 3861 958 3916; x_wconf 83' lang='lat' dir='ltr'><strong>l0.</strong></span> <span class='ocrx_word' id='word_1_594' title='bbox 991 3863 1054 3916; x_wconf 86' lang='lat' dir='ltr'><strong>Et</strong></span> <span class='ocrx_word' id='word_1_595' title='bbox 1080 3877 1180 3932; x_wconf 68' lang='lat' dir='ltr'><strong>ego</strong></span> <span class='ocrx_word' id='word_1_596' title='bbox 1199 3878 1322 3917; x_wconf 85' lang='lat' dir='ltr'><strong>ecce</strong></span> <span class='ocrx_word' id='word_1_597' title='bbox 1342 3862 1506 3917; x_wconf 85' lang='lat' dir='ltr'><strong>sedeo</strong></span> <span class='ocrx_word' id='word_1_598' title='bbox 1529 3862 1582 3915; x_wconf 89' lang='lat' dir='ltr'><strong>in</strong></span> <span class='ocrx_word' id='word_1_599' title='bbox 1612 3861 1875 3930; x_wconf 80' lang='lat' dir='ltr'><strong>Maspbia.</strong></span> 
     </span>
    </p>
   </div>
   <div class='ocr_carea' id='block_1_71' title="bbox 313 3952 1877 4022">
    <p class='ocr_par' dir='ltr' id='par_1_71' title="bbox 313 3952 1877 4022">
     <span class='ocr_line' id='line_1_71' title="bbox 313 3952 1877 4022; baseline -0.003 -12"><span class='ocrx_word' id='word_1_600' title='bbox 313 3955 382 4010; x_wconf 89' lang='lat' dir='ltr'><strong>ad</strong></span> <span class='ocrx_word' id='word_1_601' title='bbox 415 3953 673 4008; x_wconf 81' lang='lat' dir='ltr'><strong>standum</strong></span> <span class='ocrx_word' id='word_1_602' title='bbox 719 3967 903 4008; x_wconf 81' lang='lat' dir='ltr'><strong>coram</strong></span> <span class='ocrx_word' id='word_1_603' title='bbox 952 3952 1088 4008; x_wconf 76' lang='lat' dir='ltr'><strong>facie</strong></span> <span class='ocrx_word' id='word_1_604' title='bbox 1115 3953 1515 4017; x_wconf 63' lang='lat' dir='ltr'><strong>Chaldaeorum,</strong></span> <span class='ocrx_word' id='word_1_605' title='bbox 1548 3953 1877 4022; x_wconf 90' lang='lat' dir='ltr'><strong>quicumque</strong></span> 
     </span>
    </p>
   </div>
   <div class='ocr_carea' id='block_1_72' title="bbox 316 4043 1874 4116">
    <p class='ocr_par' dir='ltr' id='par_1_72' title="bbox 316 4043 1874 4116">
     <span class='ocr_line' id='line_1_72' title="bbox 316 4043 1874 4116; baseline 0.001 -20"><span class='ocrx_word' id='word_1_606' title='bbox 316 4044 643 4116; x_wconf 69' lang='lat' dir='ltr'><strong>venerintm</strong></span> <span class='ocrx_word' id='word_1_607' title='bbox 667 4060 827 4115; x_wconf 90' lang='lat' dir='ltr'><strong>super</strong></span> <span class='ocrx_word' id='word_1_608' title='bbox 852 4059 970 4098; x_wconf 83' lang='lat' dir='ltr'><strong>vos.</strong></span> <span class='ocrx_word' id='word_1_609' title='bbox 992 4043 1056 4097; x_wconf 84' lang='lat' dir='ltr'><strong>Et</strong></span> <span class='ocrx_word' id='word_1_610' title='bbox 1081 4061 1175 4099; x_wconf 68' lang='lat' dir='ltr'><strong>vos</strong></span> <span class='ocrx_word' id='word_1_611' title='bbox 1198 4044 1431 4116; x_wconf 77' lang='lat' dir='ltr'><strong>colligite</strong></span> <span class='ocrx_word' id='word_1_612' title='bbox 1458 4045 1668 4108; x_wconf 86' lang='lat' dir='ltr'><strong>vinum.</strong></span> <span class='ocrx_word' id='word_1_613' title='bbox 1700 4053 1754 4099; x_wconf 87' lang='lat' dir='ltr'><strong>et</strong></span> <span class='ocrx_word' id='word_1_614' title='bbox 1779 4044 1874 4113; x_wconf 90' lang='lat' dir='ltr'><strong>(m)</strong></span> 
     </span>
    </p>
   </div>
   <div class='ocr_carea' id='block_1_73' title="bbox 317 4137 1877 4208">
    <p class='ocr_par' dir='ltr' id='par_1_73' title="bbox 317 4137 1877 4208">
     <span class='ocr_line' id='line_1_73' title="bbox 317 4137 1877 4208; baseline -0.001 -15"><span class='ocrx_word' id='word_1_615' title='bbox 317 4137 581 4204; x_wconf 80' lang='lat' dir='ltr'><strong>fructum,</strong></span> <span class='ocrx_word' id='word_1_616' title='bbox 605 4145 658 4192; x_wconf 88' lang='lat' dir='ltr'><strong>et</strong></span> <span class='ocrx_word' id='word_1_617' title='bbox 691 4138 870 4192; x_wconf 90' lang='lat' dir='ltr'><strong>oleum</strong></span> <span class='ocrx_word' id='word_1_618' title='bbox 900 4137 1136 4208; x_wconf 80' lang='lat' dir='ltr'><strong>colligite</strong></span> <span class='ocrx_word' id='word_1_619' title='bbox 1163 4138 1370 4192; x_wconf 88' lang='lat' dir='ltr'><strong>invasa</strong></span> <span class='ocrx_word' id='word_1_620' title='bbox 1401 4147 1602 4198; x_wconf 88' lang='lat' dir='ltr'><strong>vestra.</strong></span> <span class='ocrx_word' id='word_1_621' title='bbox 1635 4146 1686 4192; x_wconf 91' lang='lat' dir='ltr'><strong>et</strong></span> <span class='ocrx_word' id='word_1_622' title='bbox 1720 4138 1877 4192; x_wconf 90' lang='lat' dir='ltr'><strong>habi-</strong></span> 
     </span>
    </p>
   </div>
   <div class='ocr_carea' id='block_1_74' title="bbox 318 4228 1881 4298">
    <p class='ocr_par' dir='ltr' id='par_1_74' title="bbox 318 4228 1881 4298">
     <span class='ocr_line' id='line_1_74' title="bbox 318 4228 1881 4298; baseline -0.001 -12"><span class='ocrx_word' id='word_1_623' title='bbox 318 4240 428 4286; x_wconf 86' lang='lat' dir='ltr'><strong>tate</strong></span> <span class='ocrx_word' id='word_1_624' title='bbox 458 4229 513 4283; x_wconf 92' lang='lat' dir='ltr'><strong>in</strong></span> <span class='ocrx_word' id='word_1_625' title='bbox 539 4228 769 4284; x_wconf 83' lang='lat' dir='ltr'><strong>urbibus</strong></span> <span class='ocrx_word' id='word_1_626' title='bbox 793 4229 1011 4293; x_wconf 88' lang='lat' dir='ltr'><strong>vestris,</strong></span> <span class='ocrx_word' id='word_1_627' title='bbox 1033 4244 1172 4298; x_wconf 86' lang='lat' dir='ltr'><strong>quas</strong></span> <span class='ocrx_word' id='word_1_628' title='bbox 1195 4231 1466 4286; x_wconf 86' lang='lat' dir='ltr'><strong>tenuistis.</strong></span> <span class='ocrx_word' id='word_1_629' title='bbox 1488 4229 1575 4283; x_wconf 81' lang='lat' dir='ltr'><strong>ll.</strong></span> <span class='ocrx_word' id='word_1_630' title='bbox 1602 4229 1667 4284; x_wconf 85' lang='lat' dir='ltr'><strong>Et</strong></span> <span class='ocrx_word' id='word_1_631' title='bbox 1691 4246 1881 4286; x_wconf 86' lang='lat' dir='ltr'><strong>omnes</strong></span> 
     </span>
    </p>
   </div>
   <div class='ocr_carea' id='block_1_75' title="bbox 315 4319 1877 4390">
    <p class='ocr_par' dir='ltr' id='par_1_75' title="bbox 315 4319 1877 4390">
     <span class='ocr_line' id='line_1_75' title="bbox 315 4319 1877 4390; baseline -0.001 -13"><span class='ocrx_word' id='word_1_632' title='bbox 315 4320 510 4385; x_wconf 67' lang='lat' dir='ltr'><strong>Judaei,</strong></span> <span class='ocrx_word' id='word_1_633' title='bbox 543 4320 636 4390; x_wconf 91' lang='lat' dir='ltr'><strong>qui</strong></span> <span class='ocrx_word' id='word_1_634' title='bbox 669 4334 733 4376; x_wconf 61' lang='grc' dir='ltr'><strong>σιμ</strong></span> <span class='ocrx_word' id='word_1_635' title='bbox 765 4319 819 4374; x_wconf 94' lang='lat' dir='ltr'><strong>iu</strong></span> <span class='ocrx_word' id='word_1_636' title='bbox 847 4331 989 4375; x_wconf 88' lang='lat' dir='ltr'><strong>terra</strong></span> <span class='ocrx_word' id='word_1_637' title='bbox 1034 4321 1056 4389; x_wconf 71' lang='grc' dir='ltr'>ζ</span> <span class='ocrx_word' id='word_1_638' title='bbox 1088 4320 1268 4385; x_wconf 85' lang='lat' dir='ltr'><strong>Moab,</strong></span> <span class='ocrx_word' id='word_1_639' title='bbox 1306 4321 1442 4376; x_wconf 87' lang='lat' dir='ltr'><strong>etin</strong></span> <span class='ocrx_word' id='word_1_640' title='bbox 1474 4321 1600 4377; x_wconf 84' lang='lat' dir='ltr'><strong>ﬁliis</strong></span> <span class='ocrx_word' id='word_1_641' title='bbox 1624 4322 1877 4384; x_wconf 80' lang='lat' dir='ltr'><strong>Ammon,</strong></span> 
     </span>
    </p>
   </div>
   <div class='ocr_carea' id='block_1_76' title="bbox 317 4409 1879 4482">
    <p class='ocr_par' dir='ltr' id='par_1_76' title="bbox 317 4409 1879 4482">
     <span class='ocr_line' id='line_1_76' title="bbox 317 4409 1879 4482; baseline -0.002 -16"><span class='ocrx_word' id='word_1_642' title='bbox 317 4422 370 4467; x_wconf 88' lang='lat' dir='ltr'><strong>et</strong></span> <span class='ocrx_word' id='word_1_643' title='bbox 402 4413 496 4482; x_wconf 89' lang='lat' dir='ltr'><strong>qui</strong></span> <span class='ocrx_word' id='word_1_644' title='bbox 528 4409 873 4472; x_wconf 69' lang='lat' dir='ltr'><strong>in‘ldumzea,</strong></span> <span class='ocrx_word' id='word_1_645' title='bbox 915 4423 964 4467; x_wconf 87' lang='lat' dir='ltr'><strong>et</strong></span> <span class='ocrx_word' id='word_1_646' title='bbox 1015 4411 1066 4464; x_wconf 91' lang='lat' dir='ltr'><strong>in</strong></span> <span class='ocrx_word' id='word_1_647' title='bbox 1116 4412 1262 4465; x_wconf 84' lang='lat' dir='ltr'><strong>omni</strong></span> <span class='ocrx_word' id='word_1_648' title='bbox 1315 4420 1478 4475; x_wconf 90' lang='lat' dir='ltr'><strong>terra,</strong></span> <span class='ocrx_word' id='word_1_649' title='bbox 1525 4413 1879 4474; x_wconf 83' lang='lat' dir='ltr'><strong>audiverunt,</strong></span> 
     </span>
    </p>
   </div>
   <div class='ocr_carea' id='block_1_77' title="bbox 1974 3218 3547 3278">
    <p class='ocr_par' dir='ltr' id='par_1_77' title="bbox 1974 3218 3547 3278">
     <span class='ocr_line' id='line_1_77' title="bbox 1974 3218 3547 3278; baseline 0.001 -3"><span class='ocrx_word' id='word_1_650' title='bbox 1974 3220 2027 3275; x_wconf 80' lang='lat' dir='ltr'><strong>ﬁ.</strong></span> <span class='ocrx_word' id='word_1_651' title='bbox 2053 3218 2121 3274; x_wconf 87' lang='lat' dir='ltr'><strong>Et</strong></span> <span class='ocrx_word' id='word_1_652' title='bbox 2141 3219 2310 3275; x_wconf 77' lang='lat' dir='ltr'><strong>exivit</strong></span> <span class='ocrx_word' id='word_1_653' title='bbox 2338 3219 2531 3276; x_wconf 87' lang='lat' dir='ltr'><strong>lsmael</strong></span> <span class='ocrx_word' id='word_1_654' title='bbox 2571 3220 2716 3276; x_wconf 86' lang='lat' dir='ltr'><strong>ﬁlius</strong></span> <span class='ocrx_word' id='word_1_655' title='bbox 2746 3218 3030 3275; x_wconf 69' lang='lat' dir='ltr'><strong>Nathaniaa</strong></span> <span class='ocrx_word' id='word_1_656' title='bbox 3049 3221 3103 3274; x_wconf 93' lang='lat' dir='ltr'><strong>in</strong></span> <span class='ocrx_word' id='word_1_657' title='bbox 3136 3236 3424 3278; x_wconf 88' lang='lat' dir='ltr'><strong>occursum</strong></span> <span class='ocrx_word' id='word_1_658' title='bbox 3451 3237 3547 3277; x_wconf 84' lang='lat' dir='ltr'><strong>eo-</strong></span> 
     </span>
    </p>
   </div>
   <div class='ocr_carea' id='block_1_78' title="bbox 1975 3311 3550 3382">
    <p class='ocr_par' dir='ltr' id='par_1_78' title="bbox 1975 3311 3550 3382">
     <span class='ocr_line' id='line_1_78' title="bbox 1975 3311 3550 3382; baseline 0.001 -16"><span class='ocrx_word' id='word_1_659' title='bbox 1975 3328 2094 3367; x_wconf 91' lang='lat' dir='ltr'><strong>rum</strong></span> <span class='ocrx_word' id='word_1_660' title='bbox 2127 3327 2192 3366; x_wconf 90' lang='lat' dir='ltr'><strong>ex</strong></span> <span class='ocrx_word' id='word_1_661' title='bbox 2243 3311 2509 3382; x_wconf 82' lang='lat' dir='ltr'><strong>Maspbia,</strong></span> <span class='ocrx_word' id='word_1_662' title='bbox 2559 3313 2680 3367; x_wconf 73' lang='lat' dir='ltr'><strong>ibat”</strong></span> <span class='ocrx_word' id='word_1_663' title='bbox 2718 3313 2855 3376; x_wconf 83' lang='lat' dir='ltr'><strong>iens,</strong></span> <span class='ocrx_word' id='word_1_664' title='bbox 2903 3320 2958 3366; x_wconf 88' lang='lat' dir='ltr'><strong>et</strong></span> <span class='ocrx_word' id='word_1_665' title='bbox 2985 3311 3140 3368; x_wconf 89' lang='lat' dir='ltr'><strong>ﬁens.</strong></span> <span class='ocrx_word' id='word_1_666' title='bbox 3186 3311 3408 3368; x_wconf 87' lang='lat' dir='ltr'><strong>Factum</strong></span> <span class='ocrx_word' id='word_1_667' title='bbox 3464 3325 3550 3368; x_wconf 86' lang='lat' dir='ltr'><strong>est</strong></span> 
     </span>
    </p>
   </div>
   <div class='ocr_carea' id='block_1_79' title="bbox 1975 3403 3546 3473">
    <p class='ocr_par' dir='ltr' id='par_1_79' title="bbox 1975 3403 3546 3473">
     <span class='ocr_line' id='line_1_79' title="bbox 1975 3403 3546 3473; baseline -0.001 -15"><span class='ocrx_word' id='word_1_668' title='bbox 1975 3413 2175 3466; x_wconf 90' lang='lat' dir='ltr'><strong>autem,</strong></span> <span class='ocrx_word' id='word_1_669' title='bbox 2217 3419 2339 3458; x_wconf 90' lang='lat' dir='ltr'><strong>cum</strong></span> <span class='ocrx_word' id='word_1_670' title='bbox 2383 3403 2872 3473; x_wconf 84' lang='lat' dir='ltr'><strong>appmpinquasset</strong></span> <span class='ocrx_word' id='word_1_671' title='bbox 2919 3405 3021 3469; x_wconf 89' lang='lat' dir='ltr'><strong>eis,</strong></span> <span class='ocrx_word' id='word_1_672' title='bbox 3077 3413 3128 3458; x_wconf 88' lang='lat' dir='ltr'><strong>et</strong></span> <span class='ocrx_word' id='word_1_673' title='bbox 3157 3404 3290 3458; x_wconf 82' lang='lat' dir='ltr'><strong>dixit</strong></span> <span class='ocrx_word' id='word_1_674' title='bbox 3325 3407 3546 3461; x_wconf 57' lang='lat' dir='ltr'><strong>atleos:</strong></span> 
     </span>
    </p>
   </div>
   <div class='ocr_carea' id='block_1_80' title="bbox 1977 3493 3553 3566">
    <p class='ocr_par' dir='ltr' id='par_1_80' title="bbox 1977 3493 3553 3566">
     <span class='ocr_line' id='line_1_80' title="bbox 1977 3493 3553 3566; baseline 0.002 -18"><span class='ocrx_word' id='word_1_675' title='bbox 1977 3494 2325 3566; x_wconf 78' lang='lat' dir='ltr'><strong>lngredimini</strong></span> <span class='ocrx_word' id='word_1_676' title='bbox 2367 3495 2435 3548; x_wconf 92' lang='lat' dir='ltr'><strong>ad</strong></span> <span class='ocrx_word' id='word_1_677' title='bbox 2471 3493 2761 3550; x_wconf 87' lang='lat' dir='ltr'><strong>Godoliam</strong></span> <span class='ocrx_word' id='word_1_678' title='bbox 2794 3495 2965 3548; x_wconf 90' lang='lat' dir='ltr'><strong>ﬁlium</strong></span> <span class='ocrx_word' id='word_1_679' title='bbox 2995 3494 3244 3549; x_wconf 80' lang='lat' dir='ltr'><strong>Ahicam.</strong></span> <span class='ocrx_word' id='word_1_680' title='bbox 3271 3495 3322 3548; x_wconf 87' lang='lat'><strong>7.</strong></span> <span class='ocrx_word' id='word_1_681' title='bbox 3352 3495 3417 3550; x_wconf 81' lang='lat' dir='ltr'><strong>Et</strong></span> <span class='ocrx_word' id='word_1_682' title='bbox 3439 3493 3553 3551; x_wconf 82' lang='lat' dir='ltr'><strong>fac-</strong></span> 
     </span>
    </p>
   </div>
   <div class='ocr_carea' id='block_1_81' title="bbox 1978 3587 3550 3658">
    <p class='ocr_par' dir='ltr' id='par_1_81' title="bbox 1978 3587 3550 3658">
     <span class='ocr_line' id='line_1_81' title="bbox 1978 3587 3550 3658; baseline 0 -15"><span class='ocrx_word' id='word_1_683' title='bbox 1978 3597 2090 3643; x_wconf 86' lang='lat' dir='ltr'><strong>tum</strong></span> <span class='ocrx_word' id='word_1_684' title='bbox 2115 3597 2229 3652; x_wconf 91' lang='lat' dir='ltr'><strong>est,</strong></span> <span class='ocrx_word' id='word_1_685' title='bbox 2270 3603 2394 3642; x_wconf 91' lang='lat' dir='ltr'><strong>cum</strong></span> <span class='ocrx_word' id='word_1_686' title='bbox 2428 3587 2657 3658; x_wconf 80' lang='lat' dir='ltr'><strong>ingressi</strong></span> <span class='ocrx_word' id='word_1_687' title='bbox 2682 3595 2863 3642; x_wconf 91' lang='lat' dir='ltr'><strong>essent</strong></span> <span class='ocrx_word' id='word_1_688' title='bbox 2886 3591 2952 3654; x_wconf 63' lang='lat' dir='ltr'>3K</span> <span class='ocrx_word' id='word_1_689' title='bbox 2977 3588 3029 3642; x_wconf 91' lang='lat' dir='ltr'><strong>in</strong></span> <span class='ocrx_word' id='word_1_690' title='bbox 3061 3588 3084 3657; x_wconf 72' lang='grc' dir='ltr'>ζ</span> <span class='ocrx_word' id='word_1_691' title='bbox 3119 3587 3352 3641; x_wconf 87' lang='lat' dir='ltr'><strong>medimn</strong></span> <span class='ocrx_word' id='word_1_692' title='bbox 3379 3589 3550 3652; x_wconf 90' lang='lat' dir='ltr'><strong>urbis,</strong></span> 
     </span>
    </p>
   </div>
   <div class='ocr_carea' id='block_1_82' title="bbox 1976 3674 3550 3746">
    <p class='ocr_par' dir='ltr' id='par_1_82' title="bbox 1976 3674 3550 3746">
     <span class='ocr_line' id='line_1_82' title="bbox 1976 3674 3550 3746; baseline -0.001 -14"><span class='ocrx_word' id='word_1_693' title='bbox 1976 3690 2029 3732; x_wconf 90' lang='lat' dir='ltr'><strong>et</strong></span> <span class='ocrx_word' id='word_1_694' title='bbox 2081 3678 2335 3731; x_wconf 85' lang='lat' dir='ltr'><strong>mactavit</strong></span> <span class='ocrx_word' id='word_1_695' title='bbox 2367 3691 2464 3731; x_wconf 80' lang='lat' dir='ltr'><strong>eos</strong></span> <span class='ocrx_word' id='word_1_696' title='bbox 2514 3675 2704 3731; x_wconf 86' lang='lat' dir='ltr'><strong>lsmael</strong></span> <span class='ocrx_word' id='word_1_697' title='bbox 2735 3676 2879 3730; x_wconf 85' lang='lat' dir='ltr'><strong>ﬁlius</strong></span> <span class='ocrx_word' id='word_1_698' title='bbox 2913 3674 3202 3729; x_wconf 71' lang='lat' dir='ltr'><strong>Nathanize</strong></span> <span class='ocrx_word' id='word_1_699' title='bbox 3233 3677 3310 3746; x_wconf 72' lang='grc' dir='ltr'><strong>(π)</strong></span> <span class='ocrx_word' id='word_1_700' title='bbox 3348 3677 3400 3730; x_wconf 92' lang='lat' dir='ltr'><strong>in</strong></span> <span class='ocrx_word' id='word_1_701' title='bbox 3450 3692 3550 3745; x_wconf 94' lang='lat' dir='ltr'><strong>pu-</strong></span> 
     </span>
    </p>
   </div>
   <div class='ocr_carea' id='block_1_83' title="bbox 1979 3765 3552 3838">
    <p class='ocr_par' dir='ltr' id='par_1_83' title="bbox 1979 3765 3552 3838">
     <span class='ocr_line' id='line_1_83' title="bbox 1979 3765 3552 3838; baseline -0.003 -16"><span class='ocrx_word' id='word_1_702' title='bbox 1979 3780 2146 3833; x_wconf 70' lang='lat' dir='ltr'><strong>tcum,</strong></span> <span class='ocrx_word' id='word_1_703' title='bbox 2204 3769 2339 3838; x_wconf 86' lang='lat' dir='ltr'><strong>ipse,</strong></span> <span class='ocrx_word' id='word_1_704' title='bbox 2385 3777 2438 3822; x_wconf 91' lang='lat' dir='ltr'><strong>et</strong></span> <span class='ocrx_word' id='word_1_705' title='bbox 2472 3767 2589 3829; x_wconf 83' lang='lat' dir='ltr'><strong>viri,</strong></span> <span class='ocrx_word' id='word_1_706' title='bbox 2634 3767 2725 3835; x_wconf 91' lang='lat' dir='ltr'><strong>qui</strong></span> <span class='ocrx_word' id='word_1_707' title='bbox 2774 3781 2896 3820; x_wconf 90' lang='lat' dir='ltr'><strong>cum</strong></span> <span class='ocrx_word' id='word_1_708' title='bbox 2928 3782 3014 3820; x_wconf 88' lang='lat' dir='ltr'><strong>eo.</strong></span> <span class='ocrx_word' id='word_1_709' title='bbox 3051 3766 3103 3820; x_wconf 89' lang='lat'><strong>8.</strong></span> <span class='ocrx_word' id='word_1_710' title='bbox 3140 3767 3214 3835; x_wconf 76' lang='grc' dir='ltr'><strong>(ῃ)</strong></span> <span class='ocrx_word' id='word_1_711' title='bbox 3253 3765 3316 3818; x_wconf 85' lang='lat' dir='ltr'><strong>Et</strong></span> <span class='ocrx_word' id='word_1_712' title='bbox 3364 3767 3552 3821; x_wconf 89' lang='lat' dir='ltr'><strong>decem</strong></span> 
     </span>
    </p>
   </div>
   <div class='ocr_carea' id='block_1_84' title="bbox 1979 3855 3555 3920">
    <p class='ocr_par' dir='ltr' id='par_1_84' title="bbox 1979 3855 3555 3920">
     <span class='ocr_line' id='line_1_84' title="bbox 1979 3855 3555 3920; baseline -0.001 -10"><span class='ocrx_word' id='word_1_713' title='bbox 1979 3861 2075 3912; x_wconf 78' lang='lat' dir='ltr'><strong>viri</strong></span> <span class='ocrx_word' id='word_1_714' title='bbox 2105 3858 2304 3912; x_wconf 89' lang='lat' dir='ltr'><strong>inventi</strong></span> <span class='ocrx_word' id='word_1_715' title='bbox 2338 3866 2464 3912; x_wconf 93' lang='lat' dir='ltr'><strong>sunt</strong></span> <span class='ocrx_word' id='word_1_716' title='bbox 2498 3857 2602 3920; x_wconf 89' lang='lat' dir='ltr'><strong>ibi,</strong></span> <span class='ocrx_word' id='word_1_717' title='bbox 2638 3867 2691 3910; x_wconf 91' lang='lat' dir='ltr'><strong>et</strong></span> <span class='ocrx_word' id='word_1_718' title='bbox 2719 3857 2973 3911; x_wconf 86' lang='lat' dir='ltr'><strong>dixerunt</strong></span> <span class='ocrx_word' id='word_1_719' title='bbox 3011 3856 3219 3911; x_wconf 88' lang='lat' dir='ltr'><strong>lsmaeli</strong></span> <span class='ocrx_word' id='word_1_720' title='bbox 3251 3873 3266 3910; x_wconf 91' lang='lat'>:</span> <span class='ocrx_word' id='word_1_721' title='bbox 3305 3855 3384 3912; x_wconf 86' lang='lat' dir='ltr'><strong>Ne</strong></span> <span class='ocrx_word' id='word_1_722' title='bbox 3409 3861 3555 3914; x_wconf 79' lang='lat' dir='ltr'><strong>occi-</strong></span> 
     </span>
    </p>
   </div>
   <div class='ocr_carea' id='block_1_85' title="bbox 1982 3945 3556 4018">
    <p class='ocr_par' dir='ltr' id='par_1_85' title="bbox 1982 3945 3556 4018">
     <span class='ocr_line' id='line_1_85' title="bbox 1982 3945 3556 4018; baseline 0 -17"><span class='ocrx_word' id='word_1_723' title='bbox 1982 3953 2081 4003; x_wconf 79' lang='lat' dir='ltr'><strong>das</strong></span> <span class='ocrx_word' id='word_1_724' title='bbox 2124 3965 2248 4012; x_wconf 91' lang='lat' dir='ltr'><strong>nos,</strong></span> <span class='ocrx_word' id='word_1_725' title='bbox 2276 3947 2402 4018; x_wconf 89' lang='lat' dir='ltr'><strong>quia</strong></span> <span class='ocrx_word' id='word_1_726' title='bbox 2440 3957 2566 4002; x_wconf 82' lang='lat' dir='ltr'><strong>sunt</strong></span> <span class='ocrx_word' id='word_1_727' title='bbox 2606 3947 2762 4001; x_wconf 89' lang='lat' dir='ltr'><strong>nobis</strong></span> <span class='ocrx_word' id='word_1_728' title='bbox 2791 3946 2969 4001; x_wconf 86' lang='lat' dir='ltr'><strong>acervi</strong></span> <span class='ocrx_word' id='word_1_729' title='bbox 3015 3945 3070 4000; x_wconf 92' lang='lat' dir='ltr'><strong>in</strong></span> <span class='ocrx_word' id='word_1_730' title='bbox 3101 3961 3255 4016; x_wconf 79' lang='lat' dir='ltr'><strong>agro,</strong></span> <span class='ocrx_word' id='word_1_731' title='bbox 3287 3947 3464 4002; x_wconf 85' lang='lat' dir='ltr'><strong>tritica</strong></span> <span class='ocrx_word' id='word_1_732' title='bbox 3501 3958 3556 4003; x_wconf 90' lang='lat' dir='ltr'><strong>et</strong></span> 
     </span>
    </p>
   </div>
   <div class='ocr_carea' id='block_1_86' title="bbox 1980 4037 3557 4108">
    <p class='ocr_par' dir='ltr' id='par_1_86' title="bbox 1980 4037 3557 4108">
     <span class='ocr_line' id='line_1_86' title="bbox 1980 4037 3557 4108; baseline 0 -14"><span class='ocrx_word' id='word_1_733' title='bbox 1980 4041 2208 4105; x_wconf 78' lang='lat' dir='ltr'><strong>hordea,</strong></span> <span class='ocrx_word' id='word_1_734' title='bbox 2244 4040 2421 4095; x_wconf 85' lang='lat' dir='ltr'><strong>oleum</strong></span> <span class='ocrx_word' id='word_1_735' title='bbox 2445 4051 2499 4108; x_wconf 81' lang='lat' dir='ltr'><strong>et</strong></span> <span class='ocrx_word' id='word_1_736' title='bbox 2523 4038 2627 4094; x_wconf 91' lang='lat' dir='ltr'><strong>mel</strong></span> <span class='ocrx_word' id='word_1_737' title='bbox 2655 4057 2668 4091; x_wconf 90' lang='lat'><strong>:</strong></span> <span class='ocrx_word' id='word_1_738' title='bbox 2697 4039 2768 4108; x_wconf 69' lang='lat' dir='ltr'><strong>(a)</strong></span> <span class='ocrx_word' id='word_1_739' title='bbox 2789 4047 2840 4093; x_wconf 92' lang='lat' dir='ltr'><strong>et</strong></span> <span class='ocrx_word' id='word_1_740' title='bbox 2861 4037 3131 4102; x_wconf 88' lang='lat' dir='ltr'><strong>transivit,</strong></span> <span class='ocrx_word' id='word_1_741' title='bbox 3154 4049 3208 4093; x_wconf 93' lang='lat' dir='ltr'><strong>et</strong></span> <span class='ocrx_word' id='word_1_742' title='bbox 3230 4054 3337 4094; x_wconf 91' lang='lat' dir='ltr'><strong>non</strong></span> <span class='ocrx_word' id='word_1_743' title='bbox 3357 4040 3557 4095; x_wconf 90' lang='lat' dir='ltr'><strong>occidit</strong></span> 
     </span>
    </p>
   </div>
   <div class='ocr_carea' id='block_1_87' title="bbox 1981 4130 3554 4196">
    <p class='ocr_par' dir='ltr' id='par_1_87' title="bbox 1981 4130 3554 4196">
     <span class='ocr_line' id='line_1_87' title="bbox 1981 4130 3554 4196; baseline -0.001 -8"><span class='ocrx_word' id='word_1_744' title='bbox 1981 4151 2074 4188; x_wconf 85' lang='lat' dir='ltr'><strong>eos</strong></span> <span class='ocrx_word' id='word_1_745' title='bbox 2124 4136 2176 4188; x_wconf 89' lang='lat' dir='ltr'><strong>in</strong></span> <span class='ocrx_word' id='word_1_746' title='bbox 2221 4133 2400 4188; x_wconf 90' lang='lat' dir='ltr'><strong>medio</strong></span> <span class='ocrx_word' id='word_1_747' title='bbox 2454 4131 2684 4185; x_wconf 80' lang='lat' dir='ltr'><strong>fratrum</strong></span> <span class='ocrx_word' id='word_1_748' title='bbox 2749 4146 2960 4186; x_wconf 89' lang='lat' dir='ltr'><strong>eorum.</strong></span> <span class='ocrx_word' id='word_1_749' title='bbox 2993 4131 3046 4187; x_wconf 90' lang='lat'><strong>9.</strong></span> <span class='ocrx_word' id='word_1_750' title='bbox 3093 4130 3297 4186; x_wconf 89' lang='lat' dir='ltr'><strong>Puteus</strong></span> <span class='ocrx_word' id='word_1_751' title='bbox 3350 4142 3554 4196; x_wconf 88' lang='lat' dir='ltr'><strong>autem,</strong></span> 
     </span>
    </p>
   </div>
   <div class='ocr_carea' id='block_1_88' title="bbox 1983 4219 3558 4295">
    <p class='ocr_par' dir='ltr' id='par_1_88' title="bbox 1983 4219 3558 4295">
     <span class='ocr_line' id='line_1_88' title="bbox 1983 4219 3558 4295; baseline -0.004 -16"><span class='ocrx_word' id='word_1_752' title='bbox 1983 4227 2035 4279; x_wconf 91' lang='lat' dir='ltr'><strong>in</strong></span> <span class='ocrx_word' id='word_1_753' title='bbox 2057 4239 2214 4295; x_wconf 87' lang='lat' dir='ltr'><strong>quem</strong></span> <span class='ocrx_word' id='word_1_754' title='bbox 2236 4222 2462 4293; x_wconf 85' lang='lat' dir='ltr'><strong>projecit</strong></span> <span class='ocrx_word' id='word_1_755' title='bbox 2486 4224 2556 4291; x_wconf 56' lang='lat' dir='ltr'>)K</span> <span class='ocrx_word' id='word_1_756' title='bbox 2579 4221 2650 4276; x_wconf 92' lang='lat' dir='ltr'><strong>ibi</strong></span> <span class='ocrx_word' id='word_1_757' title='bbox 2683 4223 2704 4291; x_wconf 74' lang='grc' dir='ltr'>ζ</span> <span class='ocrx_word' id='word_1_758' title='bbox 2732 4219 2922 4276; x_wconf 88' lang='lat' dir='ltr'><strong>lsmael</strong></span> <span class='ocrx_word' id='word_1_759' title='bbox 2949 4222 3131 4274; x_wconf 90' lang='lat' dir='ltr'><strong>omnia</strong></span> <span class='ocrx_word' id='word_1_760' title='bbox 3158 4236 3387 4290; x_wconf 89' lang='lat' dir='ltr'><strong>corpora</strong></span> <span class='ocrx_word' id='word_1_761' title='bbox 3407 4221 3558 4275; x_wconf 84' lang='lat' dir='ltr'><strong>viro-</strong></span> 
     </span>
    </p>
   </div>
   <div class='ocr_carea' id='block_1_89' title="bbox 1985 4313 3558 4387">
    <p class='ocr_par' dir='ltr' id='par_1_89' title="bbox 1985 4313 3558 4387">
     <span class='ocr_line' id='line_1_89' title="bbox 1985 4313 3558 4387; baseline -0.001 -15"><span class='ocrx_word' id='word_1_762' title='bbox 1985 4334 2126 4381; x_wconf 87' lang='lat' dir='ltr'><strong>rum,</strong></span> <span class='ocrx_word' id='word_1_763' title='bbox 2183 4331 2322 4387; x_wconf 84' lang='lat' dir='ltr'><strong>quos</strong></span> <span class='ocrx_word' id='word_1_764' title='bbox 2375 4315 2573 4370; x_wconf 92' lang='lat' dir='ltr'><strong>occidit</strong></span> <span class='ocrx_word' id='word_1_765' title='bbox 2619 4330 2715 4384; x_wconf 92' lang='lat' dir='ltr'><strong>per</strong></span> <span class='ocrx_word' id='word_1_766' title='bbox 2760 4329 2980 4368; x_wconf 89' lang='lat' dir='ltr'><strong>manum</strong></span> <span class='ocrx_word' id='word_1_767' title='bbox 3028 4313 3268 4370; x_wconf 55' lang='lat' dir='ltr'><strong>Godolia;</strong></span> <span class='ocrx_word' id='word_1_768' title='bbox 3314 4323 3558 4385; x_wconf 83' lang='lat' dir='ltr'><strong>:puteus</strong></span> 
     </span>
    </p>
   </div>
   <div class='ocr_carea' id='block_1_90' title="bbox 1989 4404 3558 4482">
    <p class='ocr_par' dir='ltr' id='par_1_90' title="bbox 1989 4404 3558 4482">
     <span class='ocr_line' id='line_1_90' title="bbox 1989 4404 3558 4482; baseline -0.003 -17"><span class='ocrx_word' id='word_1_769' title='bbox 1989 4425 2220 4482; x_wconf 78' lang='lat' dir='ltr'><strong>magnus</strong></span> <span class='ocrx_word' id='word_1_770' title='bbox 2244 4417 2330 4463; x_wconf 89' lang='lat' dir='ltr'><strong>est</strong></span> <span class='ocrx_word' id='word_1_771' title='bbox 2371 4405 2461 4462; x_wconf 84' lang='lat' dir='ltr'><strong>liic</strong></span> <span class='ocrx_word' id='word_1_772' title='bbox 2492 4423 2652 4476; x_wconf 89' lang='lat' dir='ltr'><strong>quem</strong></span> <span class='ocrx_word' id='word_1_773' title='bbox 2690 4404 2818 4462; x_wconf 75' lang='lat' dir='ltr'><strong>fecit</strong></span> <span class='ocrx_word' id='word_1_774' title='bbox 2844 4420 2936 4460; x_wconf 86' lang='lat' dir='ltr'><strong>rex</strong></span> <span class='ocrx_word' id='word_1_775' title='bbox 2974 4407 3082 4461; x_wconf 80' lang='lat' dir='ltr'><strong>Asa</strong></span> <span class='ocrx_word' id='word_1_776' title='bbox 3113 4406 3182 4460; x_wconf 91' lang='lat' dir='ltr'><strong>ab</strong></span> <span class='ocrx_word' id='word_1_777' title='bbox 3209 4416 3336 4460; x_wconf 90' lang='lat' dir='ltr'><strong>ante</strong></span> <span class='ocrx_word' id='word_1_778' title='bbox 3368 4405 3558 4461; x_wconf 82' lang='lat' dir='ltr'><strong>faciem</strong></span> 
     </span>
    </p>
   </div>
   <div class='ocr_carea' id='block_1_91' title="bbox 318 4492 3564 4575">
    <p class='ocr_par' dir='ltr' id='par_1_91' title="bbox 318 4492 3564 4575">
     <span class='ocr_line' id='line_1_91' title="bbox 318 4492 3564 4575; baseline -0.003 -15"><span class='ocrx_word' id='word_1_779' title='bbox 318 4505 463 4575; x_wconf 89' lang='lat' dir='ltr'><strong>quod</strong></span> <span class='ocrx_word' id='word_1_780' title='bbox 490 4505 731 4559; x_wconf 90' lang='lat' dir='ltr'><strong>dedisset</strong></span> <span class='ocrx_word' id='word_1_781' title='bbox 762 4519 853 4558; x_wconf 86' lang='lat' dir='ltr'><strong>rex</strong></span> <span class='ocrx_word' id='word_1_782' title='bbox 886 4503 1177 4573; x_wconf 84' lang='lat' dir='ltr'><strong>Babylonis</strong></span> <span class='ocrx_word' id='word_1_783' title='bbox 1206 4504 1482 4558; x_wconf 80' lang='lat' dir='ltr'><strong>residuum</strong></span> <span class='ocrx_word' id='word_1_784' title='bbox 1515 4504 1570 4557; x_wconf 90' lang='lat' dir='ltr'><strong>in</strong></span> <span class='ocrx_word' id='word_1_785' title='bbox 1599 4503 1804 4562; x_wconf 74' lang='lat' dir='ltr'><strong>Judaea.</strong></span> <span class='ocrx_word' id='word_1_786' title='bbox 1832 4515 1886 4558; x_wconf 84' lang='lat' dir='ltr'><strong>et</strong></span> <span class='ocrx_word' id='word_1_787' title='bbox 1920 4492 1962 4548; x_wconf 81' lang='grc' dir='ltr'><strong>Ι)</strong></span> <span class='ocrx_word' id='word_1_788' title='bbox 1992 4502 2177 4555; x_wconf 74' lang='lat' dir='ltr'><strong>Baasa:</strong></span> <span class='ocrx_word' id='word_1_789' title='bbox 2207 4499 2346 4569; x_wconf 78' lang='lat' dir='ltr'><strong>regis</strong></span> <span class='ocrx_word' id='word_1_790' title='bbox 2372 4495 2602 4554; x_wconf 81' lang='lat' dir='ltr'><strong>lsraelis:</strong></span> <span class='ocrx_word' id='word_1_791' title='bbox 2632 4496 2776 4550; x_wconf 88' lang='lat' dir='ltr'><strong>hunc</strong></span> <span class='ocrx_word' id='word_1_792' title='bbox 2799 4495 3039 4566; x_wconf 84' lang='lat' dir='ltr'><strong>implevit</strong></span> <span class='ocrx_word' id='word_1_793' title='bbox 3069 4493 3259 4550; x_wconf 83' lang='lat' dir='ltr'><strong>lsmael</strong></span> <span class='ocrx_word' id='word_1_794' title='bbox 3286 4495 3428 4550; x_wconf 82' lang='lat' dir='ltr'><strong>ﬁlius</strong></span> <span class='ocrx_word' id='word_1_795' title='bbox 3451 4493 3564 4550; x_wconf 82' lang='lat' dir='ltr'><strong>Na-</strong></span> 
     </span>
    </p>
   </div>
   <div class='ocr_carea' id='block_1_92' title="bbox 319 4592 1884 4663">
    <p class='ocr_par' dir='ltr' id='par_1_92' title="bbox 319 4592 1884 4663">
     <span class='ocr_line' id='line_1_92' title="bbox 319 4592 1884 4663; baseline -0.002 -14"><span class='ocrx_word' id='word_1_796' title='bbox 319 4593 466 4663; x_wconf 90' lang='lat' dir='ltr'><strong>quod</strong></span> <span class='ocrx_word' id='word_1_797' title='bbox 499 4593 879 4648; x_wconf 83' lang='lat' dir='ltr'><strong>constituisset</strong></span> <span class='ocrx_word' id='word_1_798' title='bbox 909 4608 1072 4663; x_wconf 83' lang='lat' dir='ltr'><strong>super</strong></span> <span class='ocrx_word' id='word_1_799' title='bbox 1109 4608 1203 4646; x_wconf 83' lang='lat' dir='ltr'><strong>eos</strong></span> <span class='ocrx_word' id='word_1_800' title='bbox 1234 4592 1514 4648; x_wconf 89' lang='lat' dir='ltr'><strong>Godoliam</strong></span> <span class='ocrx_word' id='word_1_801' title='bbox 1546 4593 1714 4647; x_wconf 89' lang='lat' dir='ltr'><strong>ﬁlium</strong></span> <span class='ocrx_word' id='word_1_802' title='bbox 1755 4593 1884 4646; x_wconf 78' lang='lat' dir='ltr'><strong>Abi-</strong></span> 
     </span>
    </p>
   </div>
   <div class='ocr_carea' id='block_1_93' title="bbox 321 4684 1883 4756">
    <p class='ocr_par' dir='ltr' id='par_1_93' title="bbox 321 4684 1883 4756">
     <span class='ocr_line' id='line_1_93' title="bbox 321 4684 1883 4756; baseline 0 -16"><span class='ocrx_word' id='word_1_803' title='bbox 321 4701 440 4740; x_wconf 88' lang='lat' dir='ltr'><strong>cam</strong></span> <span class='ocrx_word' id='word_1_804' title='bbox 482 4685 577 4740; x_wconf 89' lang='lat' dir='ltr'><strong>ﬁlii</strong></span> <span class='ocrx_word' id='word_1_805' title='bbox 641 4684 879 4756; x_wconf 88' lang='lat' dir='ltr'><strong>Saphan.</strong></span> <span class='ocrx_word' id='word_1_806' title='bbox 913 4686 1000 4740; x_wconf 68' lang='lat'><strong>19..</strong></span> <span class='ocrx_word' id='word_1_807' title='bbox 1040 4684 1105 4739; x_wconf 83' lang='lat' dir='ltr'><strong>Et</strong></span> <span class='ocrx_word' id='word_1_808' title='bbox 1147 4685 1347 4740; x_wconf 85' lang='lat' dir='ltr'><strong>reversi</strong></span> <span class='ocrx_word' id='word_1_809' title='bbox 1382 4695 1510 4742; x_wconf 91' lang='lat' dir='ltr'><strong>sunt</strong></span> <span class='ocrx_word' id='word_1_810' title='bbox 1545 4688 1614 4755; x_wconf 59' lang='grc' dir='ltr'>Χ</span> <span class='ocrx_word' id='word_1_811' title='bbox 1643 4700 1830 4741; x_wconf 89' lang='lat' dir='ltr'><strong>omnes</strong></span> <span class='ocrx_word' id='word_1_812' title='bbox 1861 4685 1883 4752; x_wconf 72' lang='grc' dir='ltr'>ζ</span> 
     </span>
    </p>
   </div>
   <div class='ocr_carea' id='block_1_94' title="bbox 323 4777 1887 4848">
    <p class='ocr_par' dir='ltr' id='par_1_94' title="bbox 323 4777 1887 4848">
     <span class='ocr_line' id='line_1_94' title="bbox 323 4777 1887 4848; baseline 0 -16"><span class='ocrx_word' id='word_1_813' title='bbox 323 4777 494 4834; x_wconf 67' lang='lat' dir='ltr'><strong>Judaei</strong></span> <span class='ocrx_word' id='word_1_814' title='bbox 524 4794 590 4834; x_wconf 89' lang='lat' dir='ltr'><strong>ex</strong></span> <span class='ocrx_word' id='word_1_815' title='bbox 623 4779 880 4834; x_wconf 89' lang='lat' dir='ltr'><strong>omnibus</strong></span> <span class='ocrx_word' id='word_1_816' title='bbox 916 4779 1070 4844; x_wconf 88' lang='lat' dir='ltr'><strong>locis,</strong></span> <span class='ocrx_word' id='word_1_817' title='bbox 1100 4793 1213 4848; x_wconf 90' lang='lat' dir='ltr'><strong>quo</strong></span> <span class='ocrx_word' id='word_1_818' title='bbox 1237 4780 1466 4848; x_wconf 82' lang='lat' dir='ltr'><strong>dispersi</strong></span> <span class='ocrx_word' id='word_1_819' title='bbox 1490 4779 1707 4834; x_wconf 76' lang='lat' dir='ltr'><strong>luerunt</strong></span> <span class='ocrx_word' id='word_1_820' title='bbox 1738 4778 1887 4845; x_wconf 90' lang='lat' dir='ltr'><strong>illuc,</strong></span> 
     </span>
    </p>
   </div>
   <div class='ocr_carea' id='block_1_95' title="bbox 323 4868 1895 4926">
    <p class='ocr_par' dir='ltr' id='par_1_95' title="bbox 323 4868 1895 4926">
     <span class='ocr_line' id='line_1_95' title="bbox 323 4868 1895 4926; baseline -0.001 0"><span class='ocrx_word' id='word_1_821' title='bbox 323 4881 378 4926; x_wconf 92' lang='lat' dir='ltr'><strong>et</strong></span> <span class='ocrx_word' id='word_1_822' title='bbox 409 4878 672 4925; x_wconf 88' lang='lat' dir='ltr'><strong>venerunt</strong></span> <span class='ocrx_word' id='word_1_823' title='bbox 715 4869 769 4924; x_wconf 90' lang='lat' dir='ltr'><strong>in</strong></span> <span class='ocrx_word' id='word_1_824' title='bbox 809 4879 1006 4925; x_wconf 89' lang='lat' dir='ltr'><strong>terram</strong></span> <span class='ocrx_word' id='word_1_825' title='bbox 1049 4868 1200 4925; x_wconf 85' lang='lat' dir='ltr'><strong>Judae</strong></span> <span class='ocrx_word' id='word_1_826' title='bbox 1232 4870 1298 4925; x_wconf 90' lang='lat' dir='ltr'><strong>ad</strong></span> <span class='ocrx_word' id='word_1_827' title='bbox 1329 4868 1612 4926; x_wconf 87' lang='lat' dir='ltr'><strong>Godoliam</strong></span> <span class='ocrx_word' id='word_1_828' title='bbox 1644 4874 1699 4925; x_wconf 90' lang='lat' dir='ltr'><strong>in</strong></span> <span class='ocrx_word' id='word_1_829' title='bbox 1749 4868 1895 4924; x_wconf 83' lang='lat' dir='ltr'><strong>Mas-</strong></span> 
     </span>
    </p>
   </div>
   <div class='ocr_carea' id='block_1_96' title="bbox 326 4960 1890 5034">
    <p class='ocr_par' dir='ltr' id='par_1_96' title="bbox 326 4960 1890 5034">
     <span class='ocr_line' id='line_1_96' title="bbox 326 4960 1890 5034; baseline -0.001 -17"><span class='ocrx_word' id='word_1_830' title='bbox 326 4962 532 5034; x_wconf 88' lang='lat' dir='ltr'><strong>phiam,</strong></span> <span class='ocrx_word' id='word_1_831' title='bbox 552 4969 607 5017; x_wconf 89' lang='lat' dir='ltr'><strong>et</strong></span> <span class='ocrx_word' id='word_1_832' title='bbox 637 4961 1198 5033; x_wconf 77' lang='lat' dir='ltr'><strong>collegeruntvinum,</strong></span> <span class='ocrx_word' id='word_1_833' title='bbox 1224 4971 1278 5017; x_wconf 94' lang='lat' dir='ltr'><strong>et</strong></span> <span class='ocrx_word' id='word_1_834' title='bbox 1302 4961 1379 5033; x_wconf 82' lang='grc' dir='ltr'><strong>(η)</strong></span> <span class='ocrx_word' id='word_1_835' title='bbox 1401 4960 1637 5018; x_wconf 82' lang='lat' dir='ltr'><strong>fructum</strong></span> <span class='ocrx_word' id='word_1_836' title='bbox 1663 4961 1890 5017; x_wconf 91' lang='lat' dir='ltr'><strong>multum</strong></span> 
     </span>
    </p>
   </div>
   <div class='ocr_carea' id='block_1_97' title="bbox 400 5144 1714 5216">
    <p class='ocr_par' dir='ltr' id='par_1_97' title="bbox 400 5144 1714 5216">
     <span class='ocr_line' id='line_1_97' title="bbox 400 5144 1714 5216; baseline -0.001 -19"><span class='ocrx_word' id='word_1_837' title='bbox 400 5145 465 5216; x_wconf 84' lang='grc' dir='ltr'><strong>(ι)</strong></span> <span class='ocrx_word' id='word_1_838' title='bbox 505 5144 815 5201; x_wconf 83' lang='lat' dir='ltr'><strong>Jeremiam.</strong></span> <span class='ocrx_word' id='word_1_839' title='bbox 893 5145 972 5216; x_wconf 74' lang='grc' dir='ltr'><strong>(κ)</strong></span> <span class='ocrx_word' id='word_1_840' title='bbox 1001 5145 1087 5209; x_wconf 82' lang='grc' dir='ltr'><strong>Α.,</strong></span> <span class='ocrx_word' id='word_1_841' title='bbox 1120 5144 1375 5216; x_wconf 76' lang='lat' dir='ltr'><strong>magister</strong></span> <span class='ocrx_word' id='word_1_842' title='bbox 1414 5145 1714 5200; x_wconf 91' lang='lat' dir='ltr'><strong>lanionum.</strong></span> 
     </span>
    </p>
   </div>
   <div class='ocr_carea' id='block_1_98' title="bbox 329 5214 1564 5286">
    <p class='ocr_par' dir='ltr' id='par_1_98' title="bbox 329 5214 1564 5286">
     <span class='ocr_line' id='line_1_98' title="bbox 329 5214 1564 5286; baseline 0 -16"><span class='ocrx_word' id='word_1_843' title='bbox 329 5214 416 5280; x_wconf 87' lang='grc'><strong>8.,</strong></span> <span class='ocrx_word' id='word_1_844' title='bbox 443 5214 653 5271; x_wconf 84' lang='lat' dir='ltr'><strong>catenis</strong></span> <span class='ocrx_word' id='word_1_845' title='bbox 682 5214 964 5270; x_wconf 87' lang='lat' dir='ltr'><strong>manuum.</strong></span> <span class='ocrx_word' id='word_1_846' title='bbox 1042 5214 1228 5286; x_wconf 31' lang='lat' dir='ltr'><strong>(a)S.,’</strong></span> <span class='ocrx_word' id='word_1_847' title='bbox 1247 5217 1421 5284; x_wconf 87' lang='lat' dir='ltr'><strong>placet</strong></span> <span class='ocrx_word' id='word_1_848' title='bbox 1447 5215 1564 5270; x_wconf 91' lang='lat' dir='ltr'><strong>tibi.</strong></span> 
     </span>
    </p>
   </div>
   <div class='ocr_carea' id='block_1_99' title="bbox 329 5356 772 5426">
    <p class='ocr_par' dir='ltr' id='par_1_99' title="bbox 329 5356 772 5426">
     <span class='ocr_line' id='line_1_99' title="bbox 329 5356 772 5426; baseline 0.005 -20"><span class='ocrx_word' id='word_1_849' title='bbox 329 5357 598 5426; x_wconf 73' lang='lat' dir='ltr'><strong>placuerit</strong></span> <span class='ocrx_word' id='word_1_850' title='bbox 653 5356 772 5411; x_wconf 86' lang='lat' dir='ltr'><strong>tibi.</strong></span> 
     </span>
    </p>
   </div>
   <div class='ocr_carea' id='block_1_100' title="bbox 330 5497 1386 5566">
    <p class='ocr_par' dir='ltr' id='par_1_100' title="bbox 330 5497 1386 5566">
     <span class='ocr_line' id='line_1_100' title="bbox 330 5497 1386 5566; baseline 0 -16"><span class='ocrx_word' id='word_1_851' title='bbox 330 5497 490 5559; x_wconf 84' lang='lat' dir='ltr'><strong>sciet,</strong></span> <span class='ocrx_word' id='word_1_852' title='bbox 513 5511 684 5566; x_wconf 89' lang='lat' dir='ltr'><strong>quare</strong></span> <span class='ocrx_word' id='word_1_853' title='bbox 721 5497 930 5552; x_wconf 91' lang='lat' dir='ltr'><strong>occidet</strong></span> <span class='ocrx_word' id='word_1_854' title='bbox 954 5499 1190 5566; x_wconf 87' lang='lat' dir='ltr'><strong>animam</strong></span> <span class='ocrx_word' id='word_1_855' title='bbox 1215 5507 1386 5552; x_wconf 90' lang='lat' dir='ltr'><strong>tuam.</strong></span> 
     </span>
    </p>
   </div>
   <div class='ocr_carea' id='block_1_101' title="bbox 330 5565 1569 5634">
    <p class='ocr_par' dir='ltr' id='par_1_101' title="bbox 330 5565 1569 5634">
     <span class='ocr_line' id='line_1_101' title="bbox 330 5565 1569 5634; baseline -0.001 -14"><span class='ocrx_word' id='word_1_856' title='bbox 330 5567 500 5620; x_wconf 75' lang='lat' dir='ltr'><strong>homo</strong></span> <span class='ocrx_word' id='word_1_857' title='bbox 527 5582 640 5622; x_wconf 84' lang='lat' dir='ltr'><strong>non</strong></span> <span class='ocrx_word' id='word_1_858' title='bbox 672 5575 875 5621; x_wconf 84' lang='lat' dir='ltr'><strong>nosset.</strong></span> <span class='ocrx_word' id='word_1_859' title='bbox 952 5567 1012 5634; x_wconf 87' lang='grc' dir='ltr'><strong>(ι)</strong></span> <span class='ocrx_word' id='word_1_860' title='bbox 1045 5568 1132 5629; x_wconf 79' lang='grc' dir='ltr'><strong>Α..</strong></span> <span class='ocrx_word' id='word_1_861' title='bbox 1152 5565 1236 5628; x_wconf 84' lang='grc'><strong>8.,</strong></span> <span class='ocrx_word' id='word_1_862' title='bbox 1265 5585 1329 5624; x_wconf 91' lang='lat' dir='ltr'><strong>ex</strong></span> <span class='ocrx_word' id='word_1_863' title='bbox 1363 5565 1569 5621; x_wconf 83' lang='lat' dir='ltr'><strong>Saloni.</strong></span> 
     </span>
    </p>
   </div>
   <div class='ocr_carea' id='block_1_102' title="bbox 1821 5144 2596 5218">
    <p class='ocr_par' dir='ltr' id='par_1_102' title="bbox 1821 5144 2596 5218">
     <span class='ocr_line' id='line_1_102' title="bbox 1821 5144 2596 5218; baseline -0.004 -19"><span class='ocrx_word' id='word_1_864' title='bbox 1821 5149 1900 5218; x_wconf 66' lang='grc' dir='ltr'><strong>(ε)</strong></span> <span class='ocrx_word' id='word_1_865' title='bbox 1931 5144 2136 5216; x_wconf 79' lang='lat' dir='ltr'><strong>Reliqui</strong></span> <span class='ocrx_word' id='word_1_866' title='bbox 2165 5191 2178 5206; x_wconf 82' lang='lat'><strong>,</strong></span> <span class='ocrx_word' id='word_1_867' title='bbox 2226 5147 2441 5200; x_wconf 81' lang='lat' dir='ltr'><strong>loeutus</strong></span> <span class='ocrx_word' id='word_1_868' title='bbox 2493 5156 2596 5218; x_wconf 81' lang='lat' dir='ltr'><strong>est.</strong></span> 
     </span>
    </p>
   </div>
   <div class='ocr_carea' id='block_1_103' title="bbox 1641 5213 2600 5286">
    <p class='ocr_par' dir='ltr' id='par_1_103' title="bbox 1641 5213 2600 5286">
     <span class='ocr_line' id='line_1_103' title="bbox 1641 5213 2600 5286; baseline 0.002 -17"><span class='ocrx_word' id='word_1_869' title='bbox 1641 5217 1716 5285; x_wconf 74' lang='grc' dir='ltr'><strong>(ὁ)</strong></span> <span class='ocrx_word' id='word_1_870' title='bbox 1771 5213 1968 5280; x_wconf 74' lang='grc' dir='ltr'><strong>8.,’ρι</strong></span> <span class='ocrx_word' id='word_1_871' title='bbox 2021 5213 2069 5270; x_wconf 75' lang='lat' dir='ltr'><strong>si</strong></span> <span class='ocrx_word' id='word_1_872' title='bbox 2108 5232 2214 5271; x_wconf 90' lang='lat' dir='ltr'><strong>non</strong></span> <span class='ocrx_word' id='word_1_873' title='bbox 2270 5216 2600 5286; x_wconf 17' lang='lat' dir='ltr'><strong>placetitibi.</strong></span> 
     </span>
    </p>
   </div>
   <div class='ocr_carea' id='block_1_104' title="bbox 328 5285 2249 5356">
    <p class='ocr_par' dir='ltr' id='par_1_104' title="bbox 328 5285 2249 5356">
     <span class='ocr_line' id='line_1_104' title="bbox 328 5285 2249 5356; baseline 0.001 -18"><span class='ocrx_word' id='word_1_874' title='bbox 328 5297 625 5355; x_wconf 82' lang='lat' dir='ltr'><strong>antequam</strong></span> <span class='ocrx_word' id='word_1_875' title='bbox 687 5287 936 5341; x_wconf 88' lang='lat' dir='ltr'><strong>recedam</strong></span> <span class='ocrx_word' id='word_1_876' title='bbox 960 5285 1120 5356; x_wconf 27' lang='lat' dir='ltr'><strong>iego,</strong></span> <span class='ocrx_word' id='word_1_877' title='bbox 1181 5300 1470 5352; x_wconf 84' lang='lat' dir='ltr'><strong>revertere,</strong></span> <span class='ocrx_word' id='word_1_878' title='bbox 1516 5285 1700 5340; x_wconf 88' lang='lat' dir='ltr'><strong>habita</strong></span> <span class='ocrx_word' id='word_1_879' title='bbox 1756 5287 1900 5354; x_wconf 90' lang='lat' dir='ltr'><strong>apud</strong></span> <span class='ocrx_word' id='word_1_880' title='bbox 1945 5287 2249 5342; x_wconf 88' lang='lat' dir='ltr'><strong>Godoliam.</strong></span> 
     </span>
    </p>
   </div>
   <div class='ocr_carea' id='block_1_105' title="bbox 851 5355 2418 5427">
    <p class='ocr_par' dir='ltr' id='par_1_105' title="bbox 851 5355 2418 5427">
     <span class='ocr_line' id='line_1_105' title="bbox 851 5355 2418 5427; baseline 0.001 -18"><span class='ocrx_word' id='word_1_881' title='bbox 851 5357 914 5426; x_wconf 77' lang='grc' dir='ltr'><strong>(ι’)</strong></span> <span class='ocrx_word' id='word_1_882' title='bbox 953 5355 1099 5427; x_wconf 71' lang='lat' dir='ltr'><strong>Tres.</strong></span> <span class='ocrx_word' id='word_1_883' title='bbox 1139 5357 1257 5427; x_wconf 81' lang='lat' dir='ltr'><strong>viri.</strong></span> <span class='ocrx_word' id='word_1_884' title='bbox 1339 5356 1414 5427; x_wconf 85' lang='lat' dir='ltr'><strong>(g)</strong></span> <span class='ocrx_word' id='word_1_885' title='bbox 1459 5356 1549 5417; x_wconf 83' lang='lat' dir='ltr'><strong>A.,</strong></span> <span class='ocrx_word' id='word_1_886' title='bbox 1594 5355 1677 5415; x_wconf 88' lang='grc'><strong>8..</strong></span> <span class='ocrx_word' id='word_1_887' title='bbox 1715 5356 2044 5412; x_wconf 71' lang='lat' dir='ltr'><strong>etinl‘antcs.</strong></span> <span class='ocrx_word' id='word_1_888' title='bbox 2129 5357 2205 5426; x_wconf 76' lang='grc' dir='ltr'><strong>(ἡ)</strong></span> <span class='ocrx_word' id='word_1_889' title='bbox 2239 5355 2418 5426; x_wconf 86' lang='lat' dir='ltr'><strong>.lophi.</strong></span> 
     </span>
    </p>
   </div>
   <div class='ocr_carea' id='block_1_106' title="bbox 327 5424 1876 5496">
    <p class='ocr_par' dir='ltr' id='par_1_106' title="bbox 327 5424 1874 5496">
     <span class='ocr_line' id='line_1_106' title="bbox 327 5424 1874 5496; baseline -0.001 -16"><span class='ocrx_word' id='word_1_890' title='bbox 327 5424 424 5489; x_wconf 65' lang='grc' dir='ltr'><strong>λη</strong></span> <span class='ocrx_word' id='word_1_891' title='bbox 461 5424 544 5494; x_wconf 96' lang='grc'><strong>8.,</strong></span> <span class='ocrx_word' id='word_1_892' title='bbox 577 5435 632 5480; x_wconf 94' lang='lat' dir='ltr'><strong>et</strong></span> <span class='ocrx_word' id='word_1_893' title='bbox 690 5424 905 5482; x_wconf 80' lang='lat' dir='ltr'><strong>servile.</strong></span> <span class='ocrx_word' id='word_1_894' title='bbox 982 5426 1044 5496; x_wconf 88' lang='grc' dir='ltr'><strong>(ι)</strong></span> <span class='ocrx_word' id='word_1_895' title='bbox 1073 5429 1162 5491; x_wconf 80' lang='grc' dir='ltr'><strong>Α.,</strong></span> <span class='ocrx_word' id='word_1_896' title='bbox 1198 5425 1281 5488; x_wconf 89' lang='grc'><strong>8.,</strong></span> <span class='ocrx_word' id='word_1_897' title='bbox 1306 5424 1378 5482; x_wconf 75' lang='lat' dir='ltr'><strong>ad</strong></span> <span class='ocrx_word' id='word_1_898' title='bbox 1397 5424 1522 5481; x_wconf 83' lang='lat' dir='ltr'><strong>vos.</strong></span> <span class='ocrx_word' id='word_1_899' title='bbox 1602 5427 1698 5496; x_wconf 89' lang='lat' dir='ltr'><strong>(m)</strong></span> <span class='ocrx_word' id='word_1_900' title='bbox 1727 5428 1816 5490; x_wconf 81' lang='grc' dir='ltr'><strong>Α.,</strong></span> <span class='ocrx_word' id='word_1_901' title='bbox 1851 5427 1874 5479; x_wconf 80' lang='lat' dir='ltr'><strong>f</strong></span> 
     </span>
    </p>
   </div>
   <div class='ocr_carea' id='block_1_107' title="bbox 1969 5424 2388 5496">
    <p class='ocr_par' dir='ltr' id='par_1_107' title="bbox 1969 5424 2388 5483">
     <span class='ocr_line' id='line_1_107' title="bbox 1969 5424 2388 5483; baseline 0.005 -6"><span class='ocrx_word' id='word_1_902' title='bbox 1969 5437 2090 5482; x_wconf 77' lang='lat' dir='ltr'><strong>:tum</strong></span> <span class='ocrx_word' id='word_1_903' title='bbox 2117 5424 2388 5483; x_wconf 64' lang='lat' dir='ltr'><strong>aestivum.</strong></span> 
     </span>
    </p>
   </div>
   <div class='ocr_carea' id='block_1_108' title="bbox 1465 5496 3136 5636">
    <p class='ocr_par' dir='ltr' id='par_1_108' title="bbox 1465 5496 3136 5636">
     <span class='ocr_line' id='line_1_108' title="bbox 1465 5496 3136 5570; baseline -0.017 -12"><span class='ocrx_word' id='word_1_904' title='bbox 1465 5496 1540 5566; x_wconf 82' lang='grc' dir='ltr'><strong>(ρ)</strong></span> <span class='ocrx_word' id='word_1_905' title='bbox 1565 5496 1658 5561; x_wconf 80' lang='grc' dir='ltr'><strong>Α..</strong></span> <span class='ocrx_word' id='word_1_906' title='bbox 1690 5496 1774 5560; x_wconf 88' lang='grc'><strong>8.,</strong></span> <span class='ocrx_word' id='word_1_907' title='bbox 1812 5496 1877 5550; x_wconf 87' lang='lat' dir='ltr'><strong>de</strong></span> <span class='ocrx_word' id='word_1_908' title='bbox 1912 5499 2122 5552; x_wconf 88' lang='lat' dir='ltr'><strong>semine</strong></span> <span class='ocrx_word' id='word_1_909' title='bbox 2169 5499 2340 5567; x_wconf 81' lang='lat' dir='ltr'><strong>regni.</strong></span> <span class='ocrx_word' id='word_1_910' title='bbox 2420 5496 2714 5568; x_wconf 59' lang='lat' dir='ltr'><strong>(q)Simu|,</strong></span> <span class='ocrx_word' id='word_1_911' title='bbox 2790 5500 2860 5570; x_wconf 72' lang='grc' dir='ltr'><strong>(τ)</strong></span> <span class='ocrx_word' id='word_1_912' title='bbox 2927 5496 3136 5556; x_wconf 49' lang='grc' dir='ltr'><strong>ιεωπι,</strong></span> 
     </span>
     <span class='ocr_line' id='line_1_109' title="bbox 1465 5565 3091 5636; baseline -0.001 -16"><span class='ocrx_word' id='word_1_913' title='bbox 1465 5583 1569 5620; x_wconf 88' lang='lat' dir='ltr'><strong>om.</strong></span> <span class='ocrx_word' id='word_1_914' title='bbox 1649 5567 1840 5636; x_wconf 80' lang='lat' dir='ltr'><strong>(u)A.,</strong></span> <span class='ocrx_word' id='word_1_915' title='bbox 1871 5566 1954 5628; x_wconf 88' lang='grc'><strong>8.,</strong></span> <span class='ocrx_word' id='word_1_916' title='bbox 1993 5568 2174 5621; x_wconf 89' lang='lat' dir='ltr'><strong>incisi.</strong></span> <span class='ocrx_word' id='word_1_917' title='bbox 2223 5570 2301 5635; x_wconf 71' lang='grc' dir='ltr'><strong>(π)</strong></span> <span class='ocrx_word' id='word_1_918' title='bbox 2334 5565 2399 5619; x_wconf 83' lang='lat' dir='ltr'><strong>Et</strong></span> <span class='ocrx_word' id='word_1_919' title='bbox 2439 5568 2665 5636; x_wconf 75' lang='lat' dir='ltr'><strong>proiecit</strong></span> <span class='ocrx_word' id='word_1_920' title='bbox 2707 5584 2820 5625; x_wconf 86' lang='lat' dir='ltr'><strong>eos.</strong></span> <span class='ocrx_word' id='word_1_921' title='bbox 2901 5571 2979 5636; x_wconf 66' lang='grc' dir='ltr'><strong>(ῃ)</strong></span> <span class='ocrx_word' id='word_1_922' title='bbox 3009 5570 3091 5632; x_wconf 85' lang='grc'><strong>8.,</strong></span> 
     </span>
    </p>
   </div>
   <div class='ocr_carea' id='block_1_109' title="bbox 1984 4586 3560 4657">
    <p class='ocr_par' dir='ltr' id='par_1_109' title="bbox 1984 4586 3560 4657">
     <span class='ocr_line' id='line_1_110' title="bbox 1984 4586 3560 4657; baseline -0.003 -10"><span class='ocrx_word' id='word_1_923' title='bbox 1984 4591 2184 4647; x_wconf 69' lang='lat' dir='ltr'><strong>thania:</strong></span> <span class='ocrx_word' id='word_1_924' title='bbox 2219 4590 2441 4646; x_wconf 88' lang='lat' dir='ltr'><strong>occisis.</strong></span> <span class='ocrx_word' id='word_1_925' title='bbox 2495 4586 2578 4641; x_wconf 90' lang='lat' dir='ltr'><strong>l0.</strong></span> <span class='ocrx_word' id='word_1_926' title='bbox 2645 4588 2720 4657; x_wconf 91' lang='lat' dir='ltr'><strong>(a)</strong></span> <span class='ocrx_word' id='word_1_927' title='bbox 2772 4587 2838 4641; x_wconf 86' lang='lat' dir='ltr'><strong>Et</strong></span> <span class='ocrx_word' id='word_1_928' title='bbox 2875 4586 3091 4641; x_wconf 83' lang='lat' dir='ltr'><strong>reduxit</strong></span> <span class='ocrx_word' id='word_1_929' title='bbox 3127 4587 3320 4642; x_wconf 90' lang='lat' dir='ltr'><strong>lsmael</strong></span> <span class='ocrx_word' id='word_1_930' title='bbox 3343 4601 3560 4644; x_wconf 88' lang='lat' dir='ltr'><strong>omnem</strong></span> 
     </span>
    </p>
   </div>
   <div class='ocr_carea' id='block_1_110' title="bbox 1986 4678 3562 4754">
    <p class='ocr_par' dir='ltr' id='par_1_110' title="bbox 1986 4678 3562 4754">
     <span class='ocr_line' id='line_1_111' title="bbox 1986 4678 3562 4754; baseline -0.003 -15"><span class='ocrx_word' id='word_1_931' title='bbox 1986 4684 2267 4754; x_wconf 89' lang='lat' dir='ltr'><strong>p0pulum,</strong></span> <span class='ocrx_word' id='word_1_932' title='bbox 2295 4682 2386 4752; x_wconf 91' lang='lat' dir='ltr'><strong>qui</strong></span> <span class='ocrx_word' id='word_1_933' title='bbox 2429 4681 2653 4736; x_wconf 88' lang='lat' dir='ltr'><strong>relictus</strong></span> <span class='ocrx_word' id='word_1_934' title='bbox 2685 4679 2817 4746; x_wconf 75' lang='lat' dir='ltr'><strong>fuit,</strong></span> <span class='ocrx_word' id='word_1_935' title='bbox 2852 4683 2920 4746; x_wconf 75' lang='grc' dir='ltr'><em>&gt;κ</em></span> <span class='ocrx_word' id='word_1_936' title='bbox 2949 4694 3075 4734; x_wconf 87' lang='lat' dir='ltr'><strong>eum</strong></span> <span class='ocrx_word' id='word_1_937' title='bbox 3129 4681 3150 4749; x_wconf 75' lang='grc' dir='ltr'>ζ</span> <span class='ocrx_word' id='word_1_938' title='bbox 3181 4680 3276 4750; x_wconf 88' lang='lat' dir='ltr'><strong>qui</strong></span> <span class='ocrx_word' id='word_1_939' title='bbox 3311 4680 3366 4734; x_wconf 90' lang='lat' dir='ltr'><strong>in</strong></span> <span class='ocrx_word' id='word_1_940' title='bbox 3418 4678 3562 4736; x_wconf 72' lang='lat' dir='ltr'><strong>Mas-</strong></span> 
     </span>
    </p>
   </div>
   <div class='ocr_carea' id='block_1_111' title="bbox 1988 4772 3562 4847">
    <p class='ocr_par' dir='ltr' id='par_1_111' title="bbox 1988 4772 3562 4847">
     <span class='ocr_line' id='line_1_112' title="bbox 1988 4772 3562 4847; baseline -0.002 -15"><span class='ocrx_word' id='word_1_941' title='bbox 1988 4779 2134 4847; x_wconf 83' lang='lat' dir='ltr'><strong>pliia,</strong></span> <span class='ocrx_word' id='word_1_942' title='bbox 2166 4785 2222 4832; x_wconf 88' lang='lat' dir='ltr'><strong>et</strong></span> <span class='ocrx_word' id='word_1_943' title='bbox 2260 4775 2400 4830; x_wconf 89' lang='lat' dir='ltr'><strong>ﬁlias</strong></span> <span class='ocrx_word' id='word_1_944' title='bbox 2430 4775 2594 4844; x_wconf 78' lang='lat' dir='ltr'><strong>regis,</strong></span> <span class='ocrx_word' id='word_1_945' title='bbox 2625 4786 2676 4829; x_wconf 89' lang='lat' dir='ltr'><strong>et</strong></span> <span class='ocrx_word' id='word_1_946' title='bbox 2703 4789 2920 4828; x_wconf 92' lang='lat' dir='ltr'><strong>omnem</strong></span> <span class='ocrx_word' id='word_1_947' title='bbox 2956 4772 3238 4843; x_wconf 86' lang='lat' dir='ltr'><strong>populum,</strong></span> <span class='ocrx_word' id='word_1_948' title='bbox 3269 4773 3362 4844; x_wconf 89' lang='lat' dir='ltr'><strong>qui</strong></span> <span class='ocrx_word' id='word_1_949' title='bbox 3385 4774 3562 4830; x_wconf 86' lang='lat' dir='ltr'><strong>relicti</strong></span> 
     </span>
    </p>
   </div>
   <div class='ocr_carea' id='block_1_112' title="bbox 1989 4863 3563 4936">
    <p class='ocr_par' dir='ltr' id='par_1_112' title="bbox 1989 4863 3563 4936">
     <span class='ocr_line' id='line_1_113' title="bbox 1989 4863 3563 4936; baseline -0.003 -12"><span class='ocrx_word' id='word_1_950' title='bbox 1989 4869 2209 4924; x_wconf 79' lang='lat' dir='ltr'><strong>fuerunt</strong></span> <span class='ocrx_word' id='word_1_951' title='bbox 2243 4869 2297 4922; x_wconf 91' lang='lat' dir='ltr'><strong>in</strong></span> <span class='ocrx_word' id='word_1_952' title='bbox 2322 4865 2587 4936; x_wconf 82' lang='lat' dir='ltr'><strong>Maspbia,</strong></span> <span class='ocrx_word' id='word_1_953' title='bbox 2618 4881 2758 4936; x_wconf 90' lang='lat' dir='ltr'><strong>quos</strong></span> <span class='ocrx_word' id='word_1_954' title='bbox 2787 4863 3563 4921; x_wconf 73' lang='lat' dir='ltr'><strong>eommendavitNabuzardan</strong></span> 
     </span>
    </p>
   </div>
   <div class='ocr_carea' id='block_1_113' title="bbox 1991 4955 3566 5030">
    <p class='ocr_par' dir='ltr' id='par_1_113' title="bbox 1991 4955 3566 5030">
     <span class='ocr_line' id='line_1_114' title="bbox 1991 4955 3566 5030; baseline -0.003 -16"><span class='ocrx_word' id='word_1_955' title='bbox 1991 4961 2246 5030; x_wconf 90' lang='lat' dir='ltr'><strong>princeps</strong></span> <span class='ocrx_word' id='word_1_956' title='bbox 2269 4972 2571 5030; x_wconf 88' lang='lat' dir='ltr'><strong>coquorum</strong></span> <span class='ocrx_word' id='word_1_957' title='bbox 2599 4956 2840 5014; x_wconf 58' lang='lat' dir='ltr'><strong>Godolia:</strong></span> <span class='ocrx_word' id='word_1_958' title='bbox 2865 4956 2979 5011; x_wconf 86' lang='lat' dir='ltr'><strong>ﬁlio</strong></span> <span class='ocrx_word' id='word_1_959' title='bbox 3001 4955 3248 5023; x_wconf 80' lang='lat' dir='ltr'><strong>Abicam,</strong></span> <span class='ocrx_word' id='word_1_960' title='bbox 3268 4957 3344 5028; x_wconf 68' lang='grc' dir='ltr'><strong>(ὁ)</strong></span> <span class='ocrx_word' id='word_1_961' title='bbox 3368 4965 3423 5012; x_wconf 92' lang='lat' dir='ltr'><strong>et</strong></span> <span class='ocrx_word' id='word_1_962' title='bbox 3447 4970 3566 5011; x_wconf 83' lang='lat' dir='ltr'><strong>ma-</strong></span> 
     </span>
    </p>
   </div>
   <div class='ocr_carea' id='block_1_114' title="bbox 2695 5146 3430 5268">
    <p class='ocr_par' dir='ltr' id='par_1_114' title="bbox 2695 5146 3430 5268">
     <span class='ocr_line' id='line_1_115' title="bbox 2695 5146 3423 5218; baseline -0.023 -4"><span class='ocrx_word' id='word_1_963' title='bbox 2695 5147 2770 5218; x_wconf 73' lang='grc' dir='ltr'><strong>(ει)</strong></span> <span class='ocrx_word' id='word_1_964' title='bbox 2806 5146 2888 5201; x_wconf 80' lang='grc' dir='ltr'><strong>Εἰ.</strong></span> <span class='ocrx_word' id='word_1_965' title='bbox 2987 5146 3061 5214; x_wconf 77' lang='lat' dir='ltr'><strong>(z)</strong></span> <span class='ocrx_word' id='word_1_966' title='bbox 3107 5147 3198 5209; x_wconf 79' lang='grc' dir='ltr'><strong>Α..</strong></span> <span class='ocrx_word' id='word_1_967' title='bbox 3265 5161 3294 5199; x_wconf 88' lang='lat' dir='ltr'><strong>a</strong></span> <span class='ocrx_word' id='word_1_968' title='bbox 3341 5155 3423 5199; x_wconf 87' lang='lat' dir='ltr'><strong>cat</strong></span> 
     </span>
     <span class='ocr_line' id='line_1_116' title="bbox 2702 5213 3430 5268; baseline 0 0"><span class='ocrx_word' id='word_1_969' title='bbox 2702 5225 2751 5268; x_wconf 84' lang='lat' dir='ltr'><strong>cl</strong></span> <span class='ocrx_word' id='word_1_970' title='bbox 2784 5217 2868 5268; x_wconf 93' lang='grc'><strong>8..</strong></span> <span class='ocrx_word' id='word_1_971' title='bbox 2906 5231 3181 5268; x_wconf 77' lang='lat' dir='ltr'><strong>permane.</strong></span> <span class='ocrx_word' id='word_1_972' title='bbox 3258 5216 3335 5268; x_wconf 83' lang='lat' dir='ltr'><strong>(di</strong></span> <span class='ocrx_word' id='word_1_973' title='bbox 3391 5213 3430 5268; x_wconf 87' lang='lat' dir='ltr'><strong><em>S</em></strong></span> 
     </span>
    </p>
   </div>
   <div class='ocr_carea' id='block_1_115' title="bbox 2336 5217 3572 5368">
    <p class='ocr_par' dir='ltr' id='par_1_115' title="bbox 2336 5217 3572 5368">
     <span class='ocr_line' id='line_1_117' title="bbox 2336 5217 3572 5288; baseline -0.001 -22"><span class='ocrx_word' id='word_1_974' title='bbox 2336 5227 2444 5270; x_wconf 70' lang='lat' dir='ltr'><strong>acet</strong></span> <span class='ocrx_word' id='word_1_975' title='bbox 2483 5217 2600 5271; x_wconf 89' lang='lat' dir='ltr'><strong>tibi.</strong></span> <span class='ocrx_word' id='word_1_976' title='bbox 2677 5219 2751 5288; x_wconf 77' lang='grc' dir='ltr'><strong>(ο)</strong></span> <span class='ocrx_word' id='word_1_977' title='bbox 2784 5217 2868 5281; x_wconf 94' lang='grc'><strong>8.,</strong></span> <span class='ocrx_word' id='word_1_978' title='bbox 2906 5231 3181 5286; x_wconf 89' lang='lat' dir='ltr'><strong>permane.</strong></span> <span class='ocrx_word' id='word_1_979' title='bbox 3258 5217 3335 5286; x_wconf 74' lang='grc' dir='ltr'><strong>(Δ)</strong></span> <span class='ocrx_word' id='word_1_980' title='bbox 3391 5217 3475 5277; x_wconf 88' lang='grc'><strong>8.,</strong></span> <span class='ocrx_word' id='word_1_981' title='bbox 3517 5223 3572 5266; x_wconf 85' lang='lat' dir='ltr'><strong>et</strong></span> 
     </span>
     <span class='ocr_line' id='line_1_118' title="bbox 2336 5285 3572 5368; baseline -0.001 -29"><span class='ocrx_word' id='word_1_982' title='bbox 2336 5287 2405 5368; x_wconf 56' lang='lat' dir='ltr'><strong>(a)</strong></span> <span class='ocrx_word' id='word_1_983' title='bbox 2438 5285 2649 5368; x_wconf 38' lang='lat' dir='ltr'><strong>in.</strong></span> <span class='ocrx_word' id='word_1_984' title='bbox 2695 5302 2910 5368; x_wconf 69' lang='lat' dir='ltr'><strong>omnem</strong></span> <span class='ocrx_word' id='word_1_985' title='bbox 2983 5287 3189 5368; x_wconf 67' lang='lat' dir='ltr'><strong>locum,</strong></span> <span class='ocrx_word' id='word_1_986' title='bbox 3239 5287 3572 5368; x_wconf 65' lang='lat' dir='ltr'><strong>quicumque</strong></span> 
     </span>
    </p>
   </div>
   <div class='ocr_carea' id='block_1_116' title="bbox 2495 5353 3573 5428">
    <p class='ocr_par' dir='ltr' id='par_1_116' title="bbox 2495 5353 3573 5428">
     <span class='ocr_line' id='line_1_119' title="bbox 2495 5353 3573 5428; baseline -0.009 -14"><span class='ocrx_word' id='word_1_987' title='bbox 2495 5357 2705 5428; x_wconf 80' lang='lat' dir='ltr'><strong>(i)_A..</strong></span> <span class='ocrx_word' id='word_1_988' title='bbox 2771 5356 2856 5423; x_wconf 90' lang='grc'><strong>8.,</strong></span> <span class='ocrx_word' id='word_1_989' title='bbox 2890 5359 3094 5414; x_wconf 86' lang='lat' dir='ltr'><strong>servire</strong></span> <span class='ocrx_word' id='word_1_990' title='bbox 3131 5353 3418 5428; x_wconf 43' lang='lat' dir='ltr'><strong>{sliat—dacis.</strong></span> <span class='ocrx_word' id='word_1_991' title='bbox 3496 5353 3573 5421; x_wconf 76' lang='lat' dir='ltr'><strong>(Ic)</strong></span> 
     </span>
    </p>
   </div>
   <div class='ocr_carea' id='block_1_117' title="bbox 2463 5425 3572 5499">
    <p class='ocr_par' dir='ltr' id='par_1_117' title="bbox 2463 5425 3572 5499">
     <span class='ocr_line' id='line_1_120' title="bbox 2463 5425 3572 5499; baseline -0.005 -19"><span class='ocrx_word' id='word_1_992' title='bbox 2463 5425 2551 5498; x_wconf 60' lang='lat' dir='ltr'><strong>(ni</strong></span> <span class='ocrx_word' id='word_1_993' title='bbox 2569 5425 2651 5494; x_wconf 89' lang='grc'><strong>8.,</strong></span> <span class='ocrx_word' id='word_1_994' title='bbox 2677 5429 2940 5484; x_wconf 80' lang='lat' dir='ltr'><strong>triticum.</strong></span> <span class='ocrx_word' id='word_1_995' title='bbox 3022 5427 3096 5499; x_wconf 88' lang='lat' dir='ltr'><strong>(a)</strong></span> <span class='ocrx_word' id='word_1_996' title='bbox 3118 5426 3200 5487; x_wconf 90' lang='grc'><strong>8.,</strong></span> <span class='ocrx_word' id='word_1_997' title='bbox 3225 5425 3363 5499; x_wconf 74' lang='lat' dir='ltr'><strong>dum</strong></span> <span class='ocrx_word' id='word_1_998' title='bbox 3409 5439 3572 5479; x_wconf 86' lang='lat' dir='ltr'><strong>nemo</strong></span> 
     </span>
    </p>
   </div>
   <div class='ocr_carea' id='block_1_118' title="bbox 3213 5493 3571 5564">
    <p class='ocr_par' dir='ltr' id='par_1_118' title="bbox 3213 5493 3571 5564">
     <span class='ocr_line' id='line_1_121' title="bbox 3213 5493 3571 5564; baseline 0 -16"><span class='ocrx_word' id='word_1_999' title='bbox 3213 5495 3282 5564; x_wconf 74' lang='grc' dir='ltr'><strong>(ε)</strong></span> <span class='ocrx_word' id='word_1_1000' title='bbox 3306 5493 3388 5560; x_wconf 86' lang='grc'><strong>8.,</strong></span> <span class='ocrx_word' id='word_1_1001' title='bbox 3445 5510 3571 5548; x_wconf 86' lang='lat' dir='ltr'><strong>cum</strong></span> 
     </span>
    </p>
   </div>
   <div class='ocr_carea' id='block_1_119' title="bbox 1941 5565 3570 5640">
    <p class='ocr_par' dir='ltr' id='par_1_119' title="bbox 1941 5565 3570 5640">
     <span class='ocr_line' id='line_1_122' title="bbox 1941 5565 3570 5640; baseline -0.003 -19"><span class='ocrx_word' id='word_1_1002' title='bbox 1941 5606 1954 5628; x_wconf 88' lang='lat'><strong>,</strong></span> <span class='ocrx_word' id='word_1_1003' title='bbox 1983 5568 2174 5640; x_wconf 67' lang='lat' dir='ltr'><strong>incisi.</strong></span> <span class='ocrx_word' id='word_1_1004' title='bbox 2205 5565 2301 5640; x_wconf 53' lang='lat' dir='ltr'><strong>re)</strong></span> <span class='ocrx_word' id='word_1_1005' title='bbox 2334 5565 2665 5640; x_wconf 23' lang='lat' dir='ltr'><strong>EtA&#39;projecit</strong></span> <span class='ocrx_word' id='word_1_1006' title='bbox 2707 5565 2851 5625; x_wconf 40' lang='lat' dir='ltr'><strong>eos.</strong></span> <span class='ocrx_word' id='word_1_1007' title='bbox 2901 5571 2979 5640; x_wconf 66' lang='grc' dir='ltr'><strong>(υ)</strong></span> <span class='ocrx_word' id='word_1_1008' title='bbox 3009 5570 3091 5632; x_wconf 87' lang='grc'><strong>8.,</strong></span> <span class='ocrx_word' id='word_1_1009' title='bbox 3133 5566 3330 5640; x_wconf 77' lang='lat' dir='ltr'><strong>decem</strong></span> <span class='ocrx_word' id='word_1_1010' title='bbox 3393 5574 3570 5619; x_wconf 87' lang='lat' dir='ltr'><strong>autem</strong></span> 
     </span>
    </p>
   </div>
   <div class='ocr_carea' id='block_1_120' title="bbox 331 5636 3572 5707">
    <p class='ocr_par' dir='ltr' id='par_1_120' title="bbox 331 5636 3572 5707">
     <span class='ocr_line' id='line_1_123' title="bbox 331 5636 3572 5707; baseline 0 -20"><span class='ocrx_word' id='word_1_1011' title='bbox 331 5639 434 5707; x_wconf 74' lang='lat' dir='ltr'><strong>viri</strong></span> <span class='ocrx_word' id='word_1_1012' title='bbox 465 5637 668 5691; x_wconf 87' lang='lat' dir='ltr'><strong>inventi</strong></span> <span class='ocrx_word' id='word_1_1013' title='bbox 699 5645 827 5692; x_wconf 89' lang='lat' dir='ltr'><strong>sunt</strong></span> <span class='ocrx_word' id='word_1_1014' title='bbox 859 5636 953 5698; x_wconf 89' lang='lat' dir='ltr'><strong>ibi,</strong></span> <span class='ocrx_word' id='word_1_1015' title='bbox 983 5637 1073 5706; x_wconf 82' lang='lat' dir='ltr'><strong>qui</strong></span> <span class='ocrx_word' id='word_1_1016' title='bbox 1097 5637 1352 5692; x_wconf 82' lang='lat' dir='ltr'><strong>dixerunt</strong></span> <span class='ocrx_word' id='word_1_1017' title='bbox 1390 5639 1456 5691; x_wconf 85' lang='lat' dir='ltr'><strong>ad</strong></span> <span class='ocrx_word' id='word_1_1018' title='bbox 1491 5638 1791 5692; x_wconf 59' lang='lat' dir='ltr'><strong>lsmaelem.</strong></span> <span class='ocrx_word' id='word_1_1019' title='bbox 1851 5639 1944 5707; x_wconf 76' lang='lat' dir='ltr'><strong>-(z)</strong></span> <span class='ocrx_word' id='word_1_1020' title='bbox 1973 5637 2056 5703; x_wconf 89' lang='grc'><strong>8.,</strong></span> <span class='ocrx_word' id='word_1_1021' title='bbox 2094 5637 2368 5692; x_wconf 85' lang='lat' dir='ltr'><strong>cohibitus</strong></span> <span class='ocrx_word' id='word_1_1022' title='bbox 2401 5638 2501 5692; x_wconf 83' lang='lat' dir='ltr'><strong>luit</strong></span> <span class='ocrx_word' id='word_1_1023' title='bbox 2526 5636 2730 5701; x_wconf 84' lang='lat' dir='ltr'><strong>autem,</strong></span> <span class='ocrx_word' id='word_1_1024' title='bbox 2773 5652 2829 5696; x_wconf 88' lang='lat' dir='ltr'><strong>et</strong></span> <span class='ocrx_word' id='word_1_1025' title='bbox 2866 5636 2973 5696; x_wconf 72' lang='lat' dir='ltr'><strong>non</strong></span> <span class='ocrx_word' id='word_1_1026' title='bbox 3009 5637 3147 5694; x_wconf 88' lang='lat' dir='ltr'><strong>mori</strong></span> <span class='ocrx_word' id='word_1_1027' title='bbox 3180 5637 3304 5690; x_wconf 75' lang='lat' dir='ltr'><strong>fecit</strong></span> <span class='ocrx_word' id='word_1_1028' title='bbox 3329 5651 3422 5690; x_wconf 90' lang='lat' dir='ltr'><strong>eos</strong></span> <span class='ocrx_word' id='word_1_1029' title='bbox 3444 5650 3572 5688; x_wconf 89' lang='lat' dir='ltr'><strong>cum</strong></span> 
     </span>
    </p>
   </div>
   <div class='ocr_carea' id='block_1_121' title="bbox 332 5705 3580 5781">
    <p class='ocr_par' dir='ltr' id='par_1_121' title="bbox 332 5705 3580 5781">
     <span class='ocr_line' id='line_1_124' title="bbox 332 5705 3580 5781; baseline -0.001 -21"><span class='ocrx_word' id='word_1_1030' title='bbox 332 5705 595 5781; x_wconf 66' lang='lat' dir='ltr'><strong>fratribus</strong></span> <span class='ocrx_word' id='word_1_1031' title='bbox 614 5705 1020 5781; x_wconf 61' lang='lat' dir='ltr'><strong>cortinufovea</strong></span> <span class='ocrx_word' id='word_1_1032' title='bbox 1049 5717 1228 5781; x_wconf 82' lang='lat' dir='ltr'><strong>autem</strong></span> <span class='ocrx_word' id='word_1_1033' title='bbox 1258 5709 1506 5781; x_wconf 77' lang='lat' dir='ltr'><strong>inquam</strong></span> <span class='ocrx_word' id='word_1_1034' title='bbox 1541 5709 1815 5781; x_wconf 84' lang='lat' dir='ltr'><strong>projecit._</strong></span> <span class='ocrx_word' id='word_1_1035' title='bbox 1865 5705 1942 5776; x_wconf 78' lang='lat' dir='ltr'><strong>(a)</strong></span> <span class='ocrx_word' id='word_1_1036' title='bbox 1970 5707 2171 5781; x_wconf 54' lang='lat' dir='ltr'><strong>A_.,§.,</strong></span> <span class='ocrx_word' id='word_1_1037' title='bbox 2199 5716 2259 5781; x_wconf 83' lang='lat' dir='ltr'><strong>et</strong></span> <span class='ocrx_word' id='word_1_1038' title='bbox 2274 5711 2546 5777; x_wconf 88' lang='lat' dir='ltr'><strong>captivum</strong></span> <span class='ocrx_word' id='word_1_1039' title='bbox 2578 5711 2754 5766; x_wconf 81' lang='lat' dir='ltr'><strong>duxit.</strong></span> <span class='ocrx_word' id='word_1_1040' title='bbox 2831 5712 2906 5781; x_wconf 71' lang='grc' dir='ltr'><strong>(ὁ)</strong></span> <span class='ocrx_word' id='word_1_1041' title='bbox 2941 5712 3029 5775; x_wconf 79' lang='grc' dir='ltr'><strong>Α.,</strong></span> <span class='ocrx_word' id='word_1_1042' title='bbox 3063 5717 3117 5763; x_wconf 90' lang='lat' dir='ltr'><strong>et</strong></span> <span class='ocrx_word' id='word_1_1043' title='bbox 3143 5707 3382 5776; x_wconf 84' lang='lat' dir='ltr'><strong>captivos</strong></span> <span class='ocrx_word' id='word_1_1044' title='bbox 3419 5707 3580 5762; x_wconf 86' lang='lat' dir='ltr'><strong>duxit</strong></span> 
     </span>
    </p>
   </div>
   <div class='ocr_carea' id='block_1_122' title="bbox 332 5775 2488 5846">
    <p class='ocr_par' dir='ltr' id='par_1_122' title="bbox 332 5775 2488 5846">
     <span class='ocr_line' id='line_1_125' title="bbox 332 5775 2488 5846; baseline 0 -14"><span class='ocrx_word' id='word_1_1045' title='bbox 332 5792 433 5832; x_wconf 82' lang='lat' dir='ltr'><strong>eos</strong></span> <span class='ocrx_word' id='word_1_1046' title='bbox 457 5776 651 5834; x_wconf 85' lang='lat' dir='ltr'><strong>lsmael</strong></span> <span class='ocrx_word' id='word_1_1047' title='bbox 673 5778 817 5834; x_wconf 87' lang='lat' dir='ltr'><strong>ﬁlius</strong></span> <span class='ocrx_word' id='word_1_1048' title='bbox 836 5775 1136 5846; x_wconf 72' lang='lat' dir='ltr'><strong>Natbanize,</strong></span> <span class='ocrx_word' id='word_1_1049' title='bbox 1175 5787 1227 5833; x_wconf 90' lang='lat' dir='ltr'><strong>et</strong></span> <span class='ocrx_word' id='word_1_1050' title='bbox 1254 5775 1386 5834; x_wconf 82' lang='lat' dir='ltr'><strong>abiit</strong></span> <span class='ocrx_word' id='word_1_1051' title='bbox 1420 5779 1485 5834; x_wconf 86' lang='lat' dir='ltr'><strong>ad</strong></span> <span class='ocrx_word' id='word_1_1052' title='bbox 1521 5775 2010 5835; x_wconf 40' lang='lat' dir='ltr'><strong>transeundum&#39;ad</strong></span> <span class='ocrx_word' id='word_1_1053' title='bbox 2044 5777 2184 5832; x_wconf 90' lang='lat' dir='ltr'><strong>ﬁlios</strong></span> <span class='ocrx_word' id='word_1_1054' title='bbox 2237 5775 2488 5833; x_wconf 78' lang='lat' dir='ltr'><strong>Ammon.</strong></span> 
     </span>
    </p>
   </div>
   <div class='ocr_carea' id='block_1_123' title="bbox 2987 5139 3650 5214">
    <p class='ocr_par' dir='ltr' id='par_1_123' title="bbox 2987 5139 3650 5214">
     <span class='ocr_line' id='line_1_126' title="bbox 2987 5139 3650 5214; baseline -0.009 -13"><span class='ocrx_word' id='word_1_1055' title='bbox 2987 5146 3061 5214; x_wconf 69' lang='grc' dir='ltr'><strong>(κ)</strong></span> <span class='ocrx_word' id='word_1_1056' title='bbox 3107 5147 3198 5209; x_wconf 83' lang='grc' dir='ltr'><strong>Λ.,</strong></span> <span class='ocrx_word' id='word_1_1057' title='bbox 3265 5161 3294 5199; x_wconf 87' lang='lat' dir='ltr'><strong>a</strong></span> <span class='ocrx_word' id='word_1_1058' title='bbox 3341 5145 3568 5214; x_wconf 82' lang='lat' dir='ltr'><strong>catenis.</strong></span> <span class='ocrx_word' id='word_1_1059' title='bbox 3643 5139 3650 5150; x_wconf 86' lang='grc'><strong>’</strong></span> 
     </span>
    </p>
   </div>
  </div>
