3902 6508
377 309 517 367 2571

385 425 635 478 tutinavit
657 420 848 478 lsmael
884 420 1028 476 ﬁlius
1046 420 1348 477 Natbaniae.
1379 429 1432 474 et
1459 420 1592 476 abiit
1619 430 1767 476 trans
1802 422 1940 477 ﬁlios
1968 429 2015 489 Α
2044 435 2129 484 eo,
2183 422 2204 488 1

382 507 637 573 Ammon.
683 516 768 570 11.
810 522 878 569 Et
920 514 1128 569 audivit
1169 513 1416 579 Johanan
1462 512 1605 569 ﬁlius
1640 514 1844 579 Corah,
1890 523 1945 568 et

383 626 573 667 omnes
597 609 865 681 principes
887 610 1189 677 potestatis,
1214 606 1305 677 qui
1329 621 1451 660 cum
1471 623 1556 671 eo,
1579 607 1761 661 omnia
1782 606 1941 670 mala,

384 717 507 766 qua:
545 700 672 756 fecit
702 698 893 755 lsmael
926 700 1066 753 ﬁlius
1093 697 1373 752 Nathauiaa
1410 718 1423 753 :
1455 699 1541 752 12.
1582 708 1634 752 et
1676 698 1949 753 duxerunt

384 794 565 848 omnia
586 800 764 848 castra
817 806 1028 854 eorum,
1071 800 1126 845 et
1151 790 1362 844 iverunt
1391 790 1456 845 ad
1486 789 1835 860 pugnandum
1880 803 1941 845 -ι-

385 890 648 941 adversus
669 898 793 938 eum
824 884 846 952 1
878 898 1000 936 cum
1021 881 1248 937 lsmaele
1270 883 1380 935 ﬁlio
1401 879 1700 944 Natlianiaa,
1723 890 1779 935 et
1799 881 1946 936 inve-

384 991 583 1036 nerunt
606 994 728 1035 eum
753 994 916 1048 super
934 993 1074 1047 aqua
1106 980 1295 1043 multa,
1322 980 1390 1044 ῖς(
1416 992 1537 1045 qua:
1568 974 1591 1043 1
1616 975 1672 1029 in
1701 974 1943 1031 Gabaon.

385 1075 470 1135 l5.
502 1070 568 1126 Et
602 1069 804 1125 factum
835 1078 939 1133 est,
978 1084 1101 1122 cum
1138 1068 1344 1124 videret
1364 1068 1548 1121 omnis
1583 1065 1833 1135 populus,
1854 1065 1947 1135 qui

383 1180 505 1218 enm
530 1161 754 1217 lsmaele
777 1158 1023 1214 Johauan
1057 1159 1225 1213 tilium
1260 1156 1461 1223 Corah,
1496 1168 1553 1211 et
1575 1170 1766 1211 omnes
1794 1155 1947 1225 prin-

382 1258 529 1325 cipes
561 1253 880 1324 potestatis,
910 1266 1031 1322 qua:
1057 1266 1180 1305 cum
1217 1264 1304 1316 eo,
1341 1249 1430 1304 14.
1464 1258 1519 1304 et
1568 1250 1767 1320 gravisi
1798 1259 1946 1312 sunt,

382 1357 435 1401 et
469 1347 746 1401 redierunt
779 1345 959 1399 omnis
1003 1343 1257 1414 populus,
1301 1357 1462 1412 quem
1493 1343 1763 1410 captivum
1794 1341 1950 1397 duxit

384 1440 575 1495 lsmael
607 1437 677 1509 (ε)
703 1453 765 1493 ex
802 1436 1045 1507 Maspbia
1076 1456 1087 1489 ε
1119 1444 1310 1490 etcum
1342 1435 1651 1500 rediissem,
1686 1442 1951 1489 venerunt

381 1530 448 1584 ad
479 1527 727 1583 Johanan
766 1525 936 1579 ﬁlium
971 1524 1171 1579 Corah.
1215 1524 1302 1578 15.
1355 1522 1547 1579 lsmael
1587 1530 1765 1578 autem
1806 1522 1951 1578 ﬁlius

380 1620 659 1676 Natbania
691 1619 995 1675 evasitcum
1013 1626 1137 1671 octo
1166 1616 1478 1671 hominibus
1506 1615 1576 1670 ab
1599 1622 1725 1670 ante
1755 1614 1948 1671 faciem

383 1710 649 1773 Johanan,
708 1716 763 1763 et
794 1708 928 1762 abiit
962 1708 1029 1761 ad
1077 1706 1219 1761 ﬁlios
1252 1705 1504 1760 Ammon.
1559 1706 1648 1759 16.
1693 1704 1760 1760 Ει
1809 1706 1951 1775 cepit

380 1800 626 1857 Johauan
650 1800 795 1855 filius
822 1798 1024 1863 Corah,
1044 1807 1100 1852 et
1130 1813 1319 1852 omnes
1347 1798 1619 1866 principes
1640 1773 1945 1866 potestatis,
1977 1773 2020 1828 Β

382 1896 474 1964 qui
510 1909 631 1949 cum
658 1908 744 1956 eo,
784 1906 973 1949 omnes
1011 1889 1267 1960 reliquias
1301 1888 1503 1959 populi,
1550 1903 1688 1957 quas
1734 1888 1949 1945 reduxit

382 1987 452 2042 ab
484 1984 711 2041 lsmaele
738 1986 804 2053 χ(
836 1982 948 2037 ﬁlio
970 1980 1250 2036 Nathanite
1269 1997 1335 2035 ex
1368 1979 1632 2050 Masphia,
1660 1989 1946 2051 postquam

381 2078 580 2133 occidit
625 2076 909 2131 Godoliam
948 2074 1118 2130 ﬁlium
1152 2074 1378 2128 Aliicam
1415 2072 1474 2140 1,
1516 2080 1764 2142 potentes
1802 2073 1947 2129 viros

383 2172 435 2225 in
459 2168 621 2233 bello,
652 2181 714 2222 ιθ
744 2176 797 2221 et
838 2165 861 2235 1
896 2165 1171 2229 mulieres,
1196 2173 1249 2217 et
1275 2164 1351 2231 (ά)
1385 2164 1664 2233 reliquias,
1687 2173 1741 2218 et
1772 2179 1946 2219 ennu—

380 2262 536 2326 chos,
578 2274 717 2330 quos
766 2258 979 2315 reduxit
1010 2272 1075 2311 ex
1112 2255 1354 2311 Gabaon.
1390 2256 1476 2310 17.
1510 2255 1572 2310 Et
1605 2257 1675 2327 (e)
1705 2256 1858 2321 abiit,
1893 2265 1948 2311 et

382 2354 522 2411 sedit
549 2353 601 2406 in
617 2361 758 2406 terra
774 2351 969 2405 Beroth
991 2349 1346 2414 Chamaham,
1370 2364 1494 2418 quae
1516 2348 1582 2402 ad
1609 2348 1943 2416 Bethlebem,

384 2456 443 2500 ut
490 2444 665 2499 abiret
708 2444 775 2496 ad
816 2438 1227 2509 ingrediendum
1284 2440 1339 2493 in
1377 2438 1690 2508 Egyptum,
1749 2440 1836 2495 18.
1878 2441 1947 2495 ab

382 2552 507 2595 ante
544 2538 740 2593 faciem
774 2533 1154 2590 Chaldaeorum
1177 2574 1192 2598 ,
1232 2533 1360 2602 quia
1394 2534 1698 2589 timuerunt
1721 2534 1789 2588 ab
1820 2544 1946 2589 ante

381 2633 572 2687 faciem
608 2644 799 2686 eorum
826 2646 840 2681 :
873 2627 999 2697 quia
1022 2626 1217 2682 occidit
1249 2624 1441 2681 lsmael
1473 2629 1539 2693 χ(
1572 2626 1716 2681 ﬁlius
1746 2624 1947 2682 Natha-

380 2727 484 2780 nias
536 2722 820 2778 Godoliam
856 2720 1023 2775 ﬁlium
1061 2719 1288 2774 Ahicam
1345 2718 1406 2785 1,
1456 2733 1618 2788 quem
1664 2720 1947 2775 constituit

380 2834 472 2873 rex
508 2816 798 2887 Babylonis
821 2815 876 2869 in
909 2822 1073 2869 terra.

446 2910 579 2980 Cap.
616 2906 768 2962 XLII.
804 2936 872 2946 —-
907 2906 958 2961 1.
985 2904 1052 2959 Ει
1078 2913 1429 2961 accesserunt
1460 2919 1651 2960 omnes
1674 2905 1944 2975 principes

378 2999 681 3071 potestatis,
732 3005 787 3052 et
837 2994 1084 3051 Johanan
1126 2994 1267 3049 ﬁlius
1318 2993 1531 3058 Corah,
1579 3003 1632 3050 et
1682 2992 1940 3051 Jezaniah

1538 306 1765 364 CODEX
1804 303 2462 362 SYBO-HEXAPLARIS.

3471 300 3605 368 257i
3620 296 3621 299 ‘

2262 432 2315 476 et
2352 436 2566 476 omnem
2602 421 2855 491 populum
2898 436 2927 474 a
2968 436 3135 491 parvo
3166 436 3341 493 usque
3374 423 3443 478 ad
3488 440 3605 479 ma-

2051 530 2237 584 gnum,
2262 515 2312 570 9.
2342 524 2395 570 et
2422 516 2557 570 dixit
2580 516 2658 569 eis
2680 513 2810 570 :Sic
2833 515 2969 569 dixit
2994 514 3256 570 Dominus
3276 514 3421 571 Deus
3442 515 3607 573 Israe-

2046 608 2133 676 lis,
2162 611 2227 677 Ἀ(
2276 609 2343 665 ad
2384 625 2545 679 quem
2576 608 2805 665 misistis
2835 623 2921 663 me
2956 608 3022 662 ad
3059 623 3206 672 eum,
3236 608 3303 662 ad
3334 607 3609 662 eﬂunden-

2046 703 2174 757 dum
2204 702 2641 770 deprecationem
2694 702 2753 771 (ί)
2793 702 2858 769 )9:
2886 715 3072 755 coram
3113 715 3179 755 eo
3212 702 3235 769 1
3270 717 3287 751 :
3320 701 3388 754 1ο
3435 698 3491 753 Si
3529 714 3610 755 se-

2047 795 2225 851 dendo
2262 794 2512 849 sederitis
2540 794 2592 847 in
2638 803 2780 847 terra
2815 793 2934 857 hac,
2966 794 3129 847 etiam
3176 792 3457 847 aediﬁcabo
3493 806 3610 856 vos,

2045 896 2099 941 et
2124 900 2228 940 non
2273 886 2570 951 destruam,
2604 896 2658 940 et
2696 872 2950 956 plantabo
2978 901 3097 950 vos,
3122 895 3178 941 et
3217 900 3326 939 non
3352 885 3611 949 evellam;

2049 978 2121 1049 (Κ)
2152 978 2279 1049 quia
2325 979 2569 1048 acquievi
2600 993 2763 1048 super
2804 976 2984 1043 malis,
3017 992 3140 1047 qua:
3169 976 3280 1032 dixi
3318 976 3383 1029 ad
3414 976 3615 1037 facien-

2047 1072 2174 1124 dum
2204 1071 2376 1124 vobis.
2411 1070 2495 1125 11.
2546 1069 2623 1123 Ne
2667 1069 2904 1125 timeatis
2941 1068 3009 1123 ab
3049 1078 3176 1123 ante
3236 1067 3429 1123 faciem
3475 1070 3612 1138 regis

2050 1162 2353 1234 Babylonis,
2374 1162 2532 1231 cujus
2549 1177 2646 1217 vos
2666 1161 2867 1216 timetis
2896 1160 2965 1215 ab
2984 1170 3107 1215 ante
3124 1159 3319 1215 faciem
3350 1161 3473 1229 ejus
3504 1177 3519 1213 :
3549 1176 3611 1214 ne

2049 1256 2285 1311 timeatis
2315 1259 2381 1325 κ(
2405 1255 2473 1310 ab
2489 1269 2554 1310 eo
2586 1257 2642 1325 1,
2673 1254 2801 1308 dicit
2834 1252 3127 1317 Dominus;
3154 1254 3283 1324 quia
3314 1268 3439 1307 cum
3463 1251 3616 1306 vobis

2048 1361 2150 1416 ego
2183 1361 2325 1411 sum,
2371 1346 2434 1415 (ι)
2479 1346 2545 1400 ad
2578 1344 2914 1414 eripiendum
2948 1358 3066 1409 vos,
3104 1355 3158 1400 et
3196 1344 3262 1398 ad
3294 1344 3613 1398 salvandum

2050 1452 2148 1492 vos
2188 1452 2220 1493 e
2250 1452 2414 1492 manu
2456 1438 2551 1507 (m)
2576 1451 2788 1491 eorum.
2829 1434 2914 1489 12.
2942 1434 3009 1489 Et
3038 1436 3179 1490 dabo
3207 1436 3363 1490 vobis
3403 1435 3615 1490 miseri-

2050 1528 2313 1593 cordiam,
2338 1538 2392 1585 et
2417 1529 2716 1585 miserebor
2747 1529 2932 1591 vestri,
2965 1530 3045 1599 (η)
3076 1537 3130 1583 et
3151 1527 3404 1584 reducam
3435 1544 3535 1582 vos
3565 1528 3616 1582 in

2053 1628 2255 1674 terratn'
2272 1630 2527 1677 vestram.
2574 1622 2659 1676 15.
2695 1622 2761 1676 Et
2789 1622 2835 1676 si
2866 1620 3045 1676 dicitis
3079 1636 3176 1675 vos
3219 1636 3231 1670 :
3266 1617 3385 1674 Non
3407 1620 3619 1676 sedebi-

2052 1729 2175 1767 mus
2208 1714 2265 1768 in
2306 1721 2448 1768 terra
2486 1713 2606 1777 hac,
2641 1712 2777 1767 adeo
2805 1721 2858 1766 ut
2901 1726 3006 1766 non
3035 1711 3271 1766 audiatis
3289 1725 3480 1764 vocem
3513 1709 3619 1765 Do-

2050 1803 2182 1856 mini
2230 1802 2323 1857 Dei
2356 1804 2548 1867 nostri,
2586 1802 2671 1855 14.
2700 1802 2943 1857 dicentes
2983 1820 2996 1855 :
3031 1800 3105 1872 (ο)
3128 1799 3285 1867 Quod
3327 1800 3384 1854 in
3421 1812 3612 1855 terram

2050 1894 2267 1966 Egypt]
2314 1894 2698 1966 ingrediemur,
2738 1903 2927 1949 etnon
2960 1894 3266 1949 videbimus
3312 1895 3529 1959 bellum,
3558 1906 3609 1949 et

2049 2002 2232 2042 vocem
2266 1986 2341 2057 (p)
2372 1987 2512 2041 tubae
2534 2002 2638 2041 non
2667 1986 2969 2049 audiemus,
2989 1996 3042 2040 et
3070 2001 3239 2055 panes
3259 2000 3374 2040 non
3404 1986 3614 2040 esurie-

2048 2097 2169 2135 mus
2200 2088 2289 2135 :et
2314 2080 2386 2134 ibi
2433 2079 2821 2134 habitabimus.
2854 2079 2938 2133 15.
2980 2078 3046 2132 Et
3067 2080 3135 2147 Χ
3172 2095 3320 2134 nunc
3349 2080 3373 2149 1
3400 2088 3618 2150 propter

2049 2173 2150 2228 hoc
2174 2173 2353 2227 audite
2385 2172 2549 2227 verba
2576 2170 2811 2235 Domini,
2843 2173 2908 2239 χ(
2932 2172 3174 2241 reliquis:
3198 2170 3401 2226 Iudaeae
3440 2173 3463 2240 1
3494 2188 3507 2224 :
3546 2171 3618 2241 (ᾳ)

2050 2264 2139 2320 Sic
2164 2265 2318 2333 idiin
2367 2264 2632 2321 Dominus
2680 2267 2745 2334 Χ
2786 2266 3045 2319 virtutum
3100 2266 3244 2319 Deus
3287 2264 3508 2320 lsraelis
3547 2265 3616 2333 1:

2048 2358 2103 2411 Si
2133 2372 2227 2412 vos
2264 2361 2331 2426 ῖς(
2369 2358 2549 2413 dando
2595 2359 2619 2427 1
2656 2358 2912 2413 dederitis
2952 2356 3145 2412 faciem
3172 2366 3409 2413 vestram
3453 2362 3525 2428 Χ
3552 2360 3618 2416 ad

2046 2447 2452 2516 ingrediendum
2486 2448 2589 2517 1iu
2636 2446 2943 2518 .anptum,
2986 2457 3040 2501 et
3065 2447 3398 2502 intraveritis
3430 2448 3501 2519 (r)
3551 2450 3615 2502 ad

2047 2539 2394 2596 habitandum
2418 2541 2514 2605 ibi,
2539 2540 2621 2594 16.
2656 2549 2710 2595 et
2734 2541 2855 2605 erit,
2886 2540 3031 2610 quod
3066 2540 3297 2610 gladius,
3323 2556 3487 2610 quem
3522 2556 3617 2596 vos

2047 2637 2247 2689 timetis
2272 2634 2340 2688 ab
2368 2642 2493 2689 ante
2514 2633 2706 2688 faciem
2737 2633 2877 2703 ejus,
2908 2635 2975 2701 31(
2999 2633 3071 2687 ibi
3102 2634 3125 2701 1
3160 2634 3397 2687 inveniet
3425 2647 3525 2689 vos
3552 2636 3617 2703 Χ

2047 2728 2098 2781 in
2129 2737 2271 2781 terra
2312 2727 2334 2796 1
2364 2724 2614 2796 Egypti;
2648 2736 2703 2781 et
2736 2724 2928 2790 fames,
2964 2727 3120 2795 cujus
3142 2742 3240 2780 vos
3270 2728 3412 2781 ratio
3442 2729 3509 2798 (ς)
3534 2737 3617 2782 est

2043 2818 2197 2873 vobis
2224 2818 2284 2887 (ι)
2316 2819 2385 2872 ab
2406 2828 2529 2872 ante
2549 2818 2741 2873 faciem
2767 2818 2907 2887 ejus,
2937 2820 3005 2886 Χ
3039 2818 3109 2873 ibi
3141 2819 3164 2887 1
3205 2818 3285 2886 (ιι)
3316 2819 3615 2887 apprehen-

2044 2912 2133 2966 det
2162 2924 2260 2965 vos
2287 2910 2340 2964 in
2370 2908 2622 2981 Egypto,
2661 2920 2716 2965 et
2742 2911 2815 2965 ibi
2860 2911 3192 2972 moriemini,
3231 2911 3316 2965 17.
3354 2911 3421 2965 Et
3459 2922 3615 2967 erunt

2044 3017 2234 3057 omnes
2257 3001 2380 3065 viri,
2403 3002 2493 3086 qui
2524 3010 2826 3071 posuerunt
2859 3002 3051 3057 faciem
3073 3017 3226 3055 suam
3264 3002 3330 3070 χ(
3347 3003 3412 3056 ad
3437 3002 3616 3073 ingre-

379 3094 522 3149 tiiius
552 3092 615 3163 (0
636 3091 861 3156 Ηοεωω,
886 3097 941 3144 et
963 3087 1143 3142 omnis
1179 3087 1410 3156 populus
1445 3101 1475 3140 a
1503 3101 1670 3155 parvo
1692 3093 1745 3142 et
1770 3102 1943 3157 usque
1969 3107 2011 3164 α
2043 3093 2299 3147 diendum
2338 3094 2359 3163 1
2403 3092 2458 3147 in
2492 3102 2695 3147 terram
2742 3093 2981 3165 )Egypti,
3024 3095 3089 3149 ad
3130 3094 3489 3150 habitandum
3517 3095 3610 3167 ibi,

377 3188 443 3241 ad
479 3199 757 3256 magnum,
797 3181 854 3241 2.
880 3190 935 3235 et
981 3180 1239 3235 dixerunt
1283 3178 1350 3235 ad
1384 3177 1676 3233 Jeremiam
1708 3179 1941 3249 prophe-

376 3287 485 3329 tam
527 3297 538 3329 :
573 3273 745 3329 Cadat
786 3274 853 3340 Χ
908 3283 1055 3326 nunc
1102 3269 1123 3338 1
1166 3267 1476 3337 deprecatio
1522 3276 1707 3323 nostra
1755 3282 1942 3323 coram

377 3369 516 3422 facie
537 3374 627 3421 tua
653 3404 673 3432 ,
702 3375 756 3419 et
783 3379 879 3418 ora
912 3366 979 3431 )t(
1000 3377 1098 3431 pro
1117 3360 1275 3417 nobis
1305 3362 1327 3430 1
1354 3360 1419 3415 ad
1454 3360 1742 3415 Dominum
1770 3360 1947 3416 Deum

375 3471 551 3525 tuum,
586 3471 684 3527 pro
718 3453 960 3523 reliquiis
995 3452 1078 3507 his
1129 3469 1144 3504 :
1188 3451 1312 3520 quia
1350 3452 1523 3507 relicti
1554 3466 1746 3506 sumus
1784 3453 1942 3521 pauci

376 3555 444 3607 de
474 3550 681 3613 multis,
704 3548 844 3603 sicut
863 3545 1005 3602 oculi
1029 3544 1105 3598 tui
1131 3542 1315 3600 vident
1338 3557 1457 3597 nos.
1489 3543 1542 3597 5.
1569 3541 1633 3596 Et
1654 3544 1942 3599 annuutiet

376 3644 533 3700 nobis
563 3641 823 3696 Dominus
845 3637 986 3691 Deus
1019 3645 1144 3690 tuus
1176 3636 1340 3699 viam,
1373 3649 1482 3704 qua
1531 3647 1721 3689 eamus
1766 3634 1820 3687 in
1853 3649 1938 3697 ea,

374 3748 428 3793 et
462 3734 702 3797 verbum,
733 3730 877 3801 quod
920 3729 1205 3785 faciamus.
1235 3726 1291 3781 4.
1331 3725 1393 3779 Ει
1420 3726 1556 3780 dixit
1596 3726 1678 3780 eis
1708 3724 1941 3781 Ieremia

375 3827 633 3898 propheta
688 3842 702 3879 :
756 3821 974 3885 Audivi,
1020 3833 1146 3875 ecce
1186 3833 1288 3889 ego
1344 3817 1515 3874 orabo
1542 3816 1609 3871 ad
1653 3817 1939 3873 Dominum

377 3924 544 3977 Deum
566 3929 836 3981 nostrum,
852 3917 1006 3986 juxta
1023 3915 1184 3971 verba
1199 3923 1379 3970 vestra
1404 3932 1419 3968 :
1435 3925 1489 3969 et
1510 3913 1619 3979 ﬁet,
1644 3918 1711 3981 χ(
1728 3930 1891 3969 omne
1912 3915 1934 3983 1

372 4013 623 4076 verbum,
689 4009 836 4080 quod
882 4007 1229 4078 respondebit
1278 4005 1542 4061 Dominus
1588 4010 1657 4076 ῖς(
1687 4007 1840 4062 vobis
1880 4007 1933 4074 1,

372 4105 705 4165 :mnuntiabo
762 4104 935 4170 vobis,
996 4118 1106 4157 non
1160 4103 1347 4158 celabo
1398 4118 1427 4156 a
1478 4102 1636 4158 vobis
1686 4103 1933 4159 verbum.

373 4203 426 4253 ῖς.
460 4200 527 4255 Et
572 4200 678 4270 ipsi
719 4199 975 4253 dixerunt
1013 4194 1260 4251 Ieremize
1293 4212 1307 4248 :
1348 4195 1433 4251 Sit
1470 4195 1736 4251 Dominus
1779 4196 1937 4252 nobis

373 4296 427 4348 in
456 4301 646 4349 testem
676 4292 751 4362 (g)
778 4290 985 4361 justum
1017 4300 1071 4345 et
1092 4289 1324 4355 ﬁdelem,
1360 4289 1406 4344 si
1437 4304 1564 4351 non,
1590 4289 1745 4358 juxta
1774 4303 1936 4343 omne

371 4386 619 4448 verbum,
646 4383 792 4455 quod
846 4381 1060 4437 miserit
1102 4390 1155 4436 te
1202 4381 1461 4436 Dominus
1483 4384 1549 4449 χ(
1580 4380 1723 4436 Deus
1746 4387 1873 4435 tuus
1908 4380 1928 4447 1

2042 3182 2293 3239 deﬁcient
2326 3185 2381 3237 in
2409 3185 2609 3255 gladio,
2638 3194 2690 3240 et
2713 3185 2766 3239 in
2799 3184 2963 3251 fame,
3001 3187 3069 3252 ὶε(
3097 3195 3151 3239 et
3177 3185 3255 3256 (ε)
3282 3186 3334 3239 iu
3368 3196 3541 3240 morte
3562 3187 3611 3254 1,

2043 3286 2097 3330 et
2133 3290 2241 3330 non
2267 3276 2369 3330 erit
2406 3291 2468 3330 ex
2515 3278 2595 3332 eis
2635 3291 2701 3331 ne
2740 3277 2957 3346 quidem
3000 3277 3167 3331 homo
3195 3278 3270 3347 (gl
3291 3288 3346 3332 et
3380 3293 3488 3332 non
3517 3280 3612 3349 qui

2043 3369 2237 3423 evadet
2261 3385 2291 3423 a
2322 3370 2499 3436 malis,
2523 3385 2647 3439 quae
2670 3384 2770 3440 ego
2795 3370 2992 3425 induco
3023 3385 3187 3441 super
3207 3385 3321 3425 eos.
3357 3370 3443 3425 18.
3474 3371 3611 3438 Quia

2043 3463 2122 3513 sic
2139 3460 2275 3513 dixit
2304 3458 2566 3514 Dominus
2589 3459 2853 3513 virtutum
2887 3459 3031 3516 Deus
3064 3459 3277 3517 lsraelis
3315 3481 3328 3516 :
3360 3463 3514 3516 Sicut
3538 3464 3613 3533 (ι)

2043 3549 2264 3604 stillavit
2296 3550 2448 3604 furor
2479 3566 2655 3615 meus,
2698 3552 2768 3619 χ
2803 3560 2857 3606 et
2899 3553 2975 3606 ira
3014 3567 3132 3607 mea
3180 3554 3202 3622 1
3253 3568 3422 3623 super
3468 3554 3617 3610 babi-

2042 3651 2219 3697 tantes
2266 3642 2319 3695 in
2347 3640 2671 3706 Jerusalem,
2707 3644 2790 3698 sic
2828 3643 3054 3699 stillabit
3075 3642 3233 3701 furor
3256 3661 3415 3701 meus
3453 3663 3619 3716 super

2042 3749 2160 3798 vos,
2192 3748 2317 3789 cum
2344 3734 2570 3804 ingressi
2596 3735 2732 3789 estis
2759 3735 2814 3789 in
2841 3734 3175 3806 Egyptum:
3208 3747 3262 3792 et
3277 3738 3435 3793 eritis
3460 3738 3537 3809 (α)
3560 3740 3617 3794 in

2041 3825 2384 3890 deletionem,
2413 3834 2468 3880 et
2508 3825 2832 3895 subjecti,et
2862 3826 2916 3880 in
2959 3829 3413 3894 maledictionem,
3452 3842 3509 3885 et
3559 3832 3617 3886 in

2041 3918 2435 3988 opprobrium,
2504 3927 2557 3972 et
2614 3932 2724 3972 non
2807 3918 3061 3975 videbitis
3131 3921 3365 3991 amplius
3431 3923 3619 3979 locum

2042 4008 2205 4074 hunc,
2268 4009 2350 4065 19.
2413 4008 2509 4079 (b)
2567 4009 2709 4078 quod
2766 4009 2979 4065 locutus
3040 4020 3124 4066 est
3179 4010 3443 4069 Dominus
3522 4030 3620 4071 su-

2040 4113 2136 4167 per
2173 4112 2271 4153 vos
2312 4098 2560 4154 residuos
2577 4097 2748 4163 Iudae,
2786 4115 2854 4155 ne
2887 4100 3262 4171 ingrediamini
3318 4103 3372 4157 in
3417 4102 3619 4175 Egyp-

2040 4200 2156 4245 tum
2220 4210 2235 4245 :
2308 4200 2364 4247 et
2427 4207 2577 4247 nunc
2653 4193 3034 4263 cognoscendo
3100 4196 3487 4265 cognoscetis,
3548 4202 3618 4267 Χ

2025 4274 2183 4351 quod
2215 4291 2555 4338 contestatus
2584 4298 2706 4338 sum
2728 4299 2825 4339 vos
2845 4285 3007 4340 hodie
3031 4302 3044 4352 ;
3072 4285 3145 4342 20
3172 4289 3299 4357 quia
3327 4291 3349 4359 1
3378 4290 3451 4360 (ε)
3480 4293 3619 4345 male

2039 4373 2243 4428 fecistis
2275 4372 2328 4427 in
2361 4374 2559 4429 animis
2584 4375 2800 4441 vestris,
2835 4379 2902 4443 >ε<
2934 4378 3030 4447 qui
3064 4393 3163 4433 vos
3198 4380 3221 4448 1
3258 4380 3495 4436 misistis
3531 4398 3620 4436 me

373 4478 438 4533 ad
479 4492 580 4533 nos
612 4445 687 4531 ita
709 4474 1018 4531 fecerimus.
1049 4473 1101 4528 6.
1148 4472 1271 4528 Sive
1309 4473 1544 4559 bonum,
1566 4474 1681 4529 sive
1708 4473 1933 4537 malum,
1969 4445 2017 4506 υ
2041 4469 2107 4522 ad
2157 4466 2444 4522 Dominum
2480 4468 2647 4522 Deum
2692 4477 2958 4535 vestrum,
3000 4470 3242 4527 dicentes
3281 4490 3297 4529 :
3354 4474 3466 4529 Ora
3516 4491 3616 4544 pro

371 4586 561 4626 vocem
607 4561 831 4625 Domini
867 4565 961 4622 Dei
1016 4567 1211 4629 nostri,
1249 4581 1409 4636 quem
1435 4581 1535 4621 nos
1569 4566 1835 4619 mittimus
1887 4574 1939 4618 te

375 4665 442 4731 Χ
475 4662 543 4717 ad
572 4677 697 4716 eum
745 4663 765 4731 1
791 4702 805 4725 ,
836 4660 1139 4723 audiemus,
1175 4667 1235 4712 ut
1265 4659 1459 4713 melius
1488 4660 1579 4711 ﬁat
1607 4656 1763 4712 nobis
1790 4657 1938 4726 ,quia

372 4754 659 4811 audiemus
689 4769 877 4811 vocem
912 4752 1127 4807 Domini
1175 4750 1269 4804 Dei
1303 4749 1497 4805 nostri.
1540 4748 1589 4799 7.
1625 4747 1691 4803 Et
1736 4747 1941 4803 factum

373 4856 457 4900 est
487 4854 610 4915 post
637 4846 822 4901 decem
850 4846 991 4911 dies,
1026 4844 1229 4898 factum
1264 4850 1349 4897 est
1384 4841 1608 4897 verbum
1642 4839 1853 4894 Domini
1875 4840 1943 4895 ad

370 4938 684 4993 Jeremiam.
716 4939 768 4993 8.
814 4939 879 4992 Et
903 4937 1119 4993 vocavit
1149 4934 1226 5007 (Ii)
1255 4933 1501 4989 Johanan
1532 4935 1599 5000 )t(
1631 4932 1798 4986 ﬁlium
1831 4931 1937 4986 Co-

371 5031 470 5085 rah
499 5032 546 5099 1,
572 5032 704 5097 «ιχ
721 5043 910 5083 omnes
939 5028 961 5095 1
988 5029 1258 5099 principes
1284 5024 1587 5096 potestatis,
1616 5028 1680 5091 Ξῖ(
1703 5024 1794 5094 qui
1813 5040 1935 5079 cum

445 5210 514 5282 (e)
552 5209 696 5282 ﬁlius
733 5207 1040 5282 Niathanite.
1130 5208 1208 5277 (ά)
1250 5206 1507 5282 Infantes.

2039 4559 2199 4615 nobis
2216 4561 2281 4613 ad
2308 4558 2599 4615 Dominum
2628 4560 2798 4617 Deum
2821 4572 3069 4617 nostrum
3100 4582 3114 4616 :
3140 4574 3198 4618 et
3221 4564 3377 4634 juxta
3405 4570 3613 4631 omnia,

2038 4667 2162 4721 qua:
2201 4652 2417 4708 locutus
2456 4652 2624 4708 fuerit
2656 4654 2751 4709 tibi
2798 4655 3057 4710 Dominus
3105 4654 3247 4711 Deus
3295 4666 3502 4723 noster,
3536 4661 3618 4713 sic

2042 4746 2301 4800 annuntia
2356 4745 2536 4811 nobis,
2595 4758 2650 4804 et
2701 4748 2986 4804 faciemus.
3039 4748 3132 4801 21.
3184 4750 3248 4803 Et
3292 4752 3615 4805 annuntiavi

2042 4836 2197 4890 vobis
2247 4836 2430 4901 hodie,
2473 4848 2527 4892 et
2580 4854 2688 4893 non
2728 4840 3013 4895 audivistis
3051 4854 3234 4895 vocem
3273 4839 3486 4895 Domini
3521 4840 3617 4897 Dei

2043 4930 2227 4992 vestri,
2248 4932 2382 4996 xei
2402 4929 2558 4998 juxta
2583 4930 2826 5001 omnia1,
2845 4947 2968 5001 qum
3004 4933 3155 4989 misit
3180 4948 3266 4989 me
3294 4935 3361 4989 ad
3394 4950 3495 4991 vos
3514 4936 3616 5008 (ά).

2042 5023 2130 5077 22,
2170 5023 2235 5077 Ει
2268 5027 2496 5093 nutth
2531 5024 2714 5082 fuistis
2736 5037 3157 5094 cognoscentes,
3182 5028 3327 5097 quod
3360 5029 3382 5097 1
3422 5030 3478 5083 in
3502 5029 3618 5100 gla-

1614 5206 1682 5275 (el
1736 5205 1825 5268 A.,
1878 5204 2145 5270 abierunt,
2204 5215 2256 5259 et
2304 5205 2560 5277 sederunt
2613 5206 2667 5260 in
2719 5206 2970 5261 maceriis
3014 5205 3334 5273 Chamoabi,
3373 5223 3499 5277 quae
3549 5227 3614 5264 ex

372 5276 605 5355 adverso
638 5278 966 5355 Dethlehem.
1002 5277 1111 5355 S.‘,_
1137 5276 1261 5355 cum
1318 5278 1597 5355 abiissent,
1620 5278 1964 5355 Aliab-itarnunt
2011 5277 2064 5329 in
2098 5276 2663 5355 peregrinationibus,
2700 5276 2871 5355 iuncti,
2892 5293 3023 5355 quae
3048 5276 3508 5355 Chamnaquua:
3548 5297 3614 5333 ex

373 5352 603 5406 adverso
643 5349 976 5403 Bethlehem.
1051 5348 1119 5417 (Γ)

374 5422 443 5491 (k2
482 5424 570 5485 A.,
608 5421 689 5483 8.,
724 5420 851 5490 quia
882 5417 1348 5491 satisfactussum.

1168 5346 1447 5408 Hananiae,
1497 5357 1545 5401 et
1605 5347 1799 5400 Azaria
1851 5344 2011 5400 ﬁlius.
2092 5346 2167 5415 (g)
2200 5344 2291 5408 Α..
2333 5344 2416 5407 8.,
2466 5361 2675 5399 verum.

1429 5418 1489 5486 (ι)
1527 5421 1616 5480 Α.,
1655 5417 1721 5470 ad
1752 5431 1958 5470 servam

2044 5431 2217 5487 nvos,
2252 5425 2306 5469 et
2334 5417 2399 5471 ad
2446 5416 2823 5487 redimendum
2853 5433 2967 5472 vos.
3047 5418 3141 5487 (νη)
3174 5418 3328 5487 Ejus.

364 5486 424 5543 ex
452 5493 641 5546 sedere
664 5486 859 5547 faciam
889 5503 1003 5544 vos.
1081 5488 1153 5558 (0)
1184 5490 1274 5550 Α.,
1318 5487 1399 5548 S.,
1442 5503 1572 5554 non,
1604 5488 1697 5543 sed
1726 5488 1779 5541 in
1806 5497 2005 5558 terram
2025 5486 2262 5558 Egypti.

2756 5345 2833 5415 (Ii)
2881 5346 3138 5402 Ieremia.
3215 5351 3277 5414 (ἱ)
3336 5345 3611 5404 Vestram.

2343 5417 2399 5471 ad
2446 5414 2823 5470 redimendum
2853 5433 2967 5472 vos.
3047 5418 3141 5487 (νη)
3174 5418 3328 5487 Ejus.
3410 5414 3491 5490 (η)
3521 5421 3613 5479 Α..

2343 5490 2419 5556 (p)
2454 5486 2543 5554 Α.,
2566 5485 2653 5559 8.,
2683 5502 2879 5559 cornu.
2955 5490 3029 5559 (qi
3060 5487 3182 5543 llaec
3203 5490 3350 5544 dicit.
3432 5492 3505 5559 (τ)
3526 5493 3613 5551 Α.,

372 5564 438 5616 ad
468 5575 590 5617 esse
621 5562 955 5633 peregrinos.
989 5556 1173 5633 S.,ad
1194 5560 1675 5633 commorandum.
1755 5557 1821 5627 (δ)
1848 5556 1947 5633 Α..
1970 5557 2053 5633 8.,
2088 5556 2301 5633 solliciti
2322 5559 2475 5612 estis.
2555 5558 2619 5633 (ι)
2646 5558 2728 5612 Ad
2769 5556 3110 5633 fugiendum.
3191 5564 3271 5627 (ιι)
3304 5560 3390 5627 8.,
3423 5556 3619 5633 agglu-

371 5626 655 5710 tinabitur,
689 5626 1064 5710 adluerescens
1084 5628 1258 5710 vobis.
1337 5630 1414 5710 (τ)
1448 5628 1602 5692 S.,in
1629 5626 1800 5710 peste.
1882 5626 2077 5710 (y)_A..
2103 5628 2378 5710 residuus,
2410 5638 2463 5683 ct
2496 5629 2700 5710 salvti‘ts.
2800 5626 2985 5710 (30A,,
3009 5626 3216 5710 effusus
3237 5640 3340 5684 est.
3370 5702 3381 5710 _
3422 5626 3610 5710 (ᾳῖᾼη

372 5704 828 5765 rnaledictionem,
859 5711 914 5756 et
943 5702 996 5756 in
1020 5699 1227 5763 sterile,
1275 5710 1327 5754 ct
1348 5696 1401 5751 in
1425 5696 1846 5764 execrationem,
1884 5696 1935 5753 et

2044 5699 2409 5768 opprobrium.
2489 5697 2563 5769 (b)
2601 5696 2681 5762 8.,
2718 5698 2975 5757 verbum.
3043 5700 3115 5771 (ς)
3154 5700 3242 5767 Α.,
3286 5696 3619 5761 εεάυιίειίε.

372 5774 447 5844 td)
481 5773 545 5828 Ut
574 5774 946 5842 penitentiam
976 5770 1167 5844 agatis.
