3902 6536
243 489 388 544 2373

1454 493 1769 548 IEREMIzE
1809 492 2037 548 CAPUT
2079 493 2258 548 XLIV.

3340 499 3441 554 εὶῦἳ
3447 501 3482 554 -1

242 605 354 671 dio,
407 613 463 662 et
506 605 561 660 in
599 604 761 672 fame,
785 608 852 676 Χ
881 605 948 676 (ei
975 615 1029 662 et
1065 608 1116 662 in
1161 618 1335 664 morte
1378 612 1400 680 3
1437 609 1706 667 deficietis
1750 611 1806 664 in
1837 613 1884 670 Α
1910 611 2074 665 miam
2099 609 2178 680 (ιι)
2212 608 2278 664 ad
2308 624 2496 665 omnes
2521 610 2741 667 Iudices
2779 613 3086 666 habitantes
3109 615 3173 678 Χ
3203 611 3423 667 interra
3454 615 3496 680 3*

243 696 365 751 loco
384 696 510 762 hoc,
541 711 651 767 quo
686 712 783 752 vos
808 698 973 753 vultis
997 699 1202 769 ingredi
1239 700 1304 756 ad
1332 701 1682 757 habitandum
1718 701 1812 756 ibi.

313 787 450 857 Cap.
478 785 662 842 XLIII.
689 817 761 831 --
790 788 840 842 1.
873 787 938 842 Et
968 789 1168 845 factum
1201 800 1304 859 est,
1326 807 1450 847 cum
1485 793 1554 863 (ἶ)
1574 799 1817 848 cessaset

248 874 488 931 Ieremia
511 877 660 948 loqui
680 877 745 932 ad
769 880 837 948 Χ
856 891 1072 934 omnem
1102 881 1124 950 3
1157 882 1414 952 populum
1441 883 1623 938 omnia
1649 883 1816 938 verba

246 966 464 1021 Domini
498 965 590 1022 Dei
611 981 823 1034 eorum,
854 983 975 1039 qua
1003 971 1154 1025 misit
1181 970 1443 1027 Dominus
1459 971 1601 1028 Deus
1625 988 1814 1027 eorum

243 1060 312 1114 ad
350 1074 448 1115 eos
498 1060 681 1115 omnia
710 1061 876 1116 verba
923 1061 1069 1128 haec;
1115 1062 1168 1116 Ξ.
1201 1073 1256 1119 et
1284 1065 1420 1119 dixit
1449 1065 1646 1120 Azaria
1669 1066 1816 1122 ﬁlius

244 1151 474 1217 Hostem,
531 1161 586 1207 et
633 1152 884 1207 Johanan
936 1155 1079 1209 ﬁlius
1127 1153 1329 1222 Corah,
1374 1165 1425 1211 et
1473 1171 1664 1214 omnes
1712 1157 1815 1211 viri

242 1246 486 1316 superbi,
517 1248 591 1318 (g)
627 1247 868 1303 dicentes
890 1247 1140 1303 Ieremia:
1175 1264 1188 1300 :
1222 1247 1500 1304 Mendacia
1534 1257 1590 1304 tu
1623 1250 1814 1320 loque-

241 1337 320 1391 ris
353 1354 368 1391 :
421 1351 530 1392 non
583 1337 733 1393 misit
771 1347 822 1393 te
852 1338 1118 1400 Dominus
1167 1339 1308 1395 Deus
1347 1347 1536 1396 noster
1575 1340 1643 1396 ad
1689 1356 1809 1407 nos,

238 1425 428 1480 dicens
471 1444 486 1480 :
525 1423 604 1480 Ne
637 1426 1090 1498 ingrediaminiin
1132 1427 1425 1500 Egyptum
1464 1430 1531 1484 ad
1563 1429 1813 1485 habitan-

237 1516 368 1571 dum
399 1518 494 1572 ibi.
534 1517 589 1573 5.
632 1516 738 1573 Sed
787 1517 998 1573 Baruch
1040 1520 1183 1576 filius
1228 1519 1404 1575 Neria:
1445 1519 1522 1592 (It)
1553 1536 1814 1591 provocat

235 1616 290 1663 te
318 1608 585 1665 adversus
611 1625 731 1675 nos,
764 1619 825 1664 ut
851 1611 948 1666 des
980 1627 1079 1666 nos
1105 1612 1158 1666 in
1185 1628 1382 1668 manus
1403 1611 1808 1681 Chaldaeorum,

234 1700 302 1753 ad
344 1701 487 1755 mori
519 1700 827 1757 faciendum
853 1718 975 1767 nos,
1009 1712 1064 1759 et
1091 1705 1158 1759 ad
1195 1705 1587 1775 deportandum
1621 1723 1722 1763 nos
1754 1708 1808 1762 in

235 1788 587 1862 Babylonem.
615 1798 670 1847 4.
689 1792 756 1847 Et
778 1808 888 1848 non
921 1794 1130 1850 audivit
1153 1793 1402 1850 Iohanan
1432 1797 1576 1853 filius
1599 1797 1805 1863 Corah,

231 1891 284 1937 et
308 1896 504 1938 omnes
538 1883 814 1955 principes
843 1887 1147 1956 potestatis,
1171 1894 1227 1941 et
1255 1889 1324 1956 Χ
1354 1889 1538 1944 omnis
1574 1890 1810 1959 populus

231 1990 421 2030 vocem
485 1975 724 2041 Domini,
778 1978 843 2033 ad
897 1980 1251 2035 habitandum
1314 1981 1370 2035 in
1428 1987 1574 2036 terra
1630 1981 1803 2036 Iudae.
1844 1963 1885 2018 Β

230 2067 286 2121 5.
319 2065 386 2121 Et
435 2066 635 2122 sumsit
679 2065 928 2126 Iohanan
977 2071 1122 2128 filius
1171 2071 1376 2138 Corah,
1411 2080 1478 2144 Χ
1517 2086 1571 2131 et
1616 2089 1808 2133 omnes

229 2160 508 2231 principes
557 2164 842 2231 potestatis
884 2164 908 2233 3
955 2177 1148 2221 omnes
1188 2165 1438 2223 residuos
1477 2166 1666 2233 Iudae,
1712 2170 1803 2239 qui

229 2252 506 2307 redierant
551 2268 617 2308 ex
662 2256 730 2323 Χ
801 2255 1055 2312 omnibus
1094 2257 1368 2328 gentibus,
1422 2273 1532 2329 quo
1577 2260 1806 2330 dispersi

227 2346 482 2401 erant-ibi
519 2347 581 2418 3,
605 2348 673 2404 ad
707 2349 1058 2405 habitandum
1099 2352 1152 2405 iu
1181 2360 1321 2407 terra
1345 2351 1519 2416 Iudae,
1561 2355 1615 2408 6.
1659 2354 1807 2409 viros

227 2445 286 2492 et
307 2438 587 2505 mulieres,
615 2449 668 2496 et
688 2440 944 2507 infantes,
973 2448 1028 2496 et
1051 2442 1190 2498 filias
1219 2445 1385 2516 regis,
1410 2446 1471 2516 (ὅ)
1489 2453 1542 2501 et
1565 2445 1802 2510 animas,

227 2543 374 2600 quas
416 2530 635 2601 reliquit
694 2530 1057 2588 Nabuzardan
1099 2535 1352 2606 princeps
1404 2552 1704 2608 coquorum
1731 2537 1804 2608 (It)

225 2635 356 2675 cum
386 2618 613 2677 Godolia
657 2622 770 2677 lilio
797 2623 1025 2679 Abicam
1071 2624 1182 2680 lilio
1213 2623 1458 2697 Saphan,
1479 2639 1534 2683 et
1559 2632 1626 2698 Χ
1649 2629 1738 2682 τὸν
1779 2631 1800 2698 3

223 2712 520 2769 Ieremiam
547 2715 888 2786 prophetam,
917 2724 970 2771 et
992 2719 1060 2787 Χ
1088 2717 1182 2772 τὸν
1209 2719 1232 2789 3
1259 2717 1473 2775 Baruch
1505 2721 1676 2775 filium
1699 2719 1806 2776 Ne-

226 2811 324 2866 ria:
355 2826 367 2861 :
397 2810 448 2865 7.
479 2811 541 2881 (ι)
568 2818 621 2866 et
654 2820 922 2866 venerunt
959 2812 1016 2867 in
1043 2819 1244 2867 terram
1276 2809 1517 2883 Egypti,
1537 2813 1666 2884 quia
1695 2830 1804 2869 non

226 2892 1011 2968 audiveruntvocem’Domini,
1042 2911 1096 2957 et
1119 2912 1388 2958 venerunt
1411 2903 1508 2974 (τη)
1541 2905 1595 2958 in
1624 2905 1806 2974 Tapb-

224 2995 410 3050 nas.8.
445 2991 508 3048 Et
533 2994 735 3050 factum
777 3007 860 3052 est
893 2996 1118 3051 verbum
1162 2995 1376 3052 Domini
1421 2998 1488 3053 ad
1512 2996 1804 3054 Ieremiam

211 3076 284 3140 in
326 3079 611 3157 Taphnas,
631 3088 819 3144 dicens
853 3107 866 3142 :
898 3089 952 3143 9.
989 3088 1160 3143 Sume
1199 3089 1295 3144 tibi
1343 3089 1445 3158 ipsi
1475 3090 1553 3162 (π)
1592 3091 1802 3161 lapides

226 3193 478 3250 magnos,
500 3188 554 3234 et
582 3179 852 3235 absconde
872 3195 967 3235 eos
993 3182 1061 3249 Χ
1082 3179 1156 3250 (ο)
1175 3181 1230 3236 in
1256 3180 1468 3237 olnt-ina
1497 3183 1728 3238 lateritia
1755 3185 1802 3254 3,

225 3287 353 3340 quae
411 3282 537 3327 ante
594 3282 780 3342 portas
817 3273 1015 3328 domus
1077 3271 1379 3330 Pharaonis
1426 3275 1480 3330 in
1525 3273 1802 3345 Tapbnas,

224 3381 417 3420 coram
480 3366 655 3423 oculis
694 3368 938 3424 virorum
987 3366 1161 3424 Iudae.
1207 3367 1294 3423 10.
1326 3369 1392 3425 Et
1434 3369 1584 3427 dices
1628 3373 1698 3440 Χ
1737 3375 1804 3426 ad

225 3472 323 3513 eos
362 3459 386 3527 3
419 3472 432 3508 :
470 3456 562 3512 Sic
582 3457 718 3512 dixit
753 3459 1018 3515 Dominus
1042 3459 1305 3515 virtutum
1346 3460 1490 3515 Deus
1537 3460 1754 3518 Israelis
1787 3479 1809 3518 τε

224 3550 368 3605 Ecce
395 3563 496 3619 ego
532 3549 707 3616 mitto,
734 3557 788 3606 et
831 3551 905 3622 (p)
935 3553 1130 3608 ducam
1164 3557 1230 3621 Χ
1255 3553 1344 3607 τὸν
1378 3555 1401 3624 3
1442 3551 1810 3611 Nabuchodo-

226 3655 485 3696 nosorem
510 3656 689 3712 regem
724 3641 1018 3714 Babylonis
1050 3661 1267 3700 servum
1298 3661 1501 3711 meum,
1523 3655 1576 3702 et
1605 3651 1679 3718 (ᾳ)
1714 3662 1810 3716 ρο-

227 3743 320 3789 net
347 3734 416 3803 (r)
446 3733 642 3789 solium
676 3735 796 3805 ejus
827 3751 993 3807 supra
1025 3737 1230 3806 lapides
1273 3739 1390 3802 hos,
1419 3753 1556 3808 quos
1590 3739 1660 3809 (ε)
1687 3741 1810 3794 abs-

226 3827 545 3894 condidisti,
593 3826 658 3898 (t)
709 3838 764 3884 et
805 3829 1034 3885 elevabit
1093 3845 1245 3884 arma
1295 3845 1394 3885 sua
1439 3844 1604 3900 super
1663 3846 1807 3888 eos:

225 3922 317 3978 11.
353 3929 408 3976 et
451 3921 804 3992 ingredietur,
845 3931 901 3978 et
944 3923 1211 3992 percutiet
1262 3925 1329 3990 Χ
1369 3923 1468 3992 τὴν
1527 3925 1551 3993 3
1607 3932 1805 3979 terram

224 4010 466 4084 Egypti,
496 4013 618 4080 bos,
644 4013 736 4084 qui
765 4015 818 4068 in
847 4021 1098 4078 mortem,
1125 4014 1177 4067 in
1205 4022 1458 4078 mortem,
1484 4023 1540 4068 et
1567 4015 1685 4080 hos,
1709 4015 1806 4084 qui

225 4103 282 4157 in
332 4103 805 4174 demigrationem,
845 4104 922 4175 (ιι)
971 4104 1027 4158 in
1073 4104 1550 4175 demigrationem,
1597 4106 1803 4171 ethos,

226 4189 322 4264 qui
368 4195 423 4249 in
472 4195 733 4265 gladium,
791 4196 843 4250 in
885 4195 1144 4267 gladium.
1188 4197 1276 4252 12.
1316 4198 1381 4252 Et
1423 4199 1502 4267 (ω)
1554 4199 1807 4255 incendet

227 4286 411 4357 ignem
444 4287 500 4342 in
533 4287 788 4342 domibus
808 4288 1036 4344 deorum
1072 4290 1148 4360 (ῃ)
1184 4303 1398 4355 eorum,
1435 4299 1488 4345 et
1516 4290 1806 4345 comburet

225 4395 345 4445 eos,
378 4381 454 4450 (ι)
481 4390 535 4437 et
558 4380 868 4451 deportabit
897 4397 1012 4447 eos,
1037 4379 1114 4452 (a)
1147 4390 1202 4438 et
1227 4383 1480 4452 exquiret
1503 4387 1571 4452 Χ
1599 4394 1803 4439 terram

227 4470 448 4545 [Egypti
489 4474 550 4543 3,
576 4472 721 4529 sicut
762 4473 1004 4543 exquirit
1048 4483 1234 4540 pastor
1285 4483 1489 4530 vestem
1535 4490 1713 4540 suam,
1753 4484 1806 4529 et

225 4565 400 4620 exibit
435 4567 503 4634 Χ
541 4565 663 4620 inde
691 4566 713 4633 3
739 4565 792 4618 in
825 4580 977 4635 pace.
1006 4566 1092 4620 15.
1125 4565 1192 4620 Ει
1219 4577 1464 4623 conteret
1490 4569 1564 4638 (ὁ)
1593 4570 1802 4624 colum-

1915 703 2153 775 Egypti,
2189 712 2243 758 et
2278 702 2613 759 sedentesin
2654 703 2888 774 Magdol,
2920 712 2970 758 et
3002 702 3058 756 in
3099 701 3402 772 Thahphis,
3428 714 3485 759 tt

1914 794 1967 848 in
2018 792 2303 863 Memphis,
2354 802 2408 848 et
2457 792 2514 848 in
2556 802 2696 848 terra
2727 792 2984 857 Pathros.
3009 793 3198 848 dicens
3241 811 3255 848 :
3300 793 3354 848 2.
3390 793 3484 849 Sic

1913 884 2054 940 dixit
2082 884 2345 940 Dominus
2368 885 2634 940 virtutum
2666 882 2810 939 Deus
2834 883 3050 946 Israelis
3080 900 3095 936 :
3134 884 3244 940 Vos
3268 884 3483 941 vidistis

1914 979 2098 1035 omnia
2137 979 2298 1042 mala,
2329 993 2454 1048 qua
2474 976 2664 1032 induxi
2701 991 2862 1046 super
2891 976 3212 1042 Jerusalem,
3240 989 3294 1033 et
3317 991 3484 1048 super

1915 1073 1983 1140 Χ
2007 1085 2198 1125 omnes
2233 1070 2256 1138 3
2297 1069 2458 1123 urbes
2484 1066 2640 1122 Iudae
2678 1086 2693 1120 :
2726 1076 2782 1121 et
2817 1082 2944 1122 ecce
2968 1076 3097 1124 sunt
3134 1069 3365 1125 deserta!
3415 1072 3482 1137 Χ

1912 1161 2001 1216 die
2029 1161 2131 1214 hoc
2163 1161 2186 1229 3
2212 1159 2280 1214 ab
2315 1157 2764 1221 inhabitantibus,
2797 1158 2851 1212 3.
2889 1158 3111 1213 abante
3142 1158 3340 1214 faciem
3362 1173 3484 1212 ma-

1913 1254 2042 1309 litia:
2083 1266 2298 1316 eorum,
2323 1265 2488 1322 quam
2524 1250 2772 1305 fecerunt
2813 1251 2879 1304 ad
2911 1251 3340 1306 exacerbandum
3374 1267 3480 1316 me,

1912 1361 2037 1402 eum
2059 1344 2274 1399 iverunt
2294 1344 2362 1398 ad
2387 1342 2732 1407 adolendum,
2771 1344 2839 1410 Χ
2866 1340 2935 1412 (e)
2968 1352 3021 1396 et
3053 1342 3118 1395 ad
3149 1342 3481 1412 operandam

1917 1441 1940 1510 3
1969 1439 2074 1494 diis
2109 1438 2251 1500 aliis,
2274 1450 2412 1504 quos
2438 1451 2545 1490 non
2575 1435 2906 1504 cognovistis
2930 1438 2996 1502 Χ
3027 1433 3132 1504 ipsi
3160 1449 3278 1499 vos,
3307 1442 3362 1488 et
3389 1448 3487 1504 pa-

1911 1540 2021 1586 tres
2059 1530 2223 1584 vestri
2271 1529 2326 1598 3.
2359 1528 2411 1582 4.
2443 1526 2510 1580 Et
2532 1526 2654 1580 misi
2687 1526 2755 1580 ad
2788 1540 2887 1580 vos
2919 1528 2986 1594 Χ
3010 1539 3202 1579 omnes
3232 1526 3256 1596 3
3289 1537 3480 1580 servos

1912 1636 2085 1687 meos,
2117 1621 2412 1691 prophetas
2444 1621 2496 1673 in
2538 1617 2828 1681 matutino,
2863 1627 2916 1671 et
2943 1615 3091 1678 misi,
3123 1617 3314 1670 dicens
3348 1631 3363 1669 :
3405 1611 3485 1668 Ne

1914 1717 1980 1783 Χ
2003 1727 2147 1768 nunc
2184 1714 2206 1783 3
2249 1712 2459 1768 faciatis
2492 1725 2630 1781 opus
2670 1710 2741 1780 (ί)
2775 1709 3261 1764 contaminationis‘
3299 1708 3484 1778 huius.

1912 1822 2077 1878 quam
2109 1806 2220 1861 odi.
2241 1805 2294 1859 5.
2324 1804 2389 1859 Et
2411 1819 2516 1858 non
2539 1803 2869 1858 audiverunt
2889 1816 2996 1865 me,
3027 1815 3126 1855 nec
3153 1799 3496 1854 inclinarunt-

1912 1911 2098 1951 aurem
2121 1909 2298 1959 suam,
2326 1895 2392 1949 ad
2425 1891 2802 1948 revertendum
2828 1906 2858 1945 a
2896 1889 3099 1944 malitia
3129 1904 3249 1953 sua,
3281 1899 3341 1943 ut
3375 1898 3494 1942 nona

1912 1988 2186 2044 adolerent
2209 1987 2314 2040 diis
2342 1986 2483 2040 aliis.
2509 1985 2562 2039 6.
2608 1984 2675 2038 Et
2717 1981 2942 2037 stillavit
2969 1981 3050 2035 ira
3076 1996 3219 2042 mea.
3242 1991 3298 2034 et
3331 1979 3486 2032 furor

1911 2095 2088 2144 meus,
2119 2087 2174 2134 et
2201 2080 2405 2134 exarsit
2425 2080 2478 2132 in
2503 2076 2675 2148 portis
2703 2073 2876 2141 Iudae,
2905 2077 2981 2145 (9)
3003 2083 3059 2130 et
3080 2082 3233 2129 extra
3262 2071 3488 2126 Ierusa-

1910 2172 2015 2228 lem
2049 2190 2062 2227 :
2095 2181 2149 2228 et
2183 2171 2338 2228 facta:
2385 2181 2516 2226 sunt
2537 2171 2593 2225 in
2633 2170 3048 2232 desolationem,
3073 2175 3128 2222 et
3157 2166 3232 2237 (It)
3278 2168 3333 2220 in
3376 2181 3484 2220 non

1910 2265 2177 2335 pervium,
2195 2264 2334 2318 sicut
2355 2264 2473 2318 dies
2497 2262 2604 2317 hic.
2638 2262 2692 2316 7.
2716 2263 2780 2316 lit
2806 2275 2947 2315 nunc
2965 2260 3048 2315 sic
3063 2258 3199 2314 dixit
3225 2257 3487 2313 Dominus

1912 2358 1979 2424 Χ
2019 2355 2160 2410 Deus
2200 2357 2222 2424 3
2250 2353 2484 2410 Sabaoth
2515 2353 2654 2408 Deus
2679 2352 2895 2408 Israelis
2931 2369 2945 2406 :
2974 2352 3158 2418 Quare
3185 2364 3284 2404 vos
3306 2347 3496 2403 facitis

1909 2448 2048 2502 mala
2075 2462 2267 2517 magna
2289 2461 2453 2516 super
2477 2445 2764 2500 animabus
2787 2443 3026 2499 vestris?
3053 2441 3117 2513 (ἰ)
3141 2441 3208 2496 ad
3229 2438 3488 2496 exciden-

1908 2539 2036 2594 dum
2067 2553 2097 2594 a
2117 2537 2269 2592 vobis
2292 2537 2466 2592 virum
2486 2543 2541 2591 et
2567 2536 2876 2598 mulierem,
2911 2531 3174 2587 infantem
3197 2539 3254 2585 et
3279 2529 3485 2584 lactari-

1910 2640 2016 2685 tem
2047 2629 2116 2684 de
2141 2630 2321 2684 medio
2365 2627 2539 2693 Iudae,
2581 2629 2718 2682 adeo
2775 2635 2836 2680 ut
2885 2640 2992 2679 non
3029 2623 3369 2692 relinquatur
3413 2635 3486 2675 ex

1909 2722 2064 2778 vobis
2092 2736 2161 2776 ne
2181 2720 2400 2790 quidem
2433 2721 2618 2784 homo,
2645 2719 2698 2772 8.
2728 2717 2802 2787 (It;
2837 2717 2905 2771 ad
2929 2713 3374 2770 exacerbandum
3398 2725 3487 2764 me

1909 2814 1964 2868 in
1995 2813 2254 2884 operibus
2287 2825 2546 2868 manuum
2574 2821 2904 2874 vestrarum,
2927 2809 2994 2864 ad
3034 2806 3357 2863 adolendnm
3379 2806 3488 2863 diis

1907 2907 2031 2963 aliis
2085 2908 2140 2962 in
2182 2915 2328 2961 terra
2366 2904 2605 2976 Egypti,
2658 2903 2720 2973 (ι)
2767 2918 2878 2972 quo
2921 2904 2989 2971 Χ
3028 2915 3126 2958 vos
3175 2902 3200 2971 3
3252 2900 3484 2971 ingressi

1907 3000 2040 3056 estis
2073 2999 2140 3054 ad
2173 2997 2528 3054 habitandum
2567 2996 2640 3052 ibi
2667 3013 2682 3065 ;
2708 3004 2768 3051 ut
2791 2993 3144 3057 excidamini,
3175 3002 3228 3047 et
3253 3000 3314 3047 ut
3341 2990 3490 3045 ﬁatis

1909 3093 1963 3148 in
1993 3091 2447 3154 maledictionem,
2476 3097 2534 3146 et
2555 3090 2610 3144 in
2640 3088 3023 3159 opprobrium,
3055 3087 3119 3152 Χ
3149 3086 3204 3138 in
3227 3083 3486 3138 omnibus

1914 3186 1936 3254 ζ
1977 3185 2227 3254 gentibus
2261 3195 2438 3240 terrae.
2462 3183 2517 3239 9.
2552 3182 2694 3238 Num
2734 3180 2890 3236 obliti
2915 3182 3046 3235 estis
3077 3192 3174 3234 vos
3213 3178 3483 3232 malorum

1910 3285 2127 3347 patrum
2179 3287 2507 3343 vestrorum,
2551 3284 2606 3331 et
2661 3276 2926 3330 malorum
2978 3287 3167 3342 regum
3212 3269 3390 3335 Iudae,
3432 3277 3492 3324 et

1915 3367 2184 3423 malorum
2221 3368 2511 3422 mulierum
2538 3374 2868 3429 vestrarum,
2897 3370 2952 3418 et
2980 3362 3249 3417 malorum
3273 3367 3486 3414 vestro-

1913 3476 2034 3516 rum
2073 3445 2129 3516 θί
2176 3462 2448 3516 malorum
2496 3458 2786 3514 mulierum
2831 3465 3153 3519 vestrarum,
3181 3468 3304 3524 qua
3345 3451 3492 3508 fece-

1911 3560 2040 3608 runt
2065 3553 2120 3607 in
2147 3559 2295 3608 terra
2324 3551 2497 3616 Iudae,
2532 3559 2588 3606 et
2618 3559 2771 3604 extra
2805 3544 3150 3603 Ierusalem?
3179 3545 3265 3600 10.
3291 3542 3358 3598 Et
3379 3559 3486 3597 non

1912 3645 2342 3714 conquieverunt
2392 3655 2568 3712 usque
2608 3642 2675 3696 ad
2711 3641 2855 3695 diem
2893 3640 3058 3702 hunc,
3093 3639 3157 3704 Χ
3192 3647 3244 3692 et
3282 3651 3392 3690 non
3418 3637 3490 3688 ti-

1911 3745 2167 3791 muerunt
2217 3734 2312 3807 (ut)
2352 3736 2398 3804 3,
2436 3745 2490 3789 et
2531 3749 2638 3788 non
2687 3732 3030 3787 adhmserunt
3064 3730 3272 3800 legibus
3325 3730 3488 3792 meis,-

1909 3838 1965 3884 et
2005 3820 2290 3898 praeceptis
2325 3826 2482 3891 meis,
2513 3839 2637 3896 quae
2665 3823 2790 3880 dedi
2817 3839 3004 3879 coram
3041 3821 3179 3877 facie
3203 3833 3405 3887 vestra,
3433 3831 3488 3875 et

1909 3934 2094 3975 coram
2122 3917 2261 3973 facie
2285 3925 2591 3973 vestrorum
2620 3924 2856 3986 patrum.
2892 3914 2979 3968 11.
3016 3912 3247 3982 Propter
3271 3913 3376 3968 hoc
3406 3914 3490 3969 sic

1909 4013 2048 4068 dixit
2101 4011 2366 4066 Dominus
2399 4011 2659 4065 virtutum
2712 4005 2855 4064 Deus
2900 4007 3156 4063 lsraelis:
3189 4005 3332 4061 Ecce
3384 4021 3488 4076 ego

1909 4114 2090 4160 statuo
2105 4104 2295 4159 faciem
2315 4117 2486 4158 meam
2501 4104 2568 4170 Χ
2582 4115 2747 4172 super
2756 4117 2852 4157 vos
2864 4102 2917 4156 iu
2931 4100 3094 4164 mala,
3110 4099 3176 4154 ad
3197 4097 3488 4154 delendum

1907 4213 2126 4253 omnem
2143 4195 2333 4252 Iudam
2357 4214 2370 4250 :
2392 4194 2479 4249 12.
2498 4204 2549 4250 et
2565 4203 2785 4250 sument
2806 4195 3057 4249 residuos
3081 4192 3238 4248 Iudae
3269 4195 3362 4262 qui
3395 4206 3490 4260 po-'

1907 4301 2132 4347 suerunt
2147 4293 2225 4361 (η)
2247 4305 2278 4344 a
2302 4289 2442 4344 facie
2454 4304 2550 4344 sua
2570 4287 2638 4343 ad
2656 4287 3065 4358 ingrediendum
3087 4289 3140 4341 in
3159 4294 3360 4342 terram
3386 4283 3484 4338 ΑΞ·-

1907 4384 2078 4454 gypti,
2093 4384 2160 4438 ad
2179 4381 2626 4438 commorandum
2645 4381 2741 4446 ibi,
2766 4389 2822 4436 et
2837 4380 2909 4452 (ο)
2924 4380 2990 4434 ad
3010 4377 3344 4448 perdendum
3359 4391 3482 4430 om—

1908 4490 2003 4530 nes
2040 4475 2062 4544 3
2091 4487 2155 4529 -t-
2183 4473 2431 4530 residuos
2462 4474 2484 4542 3
2511 4472 2605 4542 qui
2632 4471 2682 4526 in
2706 4469 2942 4542 Egypto
2965 4488 2979 4524 :
2999 4479 3054 4523 et
3072 4467 3268 4522 cadent
3289 4467 3342 4521 in
3368 4465 3486 4535 gla-

1905 4567 2017 4630 dio,
2041 4575 2096 4621 et
2127 4567 2178 4620 in
2208 4565 2350 4620 fame
2366 4574 2757 4620 consumentur
2787 4579 2817 4618 a
2850 4576 3019 4634 parvo
3048 4574 3221 4629 usque
3239 4559 3306 4613 ad
3333 4573 3487 4629 mag—

226 4671 331 4711 nas
359 4655 673 4726 Heliopolis,
702 4672 824 4725 quae
855 4658 1001 4724 Χ-ἰη
1027 4668 1168 4711 terra
1189 4657 1408 4729 Egypti
1442 4661 1502 4730 3,
1532 4670 1587 4716 et
1610 4660 1680 4731 (c)
1703 4661 1800 4715 do-
1835 4670 1878 4725 ι)
1904 4674 2066 4724 num,
2116 4667 2170 4713 et
2200 4662 2264 4725 Χ
2302 4659 2356 4711 in
2393 4656 2606 4728 gladio,
2651 4664 2705 4711 et
2748 4657 2801 4709 in
2848 4654 2990 4709 fame
3024 4653 3327 4707 morientur
3371 4653 3396 4722 3
3435 4660 3490 4706 et

224 4763 379 4802 mum
413 4747 638 4802 deorum
671 4762 862 4802 eorum
895 4749 1178 4802 comburet
1216 4749 1268 4802 in
1306 4749 1447 4820 igne.

295 4841 428 4910 Cap.
449 4839 631 4895 XLIV.
647 4841 757 4896 -1
781 4838 1066 4907 .Verhum,
1083 4840 1228 4910 quod
1250 4841 1453 4896 factum
1472 4843 1642 4897 estad
1655 4840 1806 4898 Iere-

323 4999 393 5082 (e)
429 4997 512 5062 8.,
565 5007 646 5082 et“
673 5001 726 5054 in
783 5008 947 5082 peste.

223 5071 542 5134 Dominum,
594 5071 871 5123 dixerunt.

1051 4997 1119 5069 (1)
1182 4997 1270 5069 Α..
1320 4998 1660 5054 absolvisset.

979 5067 1169 5140 (10A,,
1207 5067 1295 5140 _S.,
1353 5070 1540 5124 incitat
1570 5077 1663 5140 ἐς.

221 5213 299 5281 (p)
357 5209 448 5275 A.,
514 5209 595 5275 S.,
665 5226 899 5265 sumam.
1007 5209 1080 5279 (q)
1136 5209 1239 5275 Α.,
1302 5226 1521 5281 ponam.

220 5282 534 5336 scalistron.
599 5282 688 5334 ΤΟ
753 5281 1206 5334 ΣΚΑΛΙΣΤΡΟΝ.

222 5353 330 5406 nisi
358 5351 548 5406 eadem
584 5353 655 5406 sit
683 5367 806 5406 cum
842 5351 1226 5422 σκαλιστήριον
1249 5347 1571 5417 {sarculum
1611 5350 1698 5418 (‘).
1775 5350 1807 5422 _(l

1910 5359 1924 5402 t
1951 5356 2115 5422 p_on_et
2143 5347 2306 5422 etiam
2332 5360 2484 5422 arma
2536 5359 2820 5422 suasuper
2847 5359 2963 5422 eos.

1641 5409 1720 5489 (x)
1752 5409 1807 5472 Α.

1916 5409 2333 5482 .{inilammaho
2355 5417 2558 5489 ignem.
2636 5409 3238 5489 (ειμι,8.,-Ᾰῇιῄιριίί,Δ
3277 5409 3486 5489 “.(ι)ᾼ“.,

971 5481 1047 5560 (ἀ)
1081 5491 1169 5553 Α.,
1191 5481 1290 5556 ’8.,
1320 5502 1374 5545 et
1396 5481 1658 5554 excutiet‘
1678 5481 1836 5544 bolos
1867 5481 2109 5559 Egypti,
2136 5481 2596 5560 quemadmodum
2636 5481 2930 5560 versantur
2956 5481 3105 5560 ‘boli._'
3174 5482 3247 5550 (υ)
3273 5481 3379 5560 Α.,·

1197 5550 1287 5623 8..
1323 5564 1533 5616 domos.
1595 5552 1690 5630 ’(νά)
1732 5561 1807 5622 Α.1

1910 5550 2104 5614 οἷιὶἰήό
2137 5550 2330 5630 super.
2397 5559 2467 5630 (ε)
2518 5557 2610 5630 ᾼη
2643 5566 2698 5630 et
2735 5557 2809 5630 ad
2841 5553 3258 5630 factitandum."
3299 5551 3366 5620 (ί)
3400 5550 3492 5630 8.,

221 5633 674 5689 abominationis.
752 5632 827 5702 (g)
860 5626 1121 5702 S.,'etin
1175 5633 1386 5700 plateis.
1464 5631 1541 5700 (It)
1603 5626 1692 5693 Α.,
1727 5631 1810 5691 8.,
1853 5626 2223 5702 inexilium:
2277 5626 2342 5702 (_i)

221 5423 624 5492 captivitatem.
704 5423 783 5486 (x)
815 5420 905 5486 Α.,
939 5420 1367 5492 8.,θιίωρῑινοε
1386 5423 1562 5474 ducet.

223 5493 313 5553 S.,
351 5501 407 5546 et
435 5493 682 5555 captivos
711 5493 894 5545 ducet.

221 5573 438 5617 statuas
467 5559 868 5616 Domus-Solis.
957 5559 1037 5631 (c)
1065 5562 1152 5625 A.,

1769 4997 1846 5067 (g)
1884 4995 1987 5062 Qui
2016 4994 2294 5067 _dixerunt
2347 4993 2595 5067 Ieremia:
2635 5013 2648 5046 :

1741 5059 1972 5144 (ἱὶἈῖη
2000 5065 2176 5144 8.,‘et
2202 5080 2418 5144 omnem
2437 5065 2694 5144 animam.
2772 5059 2960 5144 (10‘s.,
2993 5059 3168 5144 “apud
3201 5060 3484 5144 Godoliam

220 5141 421 5195 filium.
500 5140 562 5206 (ι)
591 5139 658 5193 Et
691 5133 995 5194 intraruntf
1036 5133 1154 5278 ἐντι)
1194 5133 1291 5205 S.,'
1315 5155 1488 5209 usque
1517 5138 1582 5193 ad
1604 5133 1807 5208 Taph'n:

221 5213 299 5279 (p)
357 5209 448 5275 A.,
514 5209 595 5275 S.,
665 5226 899 5265 sumam.
1007 5210 1059 5279 (q
1150 5209 1239 5275 A.,
1302 5226 1521 5278 ponam.
1635 5211 1706 5279 (r)
1771 5208 1807 5261 S

1956 5139 2032 5203 (η)
2073 5134 2162 5199 Α.,
2204 5133 2286 5198 S.,

1913 5208 2140 5279 solium:
2230 5209 2286 5279 ,μ

1910 4757 2072 4803 erunt
2118 4748 2194 4818 (p)
2226 4749 2280 4802 in
2310 4748 2640 4817 juramenta.
2691 4755 2744 4801 et
2793 4746 2846 4799 in
2891 4743 3274 4815 perditionem,
3323 4752 3379 4796 et
3425 4744 3479 4796 iu

1912 4839 2368 4903 maledictionem,
2405 4846 2460 4892 et
2501 4839 2556 4892 in
2601 4836 2976 4908 opprobrium.
3020 4833 3104 4888 I3.
3151 4832 3216 4886 Et
3253 4833 3486 4888 visitabo

2723 4990 2979 5061 Supplica
3035 5005 3136 5061 pro
3213 4991 3384 5061 nobis
3421 4989 3486 5043 ad

2853 5134 2928 5202 (0)
2987 5130 3075 5198 3.,
3120 5134 3176 5187 in
3235 5130 3485 5186 occultis.

2689 5201 3006 5258 abscondidi
3032 5241 3048 5265 ,
3113 5211 3168 5258 et
3241 5203 3494 5255 extendet

2352 5136 2404 5188 in
2454 5149 2618 5189 manu
2665 5143 2773 5187 tua.

1913 5208 2133 5260 solium.
2249 5206 2320 5276 (ε)
2372 5204 2460 5268 Α.,
2488 5275 2493 5276 ν
2521 5203 2604 5269 8.,

1269 5270 1410 5350 (Vox
1456 5270 1652 5335 Graaca‘
1689 5270 1807 5331 'EKi

1916 5277 2162 5341 ΣΤΡΟΝ,
2203 5270 2317 5350 -Ιίἰό
2378 5275 2580 5344 posita,
2651 5275 2870 5329 incerta;
2902 5274 3193 5350 milii‘est.
3221 5270 3490 5350 optionis,

3039 5343 3118 5413 (tt)
3152 5340 3354 5413 Reliqui
3387 5358 3400 5393 :
3420 5341 3496 5413 in

3174 5482 3247 5550 (υ)
3273 5480 3379 5543 Α.,·
3405 5481 3443 5533 s

2433 5619 2469 5691 .,
2507 5619 2606 5691 8.,
2627 5628 2694 5682 ad
2726 5627 3035 5681 delendum.
3115 5621 3188 5692 (lt)
3219 5619 3304 5685 S.,
3344 5622 3496 5691 quod

221 5706 290 5757 ad
322 5707 454 5758 iram
488 5692 938 5772 provocatiE'me.
1017 5701 1080 5771 (ι)
1114 5692 1238 5756 Ubi.
1318 5705 1412 5771 (νη)
1442 5692 1533 5765 AI,
1563 5711 1616 5754 et
1663 5717 1770 5754 nou
1818 5700 2173 5772 ambularunt
2207 5698 2259 5772 in
2285 5692 2594 5772 legentes,
2618 5707 2673 5752 et
2705 5697 2758 5750 in
2790 5693 3010 5750 statutis
3042 5694 3197 5747 meis.
3275 5692 3354 5762 (ll)
3391 5692 3486 5751 Α.,

224 5774 310 5842 8.,
357 5769 572 5829 faciem.
650 5774 836 5843 (o)A.,
864 5771 984 5837 Th.,
1009 5769 1405 5828 censutncntur
1438 5788 1650 5827 omnes.
1690 5772 1764 5840 (ρ)
1800 5810 1807 5822 .

1916 5771 1970 5824 in
1995 5769 2200 5834 sterile,
2231 5769 2282 5822 iu
2328 5769 2786 5823 tualedictionem.

275 5879 278 5882 ’
302 5893 364 5960 ξ’)
405 5888 706 5962 Utrumque
741 5905 966 5958 prorsus
993 5891 1230 5946 alienum
1254 5901 1339 5945 est
1365 5907 1393 5943 a
1420 5899 1570 5946 textu
1600 5891 1852 5946 hebraico
1868 5889 1967 5962 qui
1981 5888 2140 5943 habet
2153 5895 2365 5951 ninam,
2394 5887 2671 5962 lentorium
2690 5883 3040 5962 splendidum,
3064 5883 3279 5951 regium.
3307 5879 3495 5935 Funus

225 5956 598 6033 reponendum
621 5956 718 6016 est
741 5956 864 6016 cum
907 5962 1290 6029 Schleusnero,
1321 5965 1738 6034 σκεπαστήριον,
1770 5979 1807 6017 γε

1910 5961 2043 6031 .υ]ιιδ
2073 5975 2309 6031 syncope
2343 5957 2706 6028 σκέπαςτρον.
2754 5956 2958 6010 υίυιιιι.
