3902 6530
405 477 544 532 2575

1560 477 1783 533 cont-3x
1828 476 1900 528 S\
1917 459 2498 529 tto-uenenum:

3495 476 3628 530 9.576

407 609 570 664 super
594 593 905 651 habitantes
933 598 1066 666 Χίιι
1093 608 1236 652 terra
1267 599 1301 667 ζ
1324 597 1724 668 ASgypti,sicut
1746 597 1961 652 visitavi
1993 600 2037 655 Α
2067 595 2133 650 ad
2159 595 2437 651 libandum
2469 594 2519 649 ei
2552 593 2804 648 libamina
2839 611 2852 647 :
2882 594 2959 664 (α)
2983 593 3348 663 permanendo
3378 609 3631 664 perman-

407 701 571 755 super
597 684 916 751 Jerusalem,
943 690 994 742 in
1018 690 1217 759 gladio,
1242 700 1295 744 et
1317 691 1368 743 in
1398 689 1561 754 fame,
1593 702 1646 744 et
1675 692 1728 744 in
1753 698 1924 744 morte
1949 705 1961 740 :

410 776 498 831 ιι.
539 777 611 846 (q)
649 787 837 832 etnon
871 779 1168 835 salvabitur
1188 796 1257 835 ne
1293 780 1511 849 quidem
1552 782 1712 835 homo
1751 796 1815 834 ex
1852 780 1968 833 reli-

407 867 549 936 quiis
575 865 747 932 Judae,
771 869 865 938 qui
887 880 1293 926 commorantur
1312 874 1378 940 Χ
1402 871 1474 925 ibi
1507 873 1529 940 ζ
1560 873 1613 924 in
1639 880 1781 924 terra
1801 869 1968 941 Egy-

2069 687 2216 742 sistis
2253 687 2307 740 in
2339 684 2779 741 confessionibus
2812 685 3028 750 vestris,
3067 693 3121 739 et
3151 683 3398 738 faciendo
3428 683 3630 738 fecistis

2067 789 2191 833 vota
2223 787 2424 833 vestra.
2475 776 2567 830 26.
2617 774 2839 846 Propter
2877 776 2980 831 hoc
3011 777 3197 831 audite
3237 777 3460 830 verbum
3521 777 3630 831 Do-

2068 870 2200 924 mini
2226 870 2405 924 omnis
2429 866 2637 933 Judaea,
2671 867 2923 922 sedentes
2951 868 3004 921 in
3029 877 3173 922 terra
3209 865 3428 939 Aigypti
3457 886 3469 920 :
3495 867 3632 923 Ecce

406 958 508 1026 pti,
537 956 607 1012 ad
634 959 990 1025 redeundum,
1047 963 1100 1016 in
1157 973 1353 1019 terram
1407 961 1582 1027 Iudae,
1607 977 1771 1032 super
1803 978 1963 1032 quatn
2063 958 2242 1030 juravi
2287 957 2341 1012 in
2391 957 2609 1013 nomine
2655 970 2778 1011 meo
2830 971 3045 1025 magno,
3091 955 3224 1010 dicit
3279 956 3541 1011 Dominus
3567 970 3628 1011 +-

408 1049 510 1117 ipsi
542 1061 764 1119 sperant
793 1053 1078 1109 animabus
1106 1056 1222 1110 suis
1263 1055 1330 1109 ad
1358 1053 1758 1118 revertendum,
1800 1052 1868 1107 ad
1897 1055 1966 1120 Χ

408 1134 762 1194 habitandum
790 1141 812 1210 ζ
838 1140 945 1196 ibi:
971 1158 1078 1196 non
1105 1150 1464 1206 revertentur,
1491 1143 1563 1211 (r)
1589 1142 1696 1197 nisi
1723 1142 1816 1212 qui
1840 1157 1969 1196 eva-

407 1226 598 1281 serint.
627 1228 712 1286 i5.
745 1231 809 1284 Et
829 1234 1227 1302 responderunt
1249 1231 1497 1287 Jeremiaa
1517 1247 1708 1288 omnes
1727 1232 1849 1295 viri,
1873 1234 1967 1302 qui

407 1329 697 1383 noverunt,
729 1321 872 1390 quod
905 1323 1182 1377 adolerent
1204 1323 1457 1378 mulieres
1485 1339 1674 1378 eorum
1701 1325 1806 1380 diis
1823 1325 1964 1388 aliis,

406 1417 461 1462 et
491 1424 681 1464 omnes
713 1412 966 1466 mulieres
1003 1416 1069 1480 Χ
1104 1421 1312 1468 stantes
1345 1415 1403 1482 ζ,
1429 1423 1603 1468 coetus
1632 1429 1882 1482 magnus,
1913 1423 1968 1467 et

406 1501 586 1556 omnis
609 1501 840 1570 populus
869 1503 1119 1558 sedentes
1140 1503 1193 1556 in
1221 1512 1363 1558 terra
1385 1503 1604 1574 Egypti
1635 1505 1688 1557 in
1715 1503 1966 1565 Pathros,

405 1592 649 1648 dicentes
678 1611 692 1646 :
730 1593 796 1647 16
829 1593 1085 1659 Verbum,
1120 1595 1265 1665 quod
1306 1597 1517 1652 locutus
1541 1611 1603 1653 es
1631 1597 1698 1652 ad
1738 1613 1837 1652 nos
1868 1613 1968 1652 no-

407 1686 553 1739 mine.
582 1683 816 1749 Domini,
871 1702 974 1741 non
1009 1688 1296 1744 audiemus
1329 1698 1413 1754 te;
1459 1689 1547 1745 17.
1581 1690 1840 1758 quoniam
1887 1689 1969 1743 fa-

406 1775 599 1831 ciendo
629 1774 892 1832 faciemus
919 1794 1083 1834 omne
1118 1780 1368 1842 verbum,
1397 1781 1543 1850 quod
1579 1779 1746 1835 exibit
1775 1795 1839 1834 ex
1873 1795 1968 1835 ore

407 1878 617 1936 nostro,
655 1871 723 1926 ad
753 1873 1078 1929 adolendum
1107 1875 1305 1944 reginae
1329 1875 1478 1940 cmli,
1501 1884 1555 1929 et
1588 1875 1654 1932 ad
1689 1874 1966 1930 libandum

405 1963 455 2016 ei
492 1961 772 2031 libamina,
805 1967 952 2036 quod
987 1965 1214 2022 fecimus
1236 1981 1358 2030 nos,
1385 1976 1440 2023 et
1468 1975 1650 2037 patres
1675 1967 1869 2030 nostri,
1913 1978 1966 2022 et

407 2067 562 2122 reges
601 2055 793 2119 nostri.
825 2063 879 2111 et
901 2056 1174 2126 principes
1212 2058 1401 2122 nostri,
1453 2060 1506 2112 in
1539 2057 1766 2113 urbibus
1791 2057 1963 2124 .ludaa,

405 2145 476 2214 (ι)
506 2155 561 2201 et
587 2155 737 2201 extra
761 2144 1058 2203 Jerusalem
1095 2166 1108 2201 :
1150 2157 1204 2202 et
1230 2149 1453 2205 saturati
1495 2163 1683 2202 sumus
1714 2150 1964 2219 panibus,

404 2247 461 2290 et
495 2235 620 2292 facti
655 2253 844 2294 sumus
887 2239 1037 2304 boni,
1081 2250 1136 2294 et
1177 2241 1318 2296 mala
1355 2255 1460 2294 non
1494 2240 1748 2295 vidimus.
1782 2241 1868 2295 18.
1902 2239 1968 2295 Et

405 2343 527 2382 cum
559 2328 893 2382 cessavimus
922 2327 1202 2384 adolentes
1226 2330 1423 2399 reginae
1441 2331 1585 2396 caeli,
1623 2333 1688 2398 Χ
1715 2340 1770 2386 et
1802 2331 1966 2386 libare

404 2419 453 2471 ei
486 2419 745 2473 libamina
779 2420 841 2490 ζ,
885 2419 1156 2474 imminuti
1199 2436 1390 2477 sumus
1423 2435 1635 2483 omnes,
1681 2434 1734 2476 et
1772 2422 1824 2476 iu
1853 2423 1966 2492 gla-

404 2506 518 2568 dio,
551 2516 604 2561 et
631 2508 685 2560 in
715 2510 853 2561 t‘ame
893 2506 1214 2564 defecimus.
1246 2509 1335 2565 19.
1365 2509 1434 2565 Et
1467 2512 1612 2582 quod
1647 2527 1750 2568 nos
1779 2513 1970 2568 adole-

407 2612 529 2652 mus
562 2597 760 2668 reginae
789 2599 932 2666 caeli,
962 2611 1015 2657 et
1033 2601 1266 2658 libamus
1289 2603 1338 2660 ei
1373 2604 1653 2669 libamina,
1687 2622 1817 2661 num
1849 2605 1968 2664 sine

407 2689 536 2746 viris
552 2691 752 2747 nostris
766 2691 996 2751 fecimus
1008 2694 1056 2750 ei
1073 2695 1368 2765 placentas,
1393 2701 1460 2767 Χ
1485 2701 1548 2769 (ι)
1567 2709 1621 2753 et
1635 2700 1804 2756 sobba
1829 2701 1894 2771 (‘)
1917 2700 1964 2770 ζ,

405 2789 459 2834 et
485 2779 774 2838 libavimus
792 2783 841 2838 ei
877 2784 1172 2840 libamina?
1201 2787 1290 2844 20.
1315 2787 1381 2844 Et
1405 2790 1539 2844 dixit
1561 2789 1793 2846 Ieremia
1818 2794 1966 2848 omni

409 2872 625 2943 populo,
657 2874 734 2946 (ιι)
765 2878 1093 2944 potentibus,
1129 2889 1183 2934 et
1217 2881 1556 2948 mulieribus,
1592 2895 1645 2938 et
1679 2885 1827 2938 omni
1871 2899 1969 2954 po-

409 2965 556 3033 pulo,
589 2968 684 3036 qui
713 2970 1110 3038 responderunt
1133 2973 1180 3026 ei
1215 2973 1398 3036 verba,
1427 2975 1614 3031 dicens
1647 2996 1658 3030 :
1688 2975 1750 3030 21
1779 2975 1968 3032 Nonne

405 3070 731 3125 aromatum,
749 3076 870 3130 qua:
883 3061 1194 3121 adolevistis
1217 3066 1269 3120 it.
1288 3067 1514 3123 urbibus
1536 3067 1709 3134 Judaz,
1733 3081 1789 3125 et
1814 3082 1967 3127 extra

403 3145 726 3214 Jerusalem,
764 3167 881 3214 vos,
913 3165 962 3208 et
1000 3166 1180 3224 patres
1219 3157 1402 3223 vestri,
1434 3168 1488 3214 et
1523 3176 1676 3231 reges
1703 3164 1890 3227 vestri,
1911 3173 1969 3220 et

2069 1051 2210 1107 Deus
2243 1051 2302 1119 ζ,
2336 1049 2382 1106 si
2413 1049 2518 1104 erit
2545 1047 2780 1118 amplius
2809 1063 3004 1102 nomen
3031 1063 3210 1102 meum
3240 1049 3628 1116 Xinvocatum

2073 1141 2172 1210 :in
2211 1155 2304 1196 ore
2325 1140 2508 1195 omnis
2531 1143 2598 1208 Χ
2639 1138 2740 1193 viri
2774 1140 2798 1208 ζ
2835 1136 2991 1192 Judaa
3017 1139 3085 1194 ad
3118 1139 3407 1194 dicendum
3437 1157 3452 1196 :
3491 1137 3630 1193 Vivit

2070 1232 2331 1288 Dominus
2369 1231 2633 1285 Dominus
2657 1229 2710 1284 in
2739 1229 2886 1284 omni
2924 1238 3071 1285 terra
3099 1229 3338 1301 Egypti.
3368 1229 3461 1284 27.
3486 1227 3632 1296 Quo-

2068 1324 2214 1377 niam
2252 1338 2378 1378 ecce
2412 1337 2514 1392 ego
2545 1320 2764 1390 vigilavi
2801 1335 2966 1390 super
2991 1335 3109 1384 eos,
3140 1321 3209 1375 ad
3249 1320 3390 1375 male
3431 1319 3636 1375 facieuo

2067 1413 2194 1469 dum
2221 1415 2320 1478 eis,
2340 1421 2395 1467 et
2420 1426 2526 1466 non
2550 1411 2618 1466 ad
2643 1411 2778 1466 bene
2801 1409 3106 1466 faciendum
3133 1430 3146 1464 :
3169 1419 3223 1466 et
3242 1421 3634 1467 consumentur

2067 1507 2247 1562 omnis
2286 1509 2353 1574 Χ
2382 1505 2464 1559 vir
2495 1501 2649 1558 Iuda
2683 1504 2744 1574 ζ,
2771 1503 2864 1572 qui
2889 1515 2954 1559 σι-
2983 1503 3287 1559 habitantes
3327 1505 3350 1572 ζ
3378 1504 3435 1558 in
3491 1513 3635 1558 terra

2070 1595 2310 1667 Egypti,
2349 1593 2404 1648 in
2441 1592 2642 1662 gladio,
2682 1600 2738 1645 et
2789 1590 2842 1644 in
2891 1588 3055 1655 fame,
3096 1591 3271 1646 donec
3310 1590 3632 1646 defecerint.

2066 1688 2156 1742 28.
2190 1685 2253 1741 Et
2281 1684 2374 1755 qui
2406 1683 2682 1738 evaserint
2708 1697 2736 1735 a
2771 1682 2971 1752 gladio,
3012 1690 3350 1736 revertentur
3383 1698 3449 1736 ex
3494 1693 3633 1736 terra

2068 1777 2302 1848 Egypti.
2331 1775 2386 1829 in
2409 1787 2606 1830 terrain
2635 1771 2804 1834 Judze,
2833 1775 2900 1840 Χ
2923 1772 3024 1825 viri
3057 1773 3079 1841 ζ
3114 1773 3270 1841 pauci
3301 1787 3551 1836 numero,
3582 1785 3636 1826 et

2068 1851 2398 1938 cognoscent
2424 1879 2615 1920 omnes
2649 1863 2854 1918 residui
2879 1861 3033 1917 Judze
3057 1862 3131 1932 (b)
3157 1863 3253 1932 qui
3279 1878 3626 1918 commoran-

2069 1967 2157 2014 tur
2186 1958 2239 2014 in
2265 1966 2409 2012 terra
2431 1954 2670 2028 Egypti,
2703 1955 2770 2010 ad
2803 1953 3156 2008 habitandum
3181 1953 3276 2019 ibi,
3309 1955 3379 2020 Χ
3408 1954 3628 2008 verbum

2067 2050 2222 2119 cujus
2261 2047 2622 2120 permanebit,
2663 2061 2692 2099 a
2731 2061 2838 2110 me,
2881 2053 2975 2098 aut
2995 2045 3064 2099 ab
3092 2045 3172 2100 eis
3203 2046 3255 2114 ζ,
3290 2045 3380 2100 29.
3424 2045 3491 2098 Et
3529 2046 3635 2100 hoc

2067 2138 2223 2192 vobis
2280 2137 2516 2205 signum,
2555 2133 2688 2188 dicit
2727 2133 3007 2195 Dominus,
3041 2135 3168 2204 quia
3239 2134 3478 2188 visitabo
3534 2150 3636 2203 ego

2067 2245 2228 2299 super
2258 2244 2353 2282 vos
2381 2231 2449 2296 Χ
2488 2228 2540 2281 in
2571 2227 2690 2281 loco
2722 2225 2826 2282 hoc
2851 2225 2944 2295 (ε),
2980 2234 3041 2279 ιιι
3075 2225 3283 2291 sciatis,
3320 2225 3468 2295 quod
3504 2239 3640 2280 con-

2067 2323 2308 2378 sistendo
2339 2320 2641 2376 consistant
2677 2318 2840 2373 verba
2872 2331 2990 2373 mea
3018 2331 3182 2386 super
3205 2331 3303 2372 vos
3339 2319 3362 2387 ζ
3394 2319 3446 2372 in
3471 2321 3635 2374 mala.

2066 2416 2156 2470 30.
2181 2413 2270 2469 Sic
2293 2413 2430 2468 dixit
2453 2411 2715 2467 Dominus
2749 2429 2763 2465 :
2787 2408 2927 2466 Ecce
2954 2424 3055 2480 ego
3074 2410 3145 2465 do
3191 2409 3533 2468 Pharaonem
3557 2415 3637 2483 (ά)

2066 2507 2302 2578 Ophram
2344 2519 2524 2574 regem
2557 2503 2776 2576 Egypti
2824 2504 2878 2558 in
2915 2519 3114 2558 manus
3155 2503 3362 2560 inimici
3393 2507 3542 2576 ejus,
3580 2516 3636 2560 et

2068 2597 2122 2650 in
2167 2609 2364 2648 manus
2399 2594 2758 2664 quaerentium
2782 2594 3021 2648 animam
3046 2592 3192 2664 ejus,
3221 2595 3366 2650 sicut
3385 2595 3511 2651 dedi
3536 2598 3637 2653 Se-

2066 2687 2274 2743 deciam
2311 2700 2491 2756 regem
2524 2683 2676 2740 Iudae
2712 2686 2766 2740 in
2818 2701 3040 2742 manum
3080 2686 3635 2746 Nabuchodonosoris

2069 2782 2214 2855 regis
2241 2780 2529 2853 Babylonis
2565 2779 2771 2837 inimici
2806 2780 2948 2851 ejus,
2973 2789 3027 2836 et
3058 2785 3355 2852 quaerentis
3396 2783 3631 2837 animam

2067 2892 2210 2946 ejus.

2134 2966 2268 3037 Cap.
2295 2964 2454 3021 XLV.
2487 2996 2555 3006 —
2585 2967 2634 3020 1.
2673 2966 2930 3031 Verbum,
2961 2966 3104 3036 quod
3137 2967 3357 3022 locutus
3381 2979 3465 3024 est
3488 2967 3631 3024 Jere-

2068 3060 2176 3114 mia
2207 3059 2469 3130 propheta
2497 3057 2564 3112 ad
2597 3057 2806 3112 Baruch
2839 3057 3008 3112 lilium
3028 3056 3224 3118 Neria.
3248 3060 3470 3128 quando
3505 3065 3634 3116 scri-

2067 3149 2173 3218 psit
2205 3149 2367 3205 verba
2400 3148 2516 3204 haec
2543 3147 2596 3202 in
2626 3148 2766 3203 libro
2797 3163 2863 3202 ex
2901 3165 2997 3204 ore
3024 3147 3273 3204 Ieremia:
3305 3152 3373 3219 (e)
3405 3152 3632 3226 inanno
3677 3195 3686 3205 .

406 3241 680 3311 principes
717 3245 901 3308 vestri,
934 3255 989 3304 et
1033 3249 1262 3318 populus
1292 3259 1466 3315 terra,
1508 3253 1576 3321 Χ
1603 3267 1788 3308 eorum
1823 3257 1844 3324 ζ
1881 3270 1967 3311 re.
1992 3267 2034 3323 C
2067 3253 2262 3312 quarto
2289 3239 2497 3296 Joacim
2530 3242 2623 3296 ﬁlii
2651 3241 2817 3297 Josia:
2856 3241 2998 3312 regis
3032 3239 3209 3306 Iudae,
3244 3247 3311 3309 Χ
3342 3242 3576 3311 dicens:
3615 3260 3630 3297 :

407 3330 664 3387 cordatus
695 3343 778 3388 est
818 3332 1104 3400 Dominus,
1135 3347 1192 3391 et
1216 3340 1457 3394 ascendit
1486 3356 1653 3411 super
1693 3358 1786 3396 cor
1809 3343 1967 3413 ejus?

407 3425 485 3488 (π)
517 3422 583 3488 Et
624 3438 734 3479 non
771 3425 945 3492 potuit
978 3425 1240 3483 Dominus
1281 3430 1516 3498 amplius
1552 3430 1692 3486 ferre
1737 3433 1805 3485 ab
1842 3443 1967 3488 ante

409 3515 604 3572 faciem
654 3517 872 3572 malitiae
909 3518 986 3589 (υ)
1021 3535 1244 3588 operum
1271 3531 1599 3587 vestrorum,
1637 3507 1692 3579 et
1723 3526 1790 3580 ab
1831 3527 1965 3581 abo-

408 3607 816 3674 minationibus,
843 3624 980 3679 quas
1004 3609 1207 3670 fecistis
1234 3650 1245 3661 .
1275 3619 1328 3664 et
1345 3609 1487 3667 facta
1508 3624 1592 3668 est
1621 3625 1765 3670 terra
1789 3625 1966 3674 vestra

407 3699 463 3760 in
491 3700 874 3765 vastationem,
908 3709 964 3755 et
994 3699 1047 3754 in
1085 3715 1194 3755 non
1229 3701 1438 3765 tritum,
1463 3711 1520 3757 et
1547 3702 1601 3757 iu
1633 3705 1968 3763 maledictio-

408 3806 554 3854 uem,
589 3796 654 3858 Χ
675 3807 741 3845 eo
774 3792 919 3861 quod
945 3808 1050 3847 non
1079 3793 1150 3852 sit
1183 3793 1432 3852 habitans
1462 3795 1516 3863 ζ,
1551 3796 1694 3850 sicut
1721 3797 1808 3853 die
1841 3797 1965 3865 hoc,

405 3883 497 3940 25.
515 3883 584 3940 ab
605 3893 730 3938 ante
752 3882 941 3938 faciem
964 3899 1175 3949 eorum,
1198 3898 1318 3954 qua:
1331 3885 1662 3953 adolevistis,
1680 3897 1732 3942 et
1755 3903 1964 3956 eorum,

407 3991 528 4045 qua:
549 3977 816 4045 peccastis
841 3975 1084 4030 Domino.
1115 3975 1180 4030 Et
1201 3992 1307 4030 non
1328 3976 1614 4034 audivistis
1645 3993 1830 4034 vocem
1863 3980 1968 4036 Do-

407 4065 562 4126 mini.
585 4066 711 4120 etin
741 4065 854 4134 lege
885 4064 1024 4133 ejus,
1047 4065 1169 4120 etin
1194 4068 1474 4136 przeceptis
1501 4068 1620 4136 ejus
1652 4070 1781 4123 etin
1815 4071 1968 4125 testi-

409 4153 607 4215 moniis
623 4150 745 4221 ejus
765 4168 877 4208 non
904 4151 1226 4225 aurbulastis
1251 4173 1264 4207 :
1283 4165 1333 4208 et
1352 4168 1566 4226 propter
1597 4155 1700 4211 hoc
1719 4167 1965 4211 assecuta

403 4252 646 4300 suntvos
666 4244 806 4297 mala
824 4245 957 4308 lucc,
979 4246 1044 4312 Χ
1063 4244 1203 4299 sicut
1219 4245 1303 4299 die
1323 4247 1424 4300 hoc
1443 4248 1488 4316 ζ.
1511 4245 1578 4309 24
1596 4245 1659 4301 Ει
1675 4247 1810 4302 dixit
1825 4246 1968 4304 Jere-

405 4336 514 4391 mia
544 4335 693 4389 omni
729 4336 946 4404 populo,
968 4338 1034 4404 Χ
1067 4346 1122 4390 et
1146 4335 1439 4406 omnibus:
1479 4337 1827 4394 mulieribus:
1851 4343 1964 4396 Au-

403 4423 515 4480 dite
539 4424 761 4478 verbum
780 4422 1010 4489 Domini,
1035 4426 1101 4494 Χ
1121 4427 1298 4480 omnis
1312 4424 1516 4492 Judaea,
1531 4429 1622 4499 qui
1641 4429 1694 4484 in
1712 4439 1853 4488 terra
1871 4429 1967 4485 IE-

403 4519 550 4587 gypti
573 4518 618 4585 ζ.
645 4517 736 4574 25.
770 4515 860 4572 Sic
879 4517 1013 4571 dixit
1039 4517 1300 4574 Dominus
1318 4519 1577 4574 virtutum
1609 4521 1750 4578 Deus
1788 4524 1964 4579 lsrae~

2065 3336 2121 3388 9..
2144 3333 2236 3388 Sic
2258 3335 2394 3390 dixit
2421 3333 2684 3390 Dominus
2706 3333 2848 3390 Deus
2872 3334 3082 3388 lsraclis
3104 3349 3267 3404 super
3290 3345 3362 3398 te,
3383 3332 3592 3389 Barueh
3612 3355 3628 3388 ε

2066 3426 2118 3480 5.
2152 3424 2344 3481 Dixisti
2397 3445 2410 3479 :
2461 3424 2553 3480 Vae
2602 3425 2758 3490 mihi,
2819 3441 2899 3480 va:
2938 3425 3110 3491 mihi;
3167 3425 3296 3496 quia
3349 3425 3632 3487 addidisti,

2067 3514 2311 3581 Domine,
2345 3517 2409 3586 (ι’)
2435 3517 2674 3572 laberem
2718 3533 2882 3588 super
2925 3517 3170 3572 dolorem
3207 3533 3388 3572 meum
3442 3536 3457 3571 :
3503 3519 3637 3572 dor-

2067 3609 2197 3663 mivi
2251 3608 2306 3664 in
2351 3608 2623 3679 suspiriis,
2680 3617 2734 3664 et
2782 3609 3024 3678 requiem
3067 3624 3174 3662 non
3206 3609 3408 3664 inveni.
3457 3610 3516 3664 4.
3543 3609 3640 3665 Sic

2065 3701 2155 3758 die
2200 3699 2251 3756 ei
2301 3717 2318 3756 :
2371 3699 2464 3756 Sic
2510 3699 2648 3754 dixit
2689 3699 2952 3756 Dominus
2994 3719 3008 3755 :
3057 3699 3194 3756 Ecce
3241 3702 3312 3772 (9)
3349 3701 3470 3755 haec
3513 3717 3641 3770 qua:

2066 3790 2346 3856 aediﬁcavi,
2397 3804 2498 3860 ego
2527 3789 2828 3855 destruam,
2873 3799 2929 3844 et
2960 3791 3038 3856 (Ιι)
3065 3791 3178 3845 hrec
3207 3806 3328 3860 qua:
3363 3791 3638 3860 plantavi,

2066 3899 2165 3953 ego
2196 3881 2444 3946 evellam.
2477 3883 2544 3949 Χ
2565 3889 2620 3936 et
2650 3895 2867 3937 omnem
2901 3891 3099 3936 terram
3131 3881 3325 3950 illam:
3365 3898 3380 3935 :
3415 3880 3472 3935 5.
3499 3891 3554 3935 et
3579 3891 3640 3936 tu

2067 3989 2276 4043 quaeres
2310 3971 2407 4026 tibi
2439 3972 2676 4043 magna?
2711 3986 2779 4026 ne
2817 3987 3064 4042 quaeras;
3102 3973 3229 4042 quia
3267 3986 3397 4028 ecce
3423 3987 3529 4043 ego
3555 3975 3644 4027 in-

2066 4065 2206 4120 duco
2238 4065 2376 4118 mala
2425 4079 2587 4133 super
2621 4077 2838 4117 omnem
2872 4077 3112 4128 carnem,
3138 4062 3273 4117 dicit
3308 4061 3586 4123 Dominus
3619 4082 3636 4120 :

2066 4164 2121 4212 et
2153 4157 2292 4212 dabo
2344 4159 2410 4225 Χ
2445 4157 2594 4226 tibi:
2651 4156 2891 4210 animam
2939 4165 3090 4210 tuam
3137 4156 3199 4227 (ξ)
3240 4157 3531 4213 inventum
3582 4158 3638 4213 in

2066 4250 2215 4304 omni
2245 4249 2384 4313 loco,
2416 4263 2762 4318 quocumque
2793 4247 2957 4302 iveris
2985 4248 3082 4301 ibi.

2136 4340 2268 4410 Cap.
2295 4339 2478 4394 XLVI.
2507 4370 2576 4380 —-
2601 4341 2652 4394 1.
2683 4339 2937 4403 Verbum,
2970 4339 3112 4408 quod
3138 4338 3340 4394 factum
3369 4349 3456 4395 est
3479 4356 3509 4395 a
3535 4339 3639 4394 Do-

2067 4432 2216 4487 mino
2246 4431 2313 4486 ad
2343 4429 2634 4486 Jercmiam
2667 4435 2734 4500 Χ
2754 4433 3070 4502 prophetam
3096 4433 3119 4501 ζ
3155 4431 3225 4501 (Ir)
3250 4446 3421 4501 super
3446 4447 3641 4486 omnes

2067 4532 2275 4592 gentes.
2306 4522 2360 4577 2.
2388 4522 2619 4594 Egypto
2648 4539 2811 4593 super
2839 4533 3158 4593 potestatem
3191 4521 3502 4578 Pharaonis
3533 4520 3640 4576 Ne-

405 4608 782 4675 lis,‘}t(diccns
809 4609 864 4684 ξε
890 4604 1019 4674 Vos,
1040 4615 1093 4660 et
1115 4609 1369 4664 mulieres
1393 4620 1584 4666 vestrae
1606 4611 1800 4672 locuta:
1831 4614 1966 4667 estis
2000 4597 2040 4650 ί)
2069 4618 2209 4672 chao
2258 4617 2398 4686 regis
2430 4615 2670 4687 Egypti,
2707 4615 2769 4682 (Ι)
2793 4615 2883 4686 qui
2915 4624 3034 4669 erat
3072 4630 3239 4684 super
3266 4614 3499 4668 ﬂuvium
3531 4612 3640 4668 Eu-

405 4699 462 4752 in
501 4714 594 4753 ore
618 4711 817 4764 vestro,
854 4709 908 4752 et
936 4699 989 4752 in
1022 4699 1272 4753 manibus
1305 4701 1498 4754 vestris
1523 4701 1862 4772 implevistis,
1887 4705 1968 4760 di-

410 4800 592 4846 centes
618 4808 631 4845 ;
657 4789 924 4852 Faciendo
946 4789 1209 4848 faciemus
1234 4793 1306 4862 μ)
1333 4793 1704 4850 confessiones
1727 4804 1966 4860 nostras,

401 4897 540 4948 quas
579 4880 847 4939 confessae
881 4898 1092 4946 sumus,
1123 4883 1190 4937 ad
1239 4882 1564 4940 adolendum
1599 4887 1709 4956 regi
1739 4888 1880 4952 cmli,
1917 4902 1970 4942 et

2065 4712 2310 4778 pbratem
2349 4712 2401 4760 in
2427 4706 2831 4772 Charchemus,
2865 4722 3028 4777 quem
3053 4707 3324 4776 percussit
3344 4704 3643 4759 Nabucho-

2065 4800 2305 4853 donosor
2350 4813 2442 4852 rex
2471 4795 2760 4868 Babylonis
2804 4799 2858 4853 in
2906 4814 3049 4852 anno
3073 4807 3271 4867 quarto
3290 4795 3506 4852 Joacim
3543 4798 3641 4852 lilii

2067 4887 2228 4943 Josiae
2279 4889 2420 4957 regis
2462 4886 2633 4943 Iudae.
2672 4890 2724 4944 5.
2761 4888 2855 4957 (ιη)
2887 4889 3080 4942 Tollite
3110 4904 3285 4951 arma,
3331 4897 3387 4943 et
3430 4897 3588 4942 scuta
3625 4905 3637 4938 :

478 5041 547 5115 (qi
586 5036 675 5094 Α..
721 5045 789 5115 et.
830 5053 932 5089 non
961 5047 1062 5090 erit
1084 5039 1286 5092 salvus.
1317 5049 1366 5091 et
1397 5040 1647 5119 residuus
1676 5042 1735 5122 in
1772 5043 2010 5123 reliquiis
2040 5041 2210 5123 Judae.
2245 5044 2335 5111 qui
2369 5043 2609 5108 veniunt,
2639 5054 2693 5098 ut
2714 5042 3242 5124 sintperegriniibi.
3300 5041 3388 5167 ⁴ἓν)
3421 5041 3508 5107 8.,
3539 5043 3643 5096 nisi

478 5119 671 5162 mines.
700 5121 794 5167 qui
824 5105 1096 5167 fugerunt.
1151 5111 1218 5167 (ε)
1249 5107 1331 5167 8..
1356 5120 1409 5162 et
1437 5126 1488 5162 ιιι
1533 5111 1742 5167 plateis.
1785 5111 1848 5165 Et
1873 5113 2126 5167 mulieres
2156 5113 2427 5166 dixerunt.
2502 5115 2567 5167 lt)
2597 5117 2687 5167 Α..
2713 5129 2765 5166 in
2791 5113 2932 5167 mala
2962 5112 3272 5167 all‘ectrone.
3348 5152 3388 5167 ..
3428 5114 3641 5167 sculnto

403 5104 794 5180 hornines._qui
824 5105 1096 5180 fugerunt.
1121 5111 1218 5180 is)
1249 5107 1331 5180 S_.,
1356 5120 1409 5162 et
1437 5109 1488 5162 iu
1533 5111 1742 5178 plateis.
1785 5111 1848 5165 Et
1873 5104 2126 5167 mulieres
2156 5104 2427 5166 dixerunt.
2502 5115 2567 5180 (ι)
2597 5104 2687 5175 Ᾰη
2713 5114 2765 5166 in
2791 5104 2932 5167 mala
2962 5104 3272 5168 aﬂectione.

3348 5114 3388 5176 .,
3428 5114 3641 5179 sculpta

399 5176 541 5246 ejus.
573 5175 636 5246 (')
662 5173 930 5234 Cius-066a
954 5176 1096 5245 apud
1120 5173 1452 5243 lentfqvox
1481 5173 1678 5250 ignotae
1713 5183 1844 5236 mihi
1873 5183 2128 5237 notionis.
2164 5181 2361 5252 [Σόὸὅα
2379 5173 2832 5253 desu‘inptum‘est
2851 5197 2882 5236 e
2907 5184 3154 5238 versione
3180 5173 3497 5253 Symmachi
3525 5173 3640 5248 qui,

397 5268 463 5333 ut
486 5272 594 5333 non
620 5269 765 5333 raro,
782 5255 955 5333 ipsam
980 5257 1316 5333 transcripsit
1345 5247 1534 5333 grgcis
1561 5259 1843 5333 elementis
1869 5275 2057 5316 vocem
2080 5247 2286 5317 Hebraei
2312 5273 2512 5324 textus.
2533 5247 2759 5326 Γιξικιπτί)
2775 5263 3004 5332 (absque
3033 5247 3285 5332 mappiq),
3307 5247 3638 5333 proprie,“

399 5325 927 5403 Matrimoniime
947 5327 1163 5403 nomine
1185 5325 1388 5403 guunt,
1405 5327 1584 5403 idolo.
1608 5326 1732 5403 Haec
1756 5331 1829 5384 ita
1865 5343 2247 5400 nuncupantur
2271 5333 2326 5386 in
2355 5334 2625 5401 scriptura
2655 5325 2687 5386 a
2716 5325 2936 5387 nomine
2956 5343 3090 5394 ειν,
3121 5325 3503 5403 ᾹρΙόιέξιαὸον.
3527 5333 3640 5387 sive

401 5399 546 5471 quod
575 5395 860 5471 dolordﬁce.
877 5396 986 5451 sint
1013 5397 1321 5471 cultoribus
1335 5401 1479 5471 suis.
1498 5399 1633 5461 sive,
1660 5401 1814 5468 juxta
1846 5395 2163 5464 nonnullos,
2188 5404 2330 5470 quod
2355 5395 2482 5455 cuni
2528 5419 2657 5471 cura
2690 5403 2794 5456 sint
2831 5403 3124 5456 elaborata.
3152 5402 3216 5455 Et
3243 5395 3325 5457 sic
3365 5404 3638 5471 intelliges

401 5465 666 5523 rationem
705 5465 911 5534 Aquila:
932 5475 987 5518 et
1017 5465 1324 5534 Symmachi
1362 5465 2108 5526 lectionum—hicallatarum.
2155 5465 2385 5594 Diuma.)

401 5537 480 5594 lx)
504 5535 587 5594 8..
617 5545 672 5588 et
687 5551 791 5589 non
826 5549 885 5588 se
907 5538 1331 5594 accommodavit
1363 5539 1594 5594 amolius
1613 5541 1680 5594 ad
1706 5541 2105 5594 remittendum.
2183 5547 2256 5594 tui
2289 5541 2362 5594 Re

401 5537 480 5602 (π)
504 5535 587 5596 8.,
617 5545 793 5612 etnon
826 5549 885 5588 se
907 5538 1331 5612 accommodavit
1363 5539 1594 5612 amplius
1613 5541 1680 5594 ad
1706 5541 2105 5612 remittendum.
2183 5547 2256 5612 ty)
2289 5541 2362 5594 Re

399 5616 504 5668 tra,
527 5621 650 5675 qua
676 5604 942 5675 vm'imus.

2459 5473 2535 5539 (ιι)
2569 5469 2652 5536 8.,
2678 5487 2843 5540 super
2868 5473 3035 5536 viros,
3065 5482 3122 5526 et
3149 5487 3312 5541 super
3345 5469 3634 5526 mulieris

2385 5543 2532 5611 iqui:
2597 5543 2925 5597 studiorum.
3001 5546 3074 5611 (ι)
3111 5541 3264 5606 .4.,S

3001 5546 3086 5666 (ἓ
3111 5545 3199 5606 .4.,
3224 5542 3309 5606 S.,
3349 5553 3473 5594 vota
3512 5557 3642 5595 ηοε-

3090 5612 3258 5666 evnti.
3283 5613 3352 5665 ad
3383 5627 3636 5665 commo-

1020 5605 1097 5674 (α)
1125 5605 1214 5682 ᾼ.,
1241 5609 1623 5682 constituendo
1653 5611 2033 5682 constituistis.
2110 5612 2184 5677 (b)
2204 5605 2432 5682 7A.,qui
2465 5612 2686 5682 veniunt
2716 5614 2768 5666 in
2794 5605 3258 5682 teri-am'IEgypti.
3283 5605 3352 5665 ad
3383 5627 3636 5665 commo-

404 5674 630 5750 randum
667 5675 764 5728 ibi.
837 5674 1004 5750 (diu
1047 5675 1210 5731 mala.
1286 5677 1362 5742 (d)
1395 5675 1566 5750 Super
1590 5677 1848 5750 Ophram.
1873 5682 1964 5734 ΟΥ

2070 5674 2177 5744 PH,
2204 5674 2430 5750 Uaphre.
2507 5691 2574 5747 (e)
2606 5681 2662 5734 In
2698 5691 2896 5750 quarto
2935 5674 3350 5735 annojlbacimi.
3432 5682 3502 5748 in
3541 5683 3628 5740 Α..

403 5745 674 5820 miseriam
715 5759 876 5820 super
906 5747 1147 5820 dolorem
1191 5761 1392 5816 meum.
1469 5745 1656 5820 (g)_A.,
1684 5751 1801 5820 bos.
1880 5753 1956 5813 (It)
1986 5754 2076 5814 A.,
2106 5754 2224 5806 hos.
2284 5745 2364 5819 ⁷(ἱ)
2397 5753 2486 5814 Α..
2516 5745 2572 5803 in
2605 5745 2861 5820 praedam.
2937 5752 3008 5818 (k)
3055 5751 3227 5818 Super
3263 5745 3468 5806 omnes
3486 5745 3632 5817 gen-

402 5826 498 5894 tes.
526 5813 756 5884 .Egypto
797 5812 1005 5868 Nechao
1032 5830 1120 5867 rex
1155 5812 1294 5869 anno
1321 5812 1514 5874 quarto
1544 5816 1791 5872 Juaicimi.
1877 5812 1945 5887 (Ii
1967 5812 2163 5894 8.,qui
2200 5812 2410 5875 vicinus
2439 5812 2557 5876 fuit.
2607 5812 2730 5891 '(m)

398 5897 444 5945 et
475 5887 526 5947 in
562 5893 738 5945 svum.

2791 5821 2877 5883 Α,
2923 5821 3173 5873 ordinate
3203 5838 3298 5874 vos
3336 5823 3389 5873 in
3426 5820 3629 5897 clypeo,
