3902 6536
176 447 336 502 Ξδῖτ

174 563 418 619 accedite
476 561 528 618 in
579 563 777 620 bellum
827 583 840 618 :
885 565 934 619 ι.
969 566 1042 635 (η)
1088 565 1372 620 insternite
1402 581 1574 636 equos

176 655 432 710 scendite
476 657 690 726 equites
729 676 740 710 :
778 657 1048 727 disponite
1081 674 1176 712 vos
1209 659 1260 712 in
1295 658 1462 727 galeis
1503 660 1742 714 vestris:

176 747 253 815 (ο)
305 747 538 802 emittite
592 747 832 814 lanceas,
894 758 947 803 et
1002 749 1212 804 induite
1271 749 1470 806 loricas
1517 760 1743 806 vestras.

176 836 229 894 5.
265 839 341 907 (p)
357 837 496 906 Quid
525 841 668 910 quod
699 841 801 910 ipsi
835 849 1051 910 pavent,
1082 851 1136 894 et
1169 852 1510 896 revertentur
1539 851 1746 896 retror-

173 929 340 984 sum?
390 930 517 1000 qnia
580 930 790 984 robusti
844 945 1032 984 eorum
1094 930 1372 985 caedentur
1424 949 1436 984 :
1488 917 1748 1001 "fugiendo

174 1023 456 1092 fugerunt,
491 1032 674 1078 etnon
704 1024 909 1079 reversi
937 1031 1086 1089 sunt,
1108 1023 1491 1094 comprehensi
1514 1024 1748 1078 circum-

174 1114 346 1174 circa,
409 1113 539 1170 dicit
593 1112 876 1172 Dominus.
935 1115 993 1170 6.
1029 1113 1108 1170 Ne
1149 1114 1324 1186 fugiat
1368 1115 1531 1179 celer,
1571 1129 1747 1184 neque

174 1205 373 1259 evadat
430 1206 692 1261 robustus
745 1223 910 1276 super
957 1207 1268 1276 aquilonem
1310 1224 1322 1259 :
1359 1222 1482 1276 qua:
1526 1207 1593 1261 ad
1643 1204 1749 1260 Eu-

173 1301 447 1368 phratem,
484 1297 754 1353 infirmata
791 1307 938 1366 sunt,
995 1289 1327 1356 ceciderunt.
1369 1299 1419 1352 7.
1455 1297 1592 1364 Quis
1627 1297 1739 1360 hic,

174 1391 266 1461 qui
305 1399 365 1446 ut
413 1389 612 1446 ﬂuvius
655 1393 936 1457 ascendet,
974 1391 1048 1462 (q)
1076 1402 1130 1445 et
1165 1399 1224 1445 ut
1265 1389 1416 1445 ﬂuvii
1464 1391 1746 1444 volventes

175 1482 416 1549 aquam?
448 1480 500 1535 8.
524 1481 690 1551 Aquae
719 1481 934 1554 Egypti
971 1482 1041 1553 (r)
1068 1481 1210 1536 sicut
1237 1484 1304 1548 >ς<
1328 1479 1530 1534 ﬂumen
1558 1496 1749 1536 ascen-

175 1572 332 1635 dunt,
377 1582 431 1626 et
477 1572 622 1628 sicut
665 1571 891 1627 ﬂumina
935 1583 1350 1628 commoventur
1386 1572 1744 1642 aquaeejusz.

177 1661 240 1718 Et
268 1662 408 1718 dixit
441 1683 452 1716 :
482 1665 808 1731 Asceudam,
839 1675 892 1720 et
919 1665 1157 1736 operiam
1188 1676 1411 1730 terram,
1440 1674 1493 1721 et
1516 1664 1740 1736 perdam

179 1756 389 1823 urbem,
424 1768 477 1812 et
505 1757 809 1813 habitantes
834 1759 888 1812 in
914 1774 999 1814 ea.
1050 1757 1104 1812 9.
1126 1757 1415 1813 Ascendite
1449 1772 1509 1812 -ε-
1533 1772 1699 1826 super
1721 1757 1743 1825 ζ

177 1861 371 1915 equos,
407 1858 461 1903 et
496 1847 565 1920 (ε)
591 1857 890 1919 praeparate
931 1861 1126 1904 currus
1170 1867 1181 1902 :
1216 1849 1384 1914 exite,
1414 1857 1748 1920 pugnatores

1377 447 1691 505 tensum
1731 449 1957 505 caper
1995 433 2212 504 XLV“.

3276 455 3416 511 2578

1626 585 1639 620 ε
1689 582 1746 620 a—
1776 573 1823 628 Α
1850 563 2167 636 Egyptus,’
2195 562 2266 633 (ο)
2311 562 2624 632 exstirpatio
2679 563 2747 618 ab
2794 565 3048 634 aquilone
3083 568 3228 620 venit
3255 583 3420 640 super

1847 671 1965 709 eam
1998 672 2012 710 :
2039 655 2128 708 21.
2156 664 2209 710 et
2239 657 2559 708 mercenarii
2583 656 2701 724 ejus
2738 656 2790 710 in
2819 671 2881 711 ea
2916 659 3058 713 sicut
3087 660 3243 714 vituli
3269 662 3414 728 sagiv

1847 749 1999 813 nati;
2038 748 2166 817 quia
2196 757 2249 801 et
2275 747 2376 816 ipsi
2416 748 2617 802 reversi
2642 756 2790 812 sunt,
2821 760 2874 804 et
2909 751 3166 822 fugerunt
3197 752 3360 808 simul
3398 772 3412 806 :

1849 854 1956 893 non
1994 848 2295 904 steterunt;
2331 839 2463 908 quia
2487 839 2599 892 dies
2636 839 2710 910 (p)
2737 841 3060 911 perditionis
3083 845 3226 897 venit
3252 861 3418 914 super

1847 946 1964 992 eos,
2017 939 2072 984 et
2123 939 2337 999 tempus
2373 929 2693 1000 (q)ultionis
2735 947 2946 987 eorum.
2996 931 3085 988 2‘2.
3113 932 3232 990 Vox
3274 936 3416 1005 ejus,

1851 1022 1992 1076 sicut
2012 1022 2280 1091 serpentis
2305 1022 2376 1092 (ν)
2393 1021 2664 1077 sibilantis
2689 1040 2702 1087 ;
2737 1025 2866 1093 quia
2889 1026 2954 1097 (ε)
2971 1025 3025 1079 in
3053 1041 3217 1080 arena
3238 1027 3418 1092 ibunt,

1850 1113 1906 1168 in
1933 1113 2222 1170 securibus
2250 1113 2468 1169 venient
2493 1129 2658 1184 super
2682 1129 2824 1169 eam.
2854 1117 2944 1171 2'5.
2973 1117 3126 1173 Sicut
3150 1121 3421 1175 caedentes

1850 1206 2017 1274 ligna,
2073 1206 2310 1260 excidite
2366 1205 2559 1260 silvam
2613 1206 2754 1276 ejus,
2802 1205 2934 1261 dicit
2963 1206 3226 1266 Dominus
3253 1210 3418 1272 Deus.

1858 1298 1988 1367 quia
2021 1298 2088 1368 (ι)
2115 1311 2223 1352 non
2257 1297 2672 1360 assimilabitur,
2701 1299 2829 1367 quia
2859 1300 3081 1368 copiosa
3108 1302 3230 1367 plus
3251 1317 3417 1372 quam

1852 1389 2084 1455 locusta,
2136 1397 2189 1442 et
2221 1396 2329 1441 non
2362 1396 2446 1442 est
2471 1387 2551 1442 eis
2582 1403 2862 1444 numerus.
2919 1389 3011 1442 24.
3057 1388 3287 1446 Erubuit
3312 1392 3422 1447 lilia

1851 1479 2102 1551 Egypti,
2147 1480 2344 1534 tradita
2377 1489 2460 1534 est
2506 1480 2560 1533 in
2592 1495 2788 1536 manus
2824 1482 3009 1551 populi
3044 1482 3113 1537 ab
3145 1483 3418 1552 aquilone.

1849 1569 1942 1624 25.
1992 1572 2060 1638 Χ
2091 1567 2237 1624 Dixit
2281 1569 2546 1623 Dominus
2601 1569 2864 1624 virtutum
2918 1571 3062 1626 Deus
3104 1570 3370 1642 Israelis:
3408 1591 3420 1628 :

1851 1661 1992 1716 Ecce
2048 1677 2151 1732 ego
2209 1660 2286 1732 (ιι)
2334 1662 2567 1716 ulciscar
2623 1667 2856 1718 Ammon
2901 1663 3073 1718 ﬂlium
3107 1665 3228 1734 ejus
3261 1682 3424 1736 super

1849 1752 2217 1818 Pharaonem,
2248 1763 2302 1808 et
2323 1768 2490 1824 super
2513 1753 2827 1826 IEgyptum,
2859 1765 2913 1810 et
2944 1771 3108 1825 super
3125 1757 3257 1812 deos
3279 1757 3421 1826 ejus,

1853 1854 1907 1900 et
1942 1842 2106 1915 Super
2137 1860 2289 1916 reges
2322 1846 2464 1916 ejus.
2505 1855 2560 1902 et
2585 1862 2750 1917 super
2771 1846 3140 1914 Pharaonem,
3171 1858 3226 1902 et
3259 1862 3424 1918 super

179 1942 240 2011 (ι)
267 1939 587 2009 Ᾱὶιὴίοριιηι
623 1949 675 1994 et
706 1939 958 2011 Libyum,
995 1939 1072 2013 (α)
1096 1939 1288 1994 armati
1319 1930 1513 2003 armis,
1559 1948 1613 1993 et
1641 1938 1743 2009 Ly-

1859 1937 2186 1992 conﬂdentes
2237 1953 2400 2006 super
2444 1953 2530 1994 eo.
2585 1937 2676 1994 26.
2733 1943 2799 2007 X
2837 1937 2902 1992 Et
2952 1939 3162 1993 tradam
3217 1954 3313 1994 eos
3365 1940 3419 1992 in

176 2033 275 2099 dii,
312 2033 394 2102 (ω)
420 2031 717 2097 ascendite,
769 2033 972 2087 tendite
1022 2048 1208 2088 arcum
1244 2051 1258 2088 :
1296 2031 1380 2086 10.
1422 2039 1476 2087 et
1505 2031 1624 2086 dies
1662 2031 1749 2084 ille.

180 2123 416 2176 Domino
463 2123 570 2177 Deo
615 2133 806 2178 nostro
855 2122 972 2178 dies
1016 2124 1290 2188 vindictae,
1324 2123 1390 2178 ad
1421 2121 1748 2179 sumendum

177 2214 478 2268 vindictam
519 2212 586 2268 de
616 2213 855 2268 inimicis
886 2215 1004 2270 suis
1030 2234 1042 2269 :
1066 2224 1120 2270 et
1149 2216 1397 2271 comedet
1424 2213 1658 2285 gladius,
1699 2224 1753 2268 et

177 2305 539 2370 saturabitur,
603 2304 1070 2360 ehinebriabitur
1119 2319 1149 2360 a
1201 2306 1470 2377 sanguine
1513 2319 1748 2371 eorum;

177 2397 310 2467 quia
361 2395 686 2451 sacriﬁcium
719 2394 949 2451 Domino
1005 2397 1234 2452 Domino
1263 2397 1501 2452 Sebaoth
1533 2413 1562 2451 a
1593 2407 1739 2451 terra

179 2488 464 2558 aquilonis
523 2504 686 2556 super
737 2485 940 2543 ﬂumen
981 2487 1247 2559 Euphrat.
1290 2489 1372 2543 il.
1401 2490 1474 2560 (ῃ)
1506 2487 1753 2543 Ascende

178 2581 412 2647 Galaad,
463 2591 520 2637 et
551 2597 708 2637 sume
734 2581 975 2637 resinam
1011 2580 1083 2652 (ι)
1109 2583 1304 2652 virgini
1332 2582 1456 2636 tilizze
1481 2580 1699 2651 Egypti
1733 2597 1746 2632 :

181 2675 236 2726 in
263 2689 462 2728 vanum
487 2674 860 2744 multiplicasti
889 2674 1126 2729 medelas
1147 2684 1289 2739 tuas,
1316 2675 1524 2730 utilitas
1541 2689 1650 2728 non
1671 2682 1754 2728 est

178 2764 304 2818 tibi.
348 2763 433 2818 12.
463 2764 801 2819 Audiverunt
826 2776 1014 2833 gentes
1050 2767 1128 2835 (a)
1152 2781 1340 2820 vocem
1368 2775 1541 2827 tuam,
1572 2773 1627 2820 et
1647 2766 1750 2819 cla-

181 2873 337 2911 more
369 2864 463 2910 tuo
497 2857 720 2926 impleta
749 2869 831 2911 est
873 2866 1052 2923 terra;
1087 2858 1216 2928 quia
1250 2867 1521 2928 pugnator
1550 2856 1618 2910 ad
1651 2873 1754 2925 pu-

180 2956 466 3018 gnatorem
515 2948 823 3013 inﬁrmatus
869 2958 974 3013 est,
1020 2949 1187 3003 simul
1216 2950 1532 3004 ceciderunt
1560 2948 1744 3002 ambo.

182 3039 275 3092 l5.
295 3040 364 3108 χ
385 3037 617 3093 Verbum
643 3041 667 3110 ζ
702 3041 845 3109 quod
876 3041 1092 3096 locutus
1111 3048 1194 3096 est
1217 3039 1483 3095 Dominus
1505 3041 1560 3093 in
1583 3055 1752 3094 manu

179 3130 433 3185 Jeremim
476 3132 772 3202 prophetae,
832 3147 955 3186 cum
1006 3133 1214 3187 veniret
1239 3129 1746 3186 Nabuchodonosor

1854 2045 2076 2084 manum
2110 2031 2472 2100 quaerentium
2518 2032 2760 2084 animam
2795 2046 3008 2094 eorum,
3067 2041 3122 2086 et
3168 2031 3221 2085 in
3253 2046 3418 2086 manu

1851 2120 2410 2183 Nahuchodonosoris
2435 2124 2582 2192 regis
2605 2121 2921 2194 Babylonis,
2956 2134 3008 2178 et
3035 2123 3089 2176 in
3120 2138 3284 2176 manu
3308 2138 3420 2177 sero

1853 2229 2040 2267 verum
2087 2213 2225 2283 ejus,
2287 2226 2339 2267 et
2387 2223 2508 2282 post
2546 2213 2659 2268 hate
2687 2215 2931 2284 quiescet
2981 2215 3054 2282 (π)
3075 2213 3217 2268 sicut
3243 2213 3418 2268 aban-
3491 2218 3495 2221 ’

1853 2306 2026 2376 tiquo,
2075 2305 2206 2360 dicit
2253 2306 2522 2361 Dominus
2547 2307 2594 2376 ζ.
2647 2305 2800 2362 Finis
2845 2306 3143 2377 prophetiae
3169 2305 3415 2377 Egypti.

1853 2398 1943 2451 Ξῖ.
1978 2397 2058 2451 Tu
2088 2408 2294 2463 autem,
2347 2414 2414 2452 ne
2449 2399 2664 2462 timeas,
2719 2414 2873 2454 serve
2910 2399 2983 2452 mi
3012 2396 3203 2462 Jacob,
3248 2414 3425 2469 nequc

1855 2504 2072 2559 paveas,
2101 2487 2305 2555 Israel;
2338 2490 2463 2559 quia
2493 2504 2619 2545 ecce
2647 2505 2748 2560 ego
2781 2492 2932 2545 salvo
2966 2499 3016 2544 te
3039 2506 3069 2544 e
3096 2490 3422 2560 longinquo,
3496 2490 3499 2492 ’

1854 2592 1908 2636 ct
1940 2597 2128 2636 semen
2166 2591 2320 2636 tuum
2355 2599 2420 2638 ex
2459 2592 2604 2638 terra
2639 2583 2974 2653 captivitatis
3004 2598 3194 2637 eorum
3229 2592 3424 2638 :etre-
3497 2571 3500 2575 ’

1855 2681 2094 2727 vertetur
2139 2669 2329 2737 Jacob,
2385 2685 2439 2728 et
2482 2675 2854 2744 conquiescet,
2890 2687 2945 2729 et
2977 2673 3052 2746 (ῃ)
3077 2674 3333 2740 dormiet,
3369 2684 3426 2729 et

1855 2779 1962 2818 non
2015 2766 2119 2819 erit
2154 2766 2226 2834 (ι’)
2251 2765 2344 2837 qui
2402 2775 2596 2821 noceat
2643 2767 2713 2822 ei.
2771 2767 2864 2822 98.
2893 2765 2959 2822 Et
2989 2778 3068 2831 tu,
3103 2782 3172 2820 ne
3205 2767 3423 2832 timeas,

1857 2873 2013 2913 serve
2068 2858 2143 2912 mi
2189 2857 2378 2924 Jacob,
2438 2859 2568 2913 dicit
2608 2857 2894 2924 Dominus,
2932 2858 3056 2929 quia
3088 2867 3267 2913 tecum
3302 2873 3422 2913 sum

1857 2965 1977 3021 ego,
2037 2950 2166 3020 quia
2227 2949 2430 3004 faciam.
2476 2952 3008 3006 consummationem
3046 2952 3101 3006 in
3147 2951 3295 3006 omni
3329 2965 3428 3020 po-

1856 3043 2006 3112 pulo,
2067 3042 2120 3095 in
2179 3056 2318 3111 quos
2357 3042 2538 3112 depuli
2579 3043 2744 3109 illuc;
2784 3050 2835 3096 te
2863 3051 3044 3098 autem
3082 3057 3190 3098 non
3223 3041 3419 3096 facia'tt

1857 3135 2110 3202 deiicere,
2149 3146 2201 3192 et
2246 3136 2526 3206 castigabo
2561 3145 2613 3191 te
2647 3137 2699 3190 in
2727 3135 3021 3206 judicium,
3058 3136 3132 3206 (a)
3155 3145 3210 3191 et
3238 3135 3427 3192 inson-

183 3237 285 3276 rex
318 3220 628 3292 Babylonis,
683 3222 759 3293 (b)
794 3223 860 3277 ad
890 3223 1250 3278 excidendum
1280 3231 1480 3278 terram
1510 3220 1752 3292 Egypti.
1783 3224 1826 3281 C
1859 3235 1965 3282 tem
1996 3226 2318 3281 dimittenda
2349 3241 2456 3281 non
2488 3227 2758 3282 insontem
2785 3226 3142 3282 dimittam’le.

183 3317 274 3370 Η.
303 3316 721 3386 Αιιηυηιίςιιθηὶῖ(
744 3317 797 3371 in
820 3315 1072 3388 IEgypto,
1101 3326 1154 3371 et
1183 3315 1456 3386 praecipite
1481 3317 1504 3385 ζ
1539 3317 1592 3369 in
1613 3314 1760 3386 Mag-

180 3405 298 3473 dol,
347 3417 402 3462 et
431 3406 501 3478 (c)
525 3409 798 3478 prtecipite
843 3409 898 3462 in
935 3408 1220 3478 Memphis,
1274 3418 1327 3462 et
1355 3407 1410 3462 in
1442 3405 1700 3478 Taplmas
1735 3427 1746 3460 :

181 3501 350 3555 dicite
386 3519 400 3554 :
429 3500 738 3572 lntelligite,
775 3511 830 3558 et
862 3518 1108 3574 praepara
1146 3513 1197 3558 te
1227 3503 1424 3574 ipsam,
1458 3504 1585 3571 quia
1608 3517 1762 3557 COIII-

184 3593 298 3646 edit
347 3591 562 3663 gladius
602 3594 677 3665 (ά)
705 3595 894 3650 orbem
949 3604 1127 3649 tuum.
1190 3595 1274 3650 15.
1303 3595 1374 3666 (ε)
1398 3594 1581 3661 Quare
1623 3593 1765 3664 fugit

183 3686 396 3740 vitulus
452 3686 660 3742 electus
707 3689 878 3742 tuus?
935 3703 1042 3742 non
1079 3689 1304 3752 mansit,
1336 3689 1464 3758 quia
1496 3687 1764 3741 Dominus

185 3771 443 3826 dissolvit
488 3788 636 3827 eum.
702 3773 787 3829 16.
819 3774 886 3844 (f)
910 3773 976 3828 Et
1007 3776 1298 3830 multitudo
1345 3775 1612 3829 inﬁrmata
1645 3784 1749 3839 est,

179 3873 239 3917 et
294 3863 528 3929 cecidit,
585 3865 962 3935 unusquisque
1010 3866 1076 3919 ad
1121 3866 1425 3935 proximum
1478 3881 1637 3921 suum
1677 3866 1758 3920 lo-

182 3953 300 4006 cuti
353 3954 567 4024 snnt(g)
605 3972 620 4007 :
655 3953 978 4024 Surgamus,
1025 3962 1079 4008 et
1117 3961 1454 4007 revertantur
1481 3953 1546 4006 ad
1577 3968 1752 4023 popu-

183 4046 301 4100 lum
334 4056 614 4110 nostrum,
655 4059 708 4100 et
739 4045 813 4116 (It)
840 4046 892 4100 in
933 4047 1209 4115 regionem
1247 4054 1493 4100 nostram
1537 4047 1607 4100 ab
1639 4054 1767 4101 ante

189 4138 390 4193 faciem
438 4138 600 4208 gladii
639 4139 698 4208 (ἱ)
723 4135 917 4192 Graeci.
953 4137 1040 4192 17.
1064 4135 1267 4192 Vocate
1292 4152 1491 4192 nomen
1519 4135 1765 4191 Pharao-

191 4231 279 4284 nis
339 4228 486 4298 regis
526 4227 771 4298 Egypti,
823 4228 894 4298 (Ic)
923 4229 1065 4282 Saon
1095 4226 1252 4282 ΕΜΓ
1281 4227 1454 4283 Moed.
1505 4227 1592 4284 18.
1627 4226 1766 4282 Vivo

187 4334 312 4389 ego,
358 4318 490 4373 dicit
529 4334 624 4373 rex
667 4319 934 4373 Dominus
970 4319 1235 4374 virtutum
1270 4335 1469 4374 nomen
1506 4321 1552 4374 ei
1577 4338 1613 4386 ;_
1639 4319 1766 4389 quia

187 4412 341 4466 sicut
400 4410 462 4481 (ι)
507 4409 786 4464 ltaburion
838 4410 890 4463 in
935 4410 1238 4473 montibus,
1275 4419 1330 4464 et
1363 4410 1507 4465 sicut
1551 4409 1767 4465 Carmel

185 4504 244 4556 in
300 4517 456 4557 mare
509 4503 706 4558 veniet.
771 4503 856 4556 19.
886 4501 1032 4557 Vasa
1077 4503 1492 4572 demigrationis
1539 4501 1628 4557 fac
1664 4501 1759 4556 tibi

1929 3317 2056 3386 Cap.
2110 3315 2318 3372 XLVII.
2365 3347 2436 3356 —
2470 3316 2520 3373 1.
2573 3343 2646 3376 αι
2698 3315 2872 3387 Super
2905 3317 3292 3389 alienigenas:
3327 3317 3417 3388 (’).

1864 3409 2181 3479 XVerbum
2225 3410 2463 3476 Domini,
2516 3410 2660 3481 quod
2690 3408 2892 3465 factum
2919 3420 3002 3464 est
3031 3409 3095 3464 ad
3124 3408 3416 3464 Jeremiam

1863 3503 2234 3573 prephetam:
2295 3502 2368 3572 (b)
2412 3518 2575 3572 super
2630 3502 2981 3570 alienigenas,
3035 3505 3101 3568 >2<
3137 3510 3428 3569 antequam

1863 3601 2172 3662 percuteret
2217 3591 2432 3647 Pharao
2481 3590 2681 3646 Gazam
2712 3592 2758 3660 ζ.
2796 3589 2924 3644 Ηωο
2946 3590 3078 3644 dicit
3109 3587 3377 3643 Dominus
3412 3607 3426 3642 :

1863 3684 1917 3738 2.
1953 3683 2094 3738 Ecce
2139 3699 2294 3754 aqua:
2337 3684 2638 3738 ascendunt
2672 3682 2741 3736 ab
2781 3681 3059 3751 aquilone,
3094 3693 3148 3736 et
3187 3689 3348 3736 erunt
3374 3681 3432 3734 in

1866 3785 2168 3830 torrentem
2227 3773 2580 3828 inundantem
2640 3791 2656 3827 :
2711 3782 2764 3827 et
2803 3772 3091 3828 inundabit
3120 3779 3343 3835 terram,
3377 3779 3431 3826 et

1867 3866 2258 3939 plenitudinem
2300 3867 2442 3936 ejus,
2484 3865 2692 3932 urbem,
2729 3873 2783 3920 et
2813 3865 3188 3920 inhabitantes
3223 3864 3278 3918 in
3311 3879 3373 3918 ea
3412 3882 3425 3917 :

1865 3969 1920 4014 et
1951 3958 2265 4014 clamabunt
2320 3957 2592 4021 homines,
2624 3967 2677 4012 ct
2713 3956 3000 4012 ululabunt
3031 3971 3223 4012 omnes
3257 3956 3427 4010 habi—

1865 4055 2043 4103 tantes
2069 4047 2123 4102 in
2152 4055 2324 4112 terra,
2360 4045 2415 4101 '5.
2445 4062 2475 4100 a
2503 4062 2637 4102 voce
2667 4045 2735 4119 (c)
2762 4048 2993 4118 impetus
3016 4047 3154 4118 ejus,
3177 4047 3245 4101 ab
3264 4047 3436 4102 armis

1867 4139 2091 4194 fortium
2151 4137 2310 4207 ejus,
2364 4149 2416 4192 et
2473 4152 2505 4191 a
2552 4137 2914 4193 concussione
2963 4152 3224 4193 curruum
3278 4137 3437 4206 ejus,

1870 4230 1946 4298 (ά)
1979 4231 2247 4285 tumultus
2300 4239 2543 4284 rotarum
2593 4230 2713 4301 ejus
2747 4248 2762 4283 :
2799 4246 2907 4286 non
2952 4245 3010 4286 se
3041 4239 3435 4288 converterunt

1869 4333 2049 4393 patres
2077 4338 2241 4392 super
2265 4321 2406 4376 (ilius
2432 4337 2621 4376 eorum
2652 4337 2760 4390 pra:
2790 4321 3148 4378 dissolutione
3171 4337 3430 4377 manuum

1869 4429 2083 4481 eorum,
2150 4415 2202 4468 4.
2256 4415 2310 4468 in
2354 4413 2464 4480 die,
2493 4415 2587 4484 qui
2618 4415 2766 4469 venit
2799 4415 2864 4470 ad
2892 4414 3216 4476 abolendum
3242 4429 3432 4470 omnes

1873 4506 2232 4576 alienigenas.
2292 4504 2357 4559 Et
2410 4507 2632 4576 perdam
2682 4505 2910 4578 Tyrum,
2948 4515 3002 4562 et
3053 4505 3333 4571 Sidonem,
3379 4515 3435 4560 et

188 4595 321 4664 ipsi,
354 4595 652 4648 habitatrix
680 4595 788 4648 lilia
815 4592 1062 4665 Egypti,
1103 4567 1531 4664 quia'Memphis
1566 4594 1663 4664 (ιη)
1703 4591 1758 4646 in
1794 4567 1840 4625 θ
1871 4567 2073 4650 omnes
2119 4595 2364 4666 reliquos
2410 4567 2607 4652 auxilii
2660 4567 2846 4652 eorum
2869 4567 3051 4673 {quia
3083 4597 3280 4652 delebit
3321 4567 3432 4652 Do~

186 4685 606 4755 corruptionem
636 4687 763 4748 erit,
802 4697 857 4740 et
885 4684 1170 4741 vocabitur
1199 4684 1311 4752 Vae,
1345 4684 1473 4756 quia
1502 4700 1610 4738 non
1633 4695 1768 4740 sunt

186 4779 505 4834 habitantes
533 4779 586 4833 in
620 4794 703 4833 ea.
737 4777 827 4832 20.
859 4778 1036 4834 Vitula
1070 4778 1147 4849 (η)
1172 4788 1366 4833 ornata
1395 4780 1464 4846 >κ
1491 4777 1758 4848 pulchra:

263 4934 344 5002 (η)
393 4935 481 4998 Α.,
533 4934 769 5002 alligate.
827 4932 910 4993 8.,
966 4933 1101 5002 jugo
1159 4935 1388 5005 jttngite.

1499 4935 1572 5004 (ο)
1624 4935 1716 4999 Α.,
1771 4935 2008 5006 expolite
2052 4934 2290 4990 lanceas.

1873 4686 2055 4740 minus
2093 4687 2560 4760 Xalienigenas:
2596 4689 2835 4759 reliquos
2867 4689 3201 4756 insularum,
3222 4699 3274 4745 et
3295 4693 3434 4760 Cap-

1873 4778 2131 4849 padociae.
2170 4778 2224 4834 5.
2247 4776 2408 4834 Venit
2432 4781 2676 4836 calvities
2707 4796 2868 4850 super
2897 4779 3098 4836 Gazam
3137 4800 3151 4834 :
3189 4782 3441 4852 projects

2397 4938 2470 5005 (p)
2508 4935 2590 5002 8.,
2645 4951 2816 5005 quare
2868 4936 3078 4992 vidistis
3131 4951 3246 5003 eos,
3291 4938 3434 5008 quod

186 5007 494 5066 vincentes,
551 5006 696 5074 quod
748 5012 1076 5059 revertentes
1127 5016 1462 5069 retrorsum,
1508 5013 1562 5058 et
1626 5008 1752 5061 robu

1859 5024 1882 5062 s
1952 5020 2141 5058 eorum
2204 5005 2348 5071 quod
2408 5009 2696 5066 caedentes.
2762 5021 2867 5060 non
2920 5020 2979 5061 se
3027 5005 3433 5069 eonverterites,

187 5075 365 5147 turba
389 5076 765 5147 circumcirca,
806 5075 1255 5147 dicit_Dominus.
1360 5077 1432 5147 (q)

189 5145 478 5225 trepidate.
556 5144 619 5225 (t)
641 5215 653 5225 ἱ
681 5147 767 5225 11.,
806 5145 889 5205 8.,
918 5144 1066 5225 Ultus
1089 5155 1153 5225 Oet
1180 5144 1341 5225 flint.

189 5226 265 5271 HS
293 5229 505 5269 arcum.

1481 5075 1545 5128 Et
1573 5083 1632 5128 ut
1663 5076 1807 5131 ﬂuvii
1841 5076 2115 5131 volventes
2147 5090 2318 5146 aquas
2347 5076 2485 5146 ejus.
2563 5079 2632 5143 (ν)
2669 5077 2762 5146 ᾼ..
2807 5077 2952 5131 sicut
2972 5076 3143 5133 rivus.

1445 5146 1522 5219 (ιι)
1550 5146 1644 5219 A_.‘,
1675 5149 1752 5219 ob;

1859 5156 1990 5219 entes
2022 5159 2116 5219 vos
2149 5144 2342 5219 scutis.
2372 5144 2388 5219 ξ
2421 5148 2512 5219 (xi
2535 5147 2621 5219 A.,
2659 5144 2743 5205 8.,
2772 5148 2864 5219 qui
2894 5147 3101 5211 tollitis,
3137 5149 3229 5218 qui
3249 5144 3435 5202 tendi-

584 5215 660 5284 (yl
697 5212 779 5280 8.,
826 5215 1140 5288 ascende_in
1174 5215 1384 5270 Gilead.
1445 5212 1534 5288 is)
1567 5217 1656 5280 A.,
1706 5217 1744 5271 S

1859 5217 1998 5288 virgo
2031 5214 2160 5288 tilia.
2198 5285 2206 5288 Α
2235 5217 2312 5284 (a)
2348 5212 2440 5278 Α..
2475 5216 2513 5270 8
2547 5257 2564 5282 ,
2599 5212 2954 5288 ignominiam
2991 5212 3169 5272 tuam:
3236 5219 3308 5286 (b)
3338 5221 3430 5276 Α..

3239 5078 3307 5148 (³)
3346 5077 3431 5139 Su

186 5284 280 5349 8.,
333 5284 402 5358 ab
424 5289 856 5354 percutiendum.
908 5283 1122 5358 7(c)_S.,
1161 5289 1404 5341 auditum
1434 5285 1636 5358 facile.
1692 5287 1747 5356 (ά

1859 5327 1896 5352 .,
1930 5284 2013 5350 8.,
2041 5283 2328 5358 circuitum
2354 5293 2530 5340 tuum.
2604 5283 2680 5358 (c)
2708 5285 2794 5351 8.,
2827 5286 2999 5358 quare
3041 5283 3297 5358 detrusus
3349 5299 3434 5358 est

188 5355 360 5408 simul
386 5364 644 5410 ronustus
672 5364 821 5410 tuus.
897 5356 965 5424 (Γ)

189 5430 420 5494 nostra}.
497 5425 668 5494 (0A.,
712 5424 795 5488 8.,
818 5427 1088 5480 ittehriati.

186 5493 456 5549 'l‘habor.‘
502 5493 612 5566 an)
643 5497 696 5549 In
757 5497 1101 5566 deletionem.

995 5353 1921 5426 A.,multiplicavitimpingentem.
1999 5359 2075 5422 (gl
2127 5355 2192 5409 Et
2232 5357 2492 5426 dicentes.
2569 5353 2767 5424 (lt)A..
2797 5353 2860 5410 in'
2888 5368 3088 5413 terram
3135 5353 3442 5426 nativitatis.

1169 5427 1239 5497 (k)
1271 5425 1360 5492 Ἁ.,
1409 5425 1639 5482 tinnitus
1674 5427 1952 5483 transtulit
1981 5426 2415 5497 promissionem.
2439 5425 2522 5492 8.,
2546 5437 2774 5497 tempus
2807 5429 2971 5483 venit.

3081 5427 3143 5497 (Ι)
3177 5425 3376 5494 Reliqui
3413 5445 3426 5480 :

1470 5497 1678 5568 ulchra,
1742 5511 1795 5552 et
1858 5498 2081 5568 pulchra
2127 5496 2354 5552 reddita.
2394 5497 2504 5568 _(o)
2543 5495 2690 5568 Tres,
2735 5513 2978 5568 pungens
3027 5495 3426 5568 abjaquilone.

188 5499 456 5549 Thabor.’
517 5499 612 5566 (nt)
643 5499 696 5549 In
757 5499 1101 5550 dclctionem.
1179 5499 1380 5567 (n)A.,
1470 5499 1678 5561 ulchra,
1742 5517 1752 5550 ε

188 5568 273 5635 (ρ)
332 5569 419 5629 A.,
457 5564 760 5639 eﬂusionis.
806 5564 888 5639 8.,
922 5568 1328 5639 corruptionis._
1384 5514 1466 5639 (ιιξ³
1495 5569 1587 5633 Α.,
1613 5566 1699 5631 8.,
1735 5585 1752 5619 t

1859 5499 2081 5568 pulchra
2127 5499 2354 5552 reddita.
2431 5499 2504 5564 (ο)
2543 5499 2690 5558 Tres,
2735 5513 2978 5568 pungens
3027 5499 3102 5550 ab
3148 5499 3418 5564 aquilone.

1859 5567 2066 5639 .atinnis
2096 5581 2308 5639 eorum.
2349 5566 2564 5639 _(r)A..
2593 5566 2674 5630 8.,
2708 5568 2828 5622 ibit.
2906 5567 2975 5635 (ε)
2999 5567 3175 5639 A.._in
3205 5580 3418 5639 rooore.

191 5640 520 5708 (“agnon
555 5637 1029 5708 investigabitur.~
1065 5638 1142 5706 (τι)
1171 5639 1257 5700 Α..
1293 5635 1657 5699 S.,'visitabo.
1729 5645 1750 5706 τ(

1859 5641 1938 5703 Α..
1974 5637 2056 5697 8..
2091 5638 2233 5690 sicut
2258 5635 2452 5708 diebus
2473 5638 2566 5706 qui
2612 5641 2679 5690 ab
2713 5639 2960 5705 antiquo.
3035 5637 3117 5708 (gi
3148 5638 3233 5708 4.,
3260 5638 3432 5708 ntul-

190 5706 466 5775 tiplicabit
517 5720 668 5774 opes.
746 5708 817 5774 (κ)
855 5707 940 5769 Α.,
989 5704 1082 5767 8.,
1119 5709 1211 5776 qui
1278 5718 1494 5762 terreat.

1571 5709 1648 5777 (a)
1679 5705 1768 5770 A.,
1798 5705 1804 5708 ⁷
1836 5720 1888 5761 et
1948 5709 2218 5762 insontem
2278 5705 2621 5762 diutittettdo.
2697 5708 2772 5776 (b)
2815 5708 2906 5771 A.,
2949 5709 3016 5760 ad

195 5781 271 5847 (c)
313 5779 400 5839 A.,
431 5790 624 5831 cursus
650 5789 938 5846 equorum.
1013 5777 1090 5847 (ά)
1123 5781 1212 5842 τι,
1244 5777 1325 5841 8.,
1390 5778 1774 5833 multitudinis.

3109 5705 3430 5767 hilisthaaos.

271 5895 337 5963 (‘)
369 5895 411 5947 1.
446 5909 494 5946 c.
536 5891 896 5957 Philisthwos,
937 5907 1072 5961 quos
1109 5910 1211 5948 LXX
1251 5909 1442 5963 graece,
1477 5891 1752 5964 ἀλλοφύλο·

1859 5891 2174 5962 alienigenas
2211 5901 2540 5963 nuncupant.
2569 5891 2768 5946 Dttacn.
