3902 6482
84 412 225 467 2581

1305 407 1626 466 JEBEMDE
1663 405 1895 464 CAPUT
1930 406 2118 466 XLIX.

3185 405 3336 463 238!-

84 527 166 596 (η)
218 532 276 578 et
333 536 499 590 super
539 520 964 577 vindemiatores
1007 529 1130 576 tuos
1159 519 1396 590 perditio
1427 521 1645 577 cecidit.
1677 523 1726 580 A
1818 517 1950 588 Cap.
1987 517 2334 573 XUX.-—l.
2375 518 2528 576 Filiis
2574 519 2812 574 Ammon
2841 519 2923 574 sic
2957 517 3094 574 dixit
3137 518 3355 573 Domi».

83 617 178 672 35.
225 613 476 682 Projecta
503 622 587 669 est
628 613 816 669 laetitia
843 624 897 668 et
931 612 1187 684 gaudium
1215 627 1281 669 ett
1311 612 1550 679 Carmel,
1598 625 1655 671 et

83 725 151 764 ex
181 705 476 764 Moabitide
515 723 530 760 :
562 703 636 776 (ο)
657 713 712 761 et
743 705 932 759 vinum
958 713 1076 759 erat
1096 719 1259 774 super
1283 705 1658 762 torcularibus

86 798 198 852 tuis
244 815 262 851 :
318 809 480 850 mane
524 794 600 864 (p)
630 809 739 848 non
770 793 1074 859 calcarunt,
1111 802 1167 848 et
1199 794 1255 848 iu
1287 809 1516 864 vespera
1561 804 1654 851 tua

86 901 196 940 non
254 883 519 940 fecerunt.
577 883 665 938 δι.
713 884 782 951 )ι(
810 880 982 937 Urbes
1012 892 1194 937 autem
1237 897 1428 938 eorum
1453 883 1505 951 ζ,
1536 899 1659 953 quae

86 994 114 1031 a
179 977 422 1032 clamore
470 974 688 1029 lleshon
734 989 906 1044 usque
951 973 1018 1028 ad
1051 975 1256 1039 Eleala,
1293 983 1347 1030 et
1377 991 1556 1047 usque
1588 976 1655 1031 ad

83 1068 257 1124 Jahas
289 1068 554 1124 dederunt
581 1082 769 1122 vocem
800 1082 978 1136 suam,
1024 1081 1056 1120 a
1096 1067 1172 1137 (q)
1198 1066 1336 1124 Soar
1371 1083 1547 1137 usque
1588 1067 1657 1122 ad

88 1160 342 1224 Hornim,
381 1159 453 1231 (r)
480 1168 536 1214 et
557 1158 777 1213 nuntios
808 1158 876 1214 ad
907 1156 1073 1227 Alas;
1109 1159 1235 1227 quia
1259 1167 1314 1214 et
1337 1174 1477 1228 aqua
1501 1156 1660 1213 Nem-

91 1255 187 1310 rim
228 1252 296 1322 (s)
323 1251 377 1305 iu
411 1251 843 1306 combustionem
865 1251 991 1306 erit.
1020 1251 1107 1306 55.
1134 1249 1201 1305 Et
1223 1250 1444 1320 perdam
1474 1249 1654 1314 Moab,

89 1345 219 1400 dicit
255 1344 540 1408 Dominus,
566 1342 949 1400 ascendentem
971 1357 1137 1411 super
1161 1341 1462 1407 excelsum,
1492 1355 1546 1398 et
1567 1343 1658 1398 ad-

90 1438 323 1490 olentem
378 1435 484 1490 diis
536 1434 675 1504 ejus.
739 1433 826 1490 56.
864 1433 928 1505 (ι)
951 1432 1176 1503 Propter
1211 1433 1316 1488 hoc
1350 1447 1448 1487 cor
1474 1447 1657 1487 meum

88 1528 266 1592 Moab,
303 1527 448 1582 sicut
488 1526 634 1582 tibia:
662 1526 871 1582 dabunt
905 1540 1119 1590 vocem,
1169 1538 1235 1580 σι-
1257 1535 1312 1580 et
1337 1538 1434 1579 cor
1465 1539 1656 1579 meum

89 1633 252 1688 super
271 1616 520 1672 homines
545 1616 570 1685 ζ
607 1618 675 1684 Ἃ(
699 1630 916 1672 murum
950 1616 1028 1687 (ιι)
1051 1614 1322 1685 Ciradas:
1355 1615 1501 1670 sicut
1525 1615 1658 1670 tibia

90 1710 239 1768 dabit
262 1724 455 1765 vocem
484 1726 500 1763 :
531 1717 748 1778 propter
778 1708 883 1766 hoc
917 1723 1040 1778 quae
1071 1708 1344 1774 liberavit,
1377 1708 1660 1780 perierunt

89 1802 153 1856 ab
180 1800 424 1854 homine.
453 1799 542 1854 57.
565 1798 644 1871 (ω)
666 1797 842 1855 Omne
864 1807 1030 1868 caput
1050 1799 1106 1856 in
1128 1798 1275 1855 omni
1301 1800 1422 1854 loco
1440 1797 1654 1862 radent,

1759 629 1863 670 nus
1907 631 1923 668 :
1967 612 2106 669 Num
2159 613 2255 668 filii
2301 627 2410 668 non
2441 625 2572 670 sunt
2616 616 2669 670 in
2721 613 3093 671 lsraele?aut
3125 614 3204 682 (ἢ)
3233 616 3326 683 qui

1757 704 2010 766 assumit.
2035 719 2146 759 non
2197 713 2282 762 est
2328 707 2556 761 eorum?
2587 708 2649 777 (i)
2683 706 2863 774 Quare
2901 709 3163 762 assumsit
3199 706 3329 761 Mel-

1757 794 1917 852 cbom
1947 791 2098 858 Gad,
2147 802 2203 849 et
2257 794 2495 864 populus
2545 809 2731 852 eorum
2789 797 2844 851 in
2875 795 3103 852 urbibus
3138 808 3327 850 eorum

1757 885 2003 940 habitat?
2047 885 2102 940 2.
2145 883 2372 955 Propter
2413 886 2517 942 bno
2555 901 2682 942 ecce
2731 888 2848 942 dies
2896 887 3145 952 veniunt,
3195 886 3330 940 dicit

1761 976 2043 1044 Dominus,
2072 987 2127 1033 et
2157 979 2336 1033 audiri
2369 977 2568 1036 faciam
2609 994 2770 1049 super
2810 979 3060 1034 Rabbth
3090 979 3326 1034 filiorum

1759 1068 1993 1124 Ammon
2027 1068 2100 1140 (It)
2127 1070 2418 1126 tumultum
2434 1069 2495 1139 (ι)
2515 1070 2687 1135 urbis,
2712 1078 2764 1124 et
2801 1079 2960 1124 erunt
2993 1071 3048 1124 in
3082 1084 3189 1126 non
3207 1084 3328 1137 per~

1760 1160 1929 1226 vium,
1979 1161 2035 1215 in
2082 1161 2462 1232 perditionem,
2489 1169 2544 1216 et
2572 1175 2682 1215 arae
2709 1159 2830 1230 ejus
2855 1160 2910 1213 in
2950 1160 3074 1230 igne
3101 1161 3332 1215 combu-

1760 1262 1968 1320 rentur,
1987 1254 2082 1324 (m)
2117 1262 2172 1309 et
2202 1261 2445 1308 assumet
2495 1253 2661 1308 Israel
2720 1253 3088 1322 principatum
3147 1269 3328 1314 suum.

1761 1345 1888 1400 dicit
1916 1344 2199 1402 Dominus.
2235 1344 2289 1397 '5.
2344 1343 2505 1400 Ulula
2564 1343 2641 1411 (η)
2671 1341 2888 1398 llesbon
2919 1382 2935 1408 ,
2967 1342 3096 1412 quia
3125 1340 3332 1411 perdita

1759 1445 1843 1491 est
1872 1435 1978 1490 Ai:
2021 1436 2270 1501 clamate,
2302 1435 2425 1491 filia:
2467 1435 2742 1500 Rabbatb,
2782 1449 2880 1489 vos
2904 1435 3106 1503 cingite
3134 1433 3331 1494 saccis,

1764 1541 1827 1583 -t—
1849 1537 1903 1582 et
1931 1528 2162 1584 insanite
2191 1528 2214 1598 ζ
2241 1568 2256 1593 ,
2289 1536 2344 1583 et
2370 1527 2626 1597 plangite,
2676 1534 2732 1582 et
2768 1528 2991 1580 transite
3027 1541 3122 1594 per
3155 1539 3335 1580 mace-

1759 1621 1871 1675 rias
1897 1620 1999 1692 (‘);
2031 1620 2157 1690 quia
2193 1619 2456 1676 Melcbom
2480 1619 2534 1674 in
2574 1617 2974 1687 demigratione
3002 1617 3119 1682 ibit,
3154 1632 3336 1674 sacer-

1759 1712 1911 1767 dotes
1943 1711 2084 1781 ejus,
2117 1721 2170 1766 et
2187 1711 2461 1782 principes
2476 1710 2596 1780 ejus
2624 1710 2787 1766 simul
2815 1727 2827 1761 :
2856 1710 2910 1764 4.
2930 1708 3066 1775 Quia
3093 1708 3335 1770 exsulta-

1762 1803 1847 1856 bis
1870 1801 1944 1874 (ο)
1975 1803 2029 1858 in
2055 1803 2263 1873 campis
2293 1802 2370 1877 (ρ)
2403 1802 2542 1860 Zib:
2575 1801 2754 1871 campi
2791 1800 2892 1866 tui,
2929 1799 3041 1854 filia
3082 1801 3158 1870 (q)
3185 1799 3336 1854 duri-

87 1905 134 1948 ει
165 1893 350 1948 omnis
377 1891 544 1947 barba
572 1863 817 1954 fedetur.
843 1899 899 1945 ει
933 1863 1127 1946 δωιιθε
1149 1905 1349 1945 manus
1373 1890 1651 1960 plangenl.
1693 1863 1732 1917 Β
1765 1863 1888 1962 tiei,‘
1905 1863 2198 1950 confidens
2226 1863 2391 1966 super
2441 1863 2717 1950 thesauris
2742 1863 2896 1956 suis,
2947 1863 3167 1946 dicens:
3198 1887 3334 1955 Quis

86 1993 135 2037 et
164 1998 334 2053 super
362 1983 513 2038 omni
537 1983 724 2038 lumbo
753 1997 969 2038 saccus.
1004 1981 1098 2038 58.
1123 1981 1190 2037 Et
1211 1997 1374 2052 super
1397 1981 1655 2037 omnibus

87 2074 242 2129 tectis
290 2071 492 2136 Moabi,
529 2080 583 2127 et
609 2086 772 2141 super
816 2072 1011 2142 plateis
1046 2071 1167 2143 ejus
1201 2073 1546 2141 Xomnibus
1572 2072 1656 2126 lu-

83 2167 282 2235 ctusz;
340 2166 418 2236 (ει)
443 2180 638 2222 rursus
669 2164 914 2235 confregi
945 2165 1125 2231 Moab,
1154 2165 1298 2221 sicut
1333 2180 1451 2230 vas,
1491 2164 1656 2235 cujus

85 2274 193 2313 non
242 2266 330 2313 est
381 2272 512 2314 usus
543 2256 682 2325 ejus,
731 2255 868 2311 dicit
905 2255 1190 2311 Dominus.
1249 2254 1340 2310 39.
1367 2253 1656 2322 Quomodo

84 2350 155 2421 (ι)
179 2349 569 2405 commutavit!
605 2352 672 2417 χ(
691 2349 894 2406 ululate
919 2350 942 2418 ζ
979 2366 994 2403 :
1025 2347 1299 2418 quomodo
1328 2347 1492 2401 vertit
1517 2347 1652 2401 dor-

83 2459 204 2499 sum
236 2441 435 2496 Moab?
479 2442 732 2508 Erubuit,
765 2451 820 2498 et
863 2441 1038 2497 factus
1073 2449 1157 2496 est
1185 2438 1346 2494 Moab
1378 2439 1432 2494 in
1458 2441 1652 2506 risum,

83 2546 133 2591 et
162 2536 239 2606 (α)
269 2533 700 2606 indignationem
727 2535 1004 2599 omnibus,
1032 2534 1126 2603 qui
1159 2533 1214 2589 in
1245 2533 1480 2589 circuitu
1511 2533 1650 2603 ejus.

85 2630 169 2685 40.
202 2628 346 2695 Quia
379 2630 460 2684 sic
503 2629 642 2684 dixit
669 2627 937 2684 Dominus
972 2645 987 2682 :
1036 2629 1103 2695 )t(
1128 2625 1269 2682 Ecce
1295 2625 1439 2682 sicut
1466 2627 1652 2696 aquila

85 2723 263 2778 veniet
310 2720 538 2789 impetu,
594 2729 648 2776 et
677 2721 949 2790 expendet
997 2719 1071 2789 (b)
1096 2733 1295 2774 manus
1325 2733 1455 2777 suas
1489 2734 1655 2789 super

85 2814 242 2870 Moab
269 2816 319 2884 ζ.
369 2814 459 2869 Η.
506 2815 579 2881 (c)
599 2811 768 2881 Capta
811 2821 896 2868 est
931 2810 1185 2875 Carioth,
1236 2820 1292 2866 et
1322 2811 1654 2866 munitiones

83 2907 383 2977 subjugatre
411 2914 540 2961 sunt
594 2923 608 2959 :
646 2907 792 2974 κει
839 2904 945 2958 erit
995 2918 1091 2960 cor
1139 2904 1442 2970 potentium
1475 2902 1651 2958 Moabi

84 2997 136 3050 in
183 2996 276 3051 die
325 2995 441 3059 illo,
497 2995 642 3051 sicut
678 3008 777 3049 cor
807 2993 1054 3048 mulieris
1090 2993 1171 3064 (ἀ)
1198 2995 1604 3065 parturientis:
1634 3013 1650 3050 :

83 3088 168 3140 42.
209 3094 268 3151 et
295 3087 492 3155 peribit
520 3084 680 3141 Moab
709 3101 740 3140 a
772 3086 963 3151 turba;
999 3086 1130 3156 quia
1162 3101 1329 3156 super
1353 3084 1650 3141 Dominum

81 3196 138 3234 se
197 3177 590 3249 magnificavit.

1761 1986 2107 2057 aggredietur
2135 1987 2260 2041 me?
2283 1986 2335 2042 5.
2356 1984 2496 2041 Ecce
2525 2001 2624 2055 ego
2650 1983 2765 2050 fero
2796 1997 2959 2052 super
2977 1993 3031 2036 te
3057 1980 3331 2042 timorem,

1759 2078 1890 2134 dicit
1919 2077 2185 2134 Dominus
2209 2078 2471 2133 Dominus
2491 2076 2754 2131 virtutum
2779 2075 2872 2146 (r),
2893 2076 2961 2128 ab
2980 2072 3128 2127 omni
3149 2068 3336 2126 accola

1759 2167 1903 2222 circa
1938 2176 2009 2233 te,
2029 2177 2085 2222 et
2106 2165 2493 2238 dispergemini
2529 2163 2906 2236 unusquisque
2927 2174 3120 2214 versus
3144 2156 3333 2212 faciem

1761 2273 1941 2325 suam,
1979 2268 2035 2314 et
2073 2273 2181 2313 non
2236 2266 2340 2322 est,
2377 2255 2470 2327 qui
2510 2261 2804 2327 congregat
2830 2255 2897 2321 >ε<
2939 2261 2994 2306 et
3025 2249 3336 2322 demigran—

1760 2357 1891 2403 tem.
1923 2347 1978 2403 6.
2015 2347 2083 2403 Et
2107 2356 2230 2418 post
2259 2347 2376 2402 haec
2403 2346 2661 2401 reducam
2695 2344 3065 2414 captivitatem
3098 2343 3332 2397 filiorum

1759 2440 2014 2506 Ammon,
2069 2440 2203 2493 dicit
2236 2437 2508 2492 Dominus
2543 2438 2591 2507 ζ.
2624 2437 2676 2491 7.
2725 2435 2851 2491 Hac
2889 2434 3024 2490 dicit
3071 2433 3334 2490 Dominus

1760 2532 2020 2586 virtutum
2048 2549 2060 2584 :
2088 2530 2156 2602 (ε)
2175 2527 2291 2598 Non
2319 2537 2402 2583 est
2424 2529 2656 2598 amplius
2677 2529 2942 2597 sapientia
2968 2527 3023 2582 in
3049 2525 3331 2594 Thaemon:

1757 2621 1920 2693 periit
1945 2622 2236 2676 consilium
2261 2620 2332 2675 ab
2350 2619 2808 2690 intelligentihus:
2835 2621 2896 2690 (ι)
2919 2619 3050 2674 abiit
3067 2619 3334 2686 sapientia

1758 2730 1946 2770 eorum
1992 2733 2005 2768 :
2047 2713 2101 2769 8.
2149 2713 2230 2784 (ιι)
2275 2713 2633 2769 conculcatus
2673 2722 2759 2768 est
2797 2713 2950 2768 locus
2992 2726 3219 2766 eorum:
3254 2713 3332 2782 (π)

1758 2805 2088 2876 profundum
2131 2806 2296 2876 petite
2345 2805 2413 2860 ad
2466 2804 2818 2859 habitandum
2847 2843 2861 2868 ,
2922 2803 3231 2859 habitantes
3278 2803 3332 2857 in

1757 2897 1943 2954 Dadan
1970 2915 1986 2964 ;
2016 2897 2146 2968 quia
2176 2895 2251 2968 (ν)
2285 2912 2476 2967 aspera
2503 2896 2651 2952 fecit.
2685 2897 2899 2951 Adduxi
2935 2911 3099 2965 super
3119 2911 3244 2949 eum
3278 2897 3331 2950 iu

1756 2997 2020 3058 tempore,
2051 3001 2158 3058 quo
2208 2986 2425 3042 visitavi
2455 3001 2620 3052 eum;
2657 2987 2709 3041 9.
2743 2987 2870 3056 quia
2908 2985 3333 3040 vindemiatores

1755 3090 2022 3136 venerunt
2050 3080 2170 3146 tibi,
2208 3095 2317 3134 non
2346 3079 2657 3149 relinquent
2685 3078 2780 3133 tibi
2805 3077 2879 3148 (κ)
2903 3077 3328 3133 racematioues:

647 3176 738 3234 45.
765 3176 964 3243 Metus,
1019 3187 1074 3232 et
1124 3176 1300 3242 fovea,
1342 3187 1397 3233 et
1422 3177 1651 3247 laqueus
1682 3218 1723 3247 ρ
1759 3175 1898 3230 sicut
1928 3173 2079 3230 fures
2126 3175 2182 3228 iu
2228 3181 2409 3236 nocte,
2468 3174 2546 3243 (a)
2603 3183 2806 3242 ponent
2858 3186 3081 3226 manum
3136 3185 3330 3236 suam;

81 3286 247 3341 super
283 3278 356 3333 te,
403 3269 678 3325 habitator
705 3269 903 3332 Moabi,
939 3269 1075 3324 dicit
1107 3268 1396 3326 Dominus.
1427 3268 1519 3323 44.
1543 3268 1649 3335 Qui
1685 3262 1726 3276 ν’
1757 3265 1845 3320 10.
1873 3266 2000 3336 quia
2025 3281 2126 3338 ego
2151 3265 2334 3321 abrasi
2353 3265 2518 3330 Esau,
2548 3264 2620 3336 (b)
2650 3263 2823 3320 detexi
2849 3263 3166 3318 abscondita
3183 3262 3329 3330 ejus:

80 3359 284 3430 fugerit
320 3360 391 3414 ab
426 3367 552 3414 ante
580 3358 774 3414 faciem
811 3359 1044 3426 timoris,
1081 3358 1281 3415 incidet
1309 3358 1363 3412 in
1392 3357 1602 3414 foveam
1631 3376 1648 3415 :

79 3463 134 3507 ct
159 3453 253 3521 qui
287 3451 601 3506 ascenderit
630 3466 662 3506 e
691 3451 871 3517 fovea,
905 3453 1154 3521 capietur
1184 3453 1237 3506 in
1261 3452 1457 3522 laqueo
1484 3471 1498 3507 :
1522 3454 1649 3524 quia

83 3544 347 3600 adducam
381 3544 496 3597 haec.
524 3557 687 3613 super
713 3543 870 3598 Moab
896 3542 952 3597 in
975 3559 1141 3609 anno,
1171 3559 1282 3614 quo
1309 3545 1647 3601 visitaverim

79 3652 193 3701 eos,
219 3636 356 3690 dicit
379 3634 661 3690 Dominus.
691 3635 783 3692 45.
816 3639 882 3705 >ς<
907 3637 960 3690 In
986 3637 1218 3692 latibulo
1245 3635 1462 3694 Hesbon
1487 3647 1651 3694 stetec

80 3735 210 3781 runt
273 3725 400 3795 (e)a
430 3725 622 3795 laqueo
675 3724 975 3795 fugientes;
1014 3728 1139 3798 quia
1189 3728 1332 3798 ignis
1382 3729 1552 3784 exivit
1580 3744 1649 3784 ex

79 3816 321 3883 llesbon,
353 3816 568 3872 flamma
594 3832 658 3872 ex
684 3818 820 3873 urbe
846 3815 1040 3882 Sihon,
1068 3827 1124 3874 et
1140 3819 1380 3874 comedit
1411 3820 1478 3889 (r)
1501 3820 1650 3889 prin-

79 3909 227 3979 cipes
258 3908 492 3972 Mobabi,
523 3909 596 3978 (g)
625 3917 678 3964 et
697 3909 1045 3978 investigavit
1067 3909 1210 3965 filios
1231 3907 1404 3965 Saon.
1438 3910 1534 3968 46.
1559 3909 1652 3968 Vte

78 4001 196 4067 tibi,
219 3998 382 4054 Moab
405 4018 418 4054 :
451 4001 612 4072 periit
635 4000 867 4070 populus
889 4000 1171 4068 Chamos;
1201 4002 1330 4071 quia
1351 4003 1496 4072 capti
1523 4012 1652 4059 sunt

75 4092 175 4148 ﬁlii
205 4091 327 4160 ejus
355 4091 412 4146 in
444 4094 776 4161 captivitate,
798 4101 855 4148 et
885 4090 1009 4148 filia:
1040 4092 1162 4162 ejus
1183 4093 1430 4162 captivae.
1464 4092 1554 4147 47.
1581 4093 1649 4149 Ει

77 4186 336 4242 reducam
366 4185 734 4254 captivitatem
759 4183 939 4241 Moabi
958 4185 1014 4238 in
1033 4184 1382 4240 extremitate
1402 4185 1643 4253 dierum,

75 4275 208 4330 dicit
237 4273 522 4332 Dominus.
560 4275 857 4344 Hucusque
880 4272 1150 4344 judicium
1175 4274 1351 4332 Moabi
1382 4276 1430 4345 ζ.

111 4465 224 4545 ⁸(ιι)
263 4463 345 4529 8.,
379 4471 435 4545 et
473 4478 637 4545 super
669 4463 1180 4545 vindemiamtuam
1214 4475 1462 4545 raptores
1494 4468 1824 4545 ceciderunt_
1859 4486 1872 4523 :
1898 4480 1958 4545 _et
1992 4471 2203 4545 sublata
2233 4476 2316 4523 est
2345 4465 2556 4545 laetitia,
2590 4475 2644 4545 ct
2681 4466 2962 4545 gaudium.

1752 3359 2016 3416 abscondi
2048 3375 2160 3415 non
2188 3367 2488 3430 poterunt:
2518 3361 2586 3425 Χ
2612 3357 2682 3428 (c)
2703 3356 2865 3426 periit
2909 3368 3094 3412 semen
3126 3355 3246 3422 ejus
3269 3355 3291 3423 ζ
3315 3395 3331 3418 ,

1753 3453 1824 3506 ob
1844 3468 2066 3507 manum
2097 3451 2176 3523 (ά)
2201 3449 2387 3506 fratris
2416 3451 2557 3520 ejus,
2581 3458 2634 3504 et
2663 3448 2826 3504 vicini
2850 3448 2993 3518 ejus,
3028 3456 3083 3503 et
3114 3462 3217 3501 non
3249 3458 3334 3500 est

1753 3545 1841 3598 Η.
1869 3545 1939 3617 (c)
1968 3544 2202 3614 relinqui
2246 3543 2510 3613 pupillum
2537 3549 2718 3607 tuum,
2754 3549 2811 3595 ut
2850 3541 2920 3612 (f)
2958 3540 3136 3594 vivat:
3178 3539 3250 3609 (g)
3276 3549 3333 3592 et

1752 3637 1930 3690 viduae
1949 3650 2113 3704 super
2139 3651 2224 3690 me
2247 3634 2598 3690 confidentes.
2637 3632 2726 3686 12.
2758 3631 2896 3698 Quia
2934 3631 3048 3686 haec
3073 3630 3202 3684 dicit
3223 3628 3321 3682 Do-

1747 3726 1928 3779 minus
1949 3743 1963 3778 :
1985 3723 2124 3778 Ecce
2151 3725 2350 3795 quibus
2382 3740 2489 3780 non
2512 3732 2629 3778 erat
2654 3724 2728 3794 (Ιι)
2754 3723 2838 3776 lex
2865 3721 3053 3776 bibere
3077 3721 3324 3786 calicem,

1748 3819 1816 3885 Ἀ(
1841 3818 2073 3873 bibendo
2105 3820 2128 3889 ζ
2163 3819 2226 3888 (i)
2256 3819 2621 3874 biberuntzet
2654 3826 2709 3871 tu
2750 3815 2990 3886 impunis
3007 3813 3329 3869 dimitteudo

1751 3913 1818 3979 ἢ(
1848 3911 2091 3982 impunis
2146 3910 2440 3967 dimitteris
2475 3911 2497 3980 ζ
2528 3912 2550 3962 ?
2578 3924 2685 3964 non
2725 3907 2966 3980 impunis
3013 3905 3326 3970 dimitteris,

1755 4001 1885 4069 quia
1914 4001 2146 4056 bibendo
2199 4001 2373 4056 bibes.
2409 4000 2497 4055 l5.
2535 4000 2673 4066 Quia
2717 4015 2816 4070 per
2856 4014 2942 4054 me
2967 3997 3168 4068 juravi,
3198 3997 3329 4052 dicit

1757 4093 2042 4159 Dominus,
2071 4095 2144 4168 (k)
2169 4095 2315 4167 quod
2341 4097 2395 4150 in
2431 4096 2682 4162 exitium,
2702 4107 2752 4148 et
2779 4095 2831 4148 in
2866 4092 3242 4163 opprobrium,
3263 4091 3326 4162 (ι)
3354 4081 3370 4084 ”

1753 4199 1807 4245 ct
1838 4188 1891 4242 in
1923 4204 2031 4244 non
2053 4188 2453 4254 conculcatum,
2482 4198 2534 4243 et
2563 4189 2616 4242 in
2647 4187 3078 4244 maledictionem
3110 4186 3326 4257 (m)eris
3357 4169 3360 4174 I

1680 4291 1723 4345 ι)
1752 4279 1804 4332 in
1841 4280 2024 4335 medio
2050 4280 2322 4350 partionis
2353 4280 2493 4349 ejus,
2517 4287 2572 4336 et
2609 4294 2800 4335 omnes
2833 4277 2995 4334 urbes
3020 4277 3140 4347 ejus
3159 4285 3324 4331 erunt

3037 4466 3110 4535 (ο)
3143 4467 3234 4532 Α..
3266 4474 3323 4520 ct

74 4532 264 4588 vinum
291 4552 354 4588 ex
388 4532 561 4588 foveis
601 4534 954 4590 torcularium
994 4537 1225 4592 deficere
1252 4532 1394 4591 feci:
1456 4552 1564 4591 non
1602 4553 1709 4593 non
1743 4539 1996 4600 calcabit,
2042 4542 2145 4601 sic,
2181 4553 2312 4599 non,
2363 4539 2469 4601 eja.
2531 4540 2570 4590 A
2597 4532 2834 4592 claiuore
2869 4532 3106 4591 llesbo'n.
3140 4535 3224 4599 8.,
3261 4545 3318 4588 et

76 4608 262 4694 viluulm
281 4620 353 4694 3x
394 4604 1196 4694 foveis‘tnrcu‘lariumIcessare
1231 4605 1380 4694 feci:
1414 4624 1521 4660 non
1571 4618 1676 4694 est,
1720 4608 1895 4694 dicit;
1942 4609 1989 4664 Α
2035 4611 2278 4694 clamore
2318 4605 2589 4694 Ιξτθδὺο-η.Ι
2641 4605 2877 4690 (ρλΝοῃ
2911 4607 3144 4694 calcabit
3173 4606 3311 4694 adad

76 4677 246 4750 adad.
275 4673 358 4750 8.,
410 4691 515 4727 non
559 4675 763 4730 tenebit
806 4678 1132 4750 torcularius
1186 4678 1535 4750 cantilenam.
1612 4679 1677 4748 (qj

1757 4680 1819 4743 ι..
1861 4678 2020 4736 Soar.
2094 4679 2169 4750 (r)
2203 4679 2297 4743 Α.,
2336 4675 2419 4750 ὃν

2456 4677 2626 4732 vitula
2672 4677 2924 4732 triennis.
2999 4676 3067 4747 (s)
3108 4677 3199 4739 Α.,
3232 4677 3315 4737 8.,

77 4745 132 4820 i_u
150 4747 390 4820 exitium
424 4753 607 4820 erunt,
630 4755 686 4820 et
715 4760 937 4820 _c_ess_are
976 4747 1193 4820 faciam_f
1205 4746 1415 4820 iMoabo
1430 4745 1743 4804 offerentem
1767 4766 1932 4820 super
1966 4745 2203 4806 excelso.
2281 4749 2346 4819 (ι)
2375 4747 2600 4820 Propter
2626 4747 2730 4803 hoc
2753 4763 2848 4820 cor
2871 4745 3048 4820 Moabi
3079 4758 3136 4801 ut
3169 4748 3315 4820 tibite

77 4815 228 4869 dabit
251 4829 460 4868 vocem.
493 4811 578 4877 8.,
612 4815 682 4868 ob
713 4814 890 4875 Moab.
967 4820 1046 4884 (ιι)
1081 4817 1440 4883 ΚΕΙΡΛΔΑΣ,
1496 4828 1673 4872 tonsas

1757 4811 1942 4885 l.,'S.,
1986 4831 2158 4876 testae.

2237 4818 2316 4891 (π)
2356 4818 2446 4891 Α.,
2481 4818 2634 4891 quia_
2658 4819 2807 4891 omni
2845 4819 3009 4888 capiti
3045 4819 3311 4881 calvities,

75 4896 130 4962 et
158 4885 315 4962 omni
338 4885 518 4940 barba:
549 4900 775 4962 rasura.
795 4885 878 4951 8.,
900 4903 1065 4962 super
1086 4889 1342 4962 omnibus
1373 4891 1636 4962 inanibus
1675 4891 1950 4962 incisurae.
2033 4891 2108 4962 (y)
2137 4885 2306 4962 Quia.
2379 4885 2570 4962 (ιη-Α..
2595 4886 2887 4962 S.._\'ictus
2916 4885 3031 4943 -εει-
3110 4892 3186 4957 (α)
3221 4893 3312 4951 Αιν

74 4956 160 5017 8.,
204 4956 254 5009 in
276 4955 552 5031 timorem.
630 4955 704 5027 (b)
725 4957 835 5031 _A.,
865 4955 1018 5031 alas.
1075 4959 1146 5031 (c)
1188 4957 1270 5022 S.,
1303 4959 1588 5031 subjugata
1618 4970 1703 5015 est
1733 4960 1975 5028 Carioth,
2013 4955 2333 5030 etrefugia.

75 5043 174 5102 sus
212 5025 496 5102 eritllloab
524 5041 553 5079 a
577 5025 797 5102 populo.
887 5032 953 5102 (c)
986 5025 1220 5102 Α.,’ίιρη
1253 5025 1492 5083 valentes
1553 5030 1756 5099 fugere.
1836 5031 1902 5101 (Γ)
1943 5025 2030 5096 Α.,
2061 5025 2294 5102 plagam.
2334 5025 2426 5102 S.,
2456 5025 2674 5102 facient.
2752 5028 2827 5102 (g)

1519 5101 1582 5170 (i)
1611 5098 1700 5160 Α..
1734 5098 1905 5170 quare
1943 5098 2127 5172 itaque
2154 5098 2536 5172 lmreditavif?
2609 5099 2692 5172 (Ις)
2727 5101 2819 5172 Α.,
2864 5099 3128 5172 ululatum
3161 5098 3311 5172 belli,

73 5101 238 5151 ticem
284 5097 515 5168 filiorum
547 5097 820 5152 maeroris.
900 5099 974 5168 (Ιι)
1013 5099 1104 5164 Α.,
1147 5099 1228 5162 8.,
1255 5103 1442 5153 narres.

72 5176 129 5241 et
166 5169 274 5241 erit
307 5166 358 5219 in
386 5166 663 5236 pulverem
703 5166 1014 5241 depravata,
1040 5171 1238 5241 etfiliaa
1259 5170 1394 5239 ejus.
1473 5166 1535 5240 (ι)
1564 5166 1677 5225 ’Βθιξ

1757 5166 1930 5228 orum.
2008 5166 2105 5241 (in)
2144 5178 2238 5234 Α..
2281 5169 2364 5235 8.,

2413 4959 2491 5081 (ἀι)
2524 4961 2611 5041 ᾼη
2653 4960 2722 5012 ab
2756 4962 3027 5028 angustia,
3076 4968 3130 5013 et
3161 4973 3316 5028 pres-

2413 5070 2416 5083 .
2476 5044 2670 5083 actem.
2752 5028 2827 5083 (al
2862 5030 2949 5083 Α..
2982 5030 3068 5083 8..
3113 5039 3168 5083 et
3189 5045 3314 5081 νυτ-

2911 5065 2949 5092 .,
2982 5045 3068 5094 8.,
3113 5045 3168 5084 et
3189 5045 3314 5081 ver-

2411 5178 2465 5224 et
2501 5167 2841 5224 haereditabit
2873 5167 3038 5224 Israel
3071 5185 3186 5232 eos,
3215 5171 3312 5234 qui

73 5238 468 5313 lizereditarunt
497 5251 642 5313 eum.
721 5238 798 5308 (η)
839 5237 921 5313 S_._,
945 5256 1054 5313 _pro
1081 5237 1318 5302 l-lesbon,
1345 5237 1776 5310 quia'vastatum
1807 5252 1892 5296 est
1949 5237 2137 5313 robur.
2171 5244 2234 5313 (')
2262 5241 2378 5295 Vox
2409 5239 2636 5313 Syriaca
2680 5240 2884 5313 codicis
2939 5241 3307 5313 ttostri.,t~u’D.

71 5325 197 5374 qua:
223 5309 516 5390 respondet
548 5308 628 5390 τῷ
656 5293 824 5390 ruﬁ-in
862 5293 1106 5365 llcbra'ici
1140 5293 1554 5390 textuscpotius
2245 5293 2506 5390 est—‘aptid
2561 5293 2949 5390 rabliittos,_:ut,

70 5395 220 5446 sepes
241 5378 372 5446 legi;
395 5386 720 5447 nptntvnn:

73 5519 206 5573 tuis.
288 5519 355 5588 (δ)
387 5517 474 5582 Α.,
501 5517 776 5588 numquid“
790 5537 894 5574 non
918 5531 1018 5575 est.
1044 5520 1127 5582 8..
1162 5536 1347 5575 annon
1373 5531 1482 5576 est.

676 5377 792 5459 tam
829 5389 941 5442 ειη),
973 5398 1114 5450 sepes
1151 5377 1420 5450 sapientia:
1444 5377 1924 5459 δὶζςηιὶιύηρκλειι
1946 5377 2037 5453 ’(ο)
2065 5385 2161 5459 _S.,
2192 5385 2246 5459 in
2268 5377 2520 5459 vallibus,
2543 5395 2664 5459 qua:
2684 5381 2736 5435 in
2768 5382 2906 5459 valle
2939 5393 3050 5459 tua.
3092 5377 3310 5459 (mpli-

70 5449 370 5524 fluxeruut.
409 5517 420 5524 Δ
450 5453 524 5517 tq)
557 5450 646 5512 A.,
674 5453 725 5524 in
750 5449 1036 5524 posterum
1056 5469 1148 5524 _se
1177 5449 1443 5506 avertens.
1489 5451 1575 5524 S.,
1631 5469 1677 5506 c:

1760 5454 1842 5507 iva
1871 5449 2134 5510 ducenda.
2212 5456 2283 5524 (r)
2313 5457 2402 5515 A.,
2449 5450 2534 5524 S._,

1559 5523 1622 5593 (ι)
1655 5523 1744 5587 Α.,
1783 5524 1997 5593 putrida
2035 5525 2175 5578 facta
2206 5523 2308 5578 cst.

2473 5450 2487 5466 ‘

2590 5453 2658 5505 ab
2690 5454 2947 5507 omnibus
2987 5448 3305 5504 circ-uitibus

2388 5523 2463 5592 (u)
2484 5520 2565 5594 S.,
2594 5522 2846 5594 fugerunt
2871 5541 2899 5594 :_
2916 5519 3118 5594 ωερε-δῇ
3153 5526 3306 5572 sunt...

73 5591 156 5664 (π)
191 5590 283 5664 ῥη
317 5589 649 5664 profundum
667 5591 936 5658 petierunt
964 5592 1429 5664 adghabitandum.
1509 5588 1582 5664 (ῃ)
1607 5588 1672 5647 Ὰ.

1757 5588 2088 5664 perditionem
2116 5610 2281 5663 super
2307 5588 2688 5649 Esau'adduxi'.
2765 5599 2836 5662 (ι)
2869 5592 2956 5652 Α.,
2983 5588 3065 5651 8.,
3096 5589 3306 5664 botrgs.

74 5662 155 5733 (α)
191 5657 789 5733 Νοηῡρντιιῐηριςιίωη.
816 5676 938 5733 qua;
964 5662 1300 5718 sufﬁciebant
1331 5665 1430 5718 eis.
1508 5657 1582 5733 (ὖ)
1608 5657 1696 5730 Α.,

1771 5703 1810 5728 .,
1868 5665 2070 5719 detexi.
2146 5656 2326 5735 (ὁ)Α.,
2359 5665 2628 5732 captivum
2657 5656 2876 5735 ductum
2909 5671 3010 5713 est.
3089 5659 3164 5728 (ά)
3203 5656 3306 5710 Re-

74 5730 248 5798 liqui:
283 5736 351 5806 et_
368 5728 738 5806 fratres'ejus,
753 5739 806 5785 et
830 5728 992 5786 vicini
1020 5735 1161 5803 ejus.
1186 5805 1199 5806 ί
1242 5736 1311 5804 (c)
1345 5736 1436 5800 Α.,
1467 5728 1712 5804 relinque
1738 5736 1994 5806 pupillos,
2015 5749 2118 5806 ego
2143 5728 2322 5790 vivere
2345 5728 2538 5806 faciam
2573 5744 2644 5798 te,
2687 5745 2742 5806 et
2786 5733 2960 5806 viduae
2989 5740 3111 5806 tute
3135 5742 3307 5806 super

73 5815 166 5852 me
212 5799 504 5880 confident.
583 5800 648 5867 (Γ)
706 5801 982 5881 ξεςτνθιιιιδ.
1049 5799 1132 5924 ’39)
1161 5799 1518 5886 Ειλλεοροε
1571 5799 1830 5886 servabo:
1895 5799 2262 5889 (hlﬂéiiqai:
2311 5806 2344 5886 jt

76 5868 153 5924 tk)
186 5874 276 5924 Α..
309 5869 452 5924 quod
486 5885 538 5923 III
606 5871 966 5924 sterilitatem.
1041 5876 1104 5924 ll
1158 5877 1246 5924 Α..
1295 5883 1352 5924 cl
1402 5893 1455 5924 tn
1511 5877 1770 5924 clatltttm.
1850 5877 1948 5924 (ml
1981 5875 2232 5924 licitam:
2272 5893 2344 5924 ert

1041 5874 1104 5944 (ι)
1158 5877 1246 5940 Α.,
1295 5883 1352 5930 ct.
1402 5877 1455 5931 in
1511 5877 1770 5946 gladium.
1850 5874 2232 5948 (ut)’Iieliq'ui-:
2272 5874 2584 5932 eritllosra.

76 5868 153 5941 (Ir)
186 5874 276 5938 Α.,
309 5869 452 5940 quod
486 5870 538 5923 iu
606 5871 966 5927 sterilitatem.

1895 5799 2208 5876 (hj’REliqui
2248 5823 2262 5858 :
2311 5804 2600 5876 judicium.
2681 5805 2741 5875 (i)
2795 5801 3051 5870 Reliqui:
3098 5799 3301 5855 bibent.
