3902 6488
56 411 202 468 2335

1342 415 1651 475 JEREMI/E
1693 419 1919 476 CAPUT
1969 421 2030 476 L.

3162 427 3304 482 2386

56 545 270 590 rentes.
329 534 379 588 5.
406 534 592 605 Usque
630 536 694 590 ad
750 537 970 593 Sionem
1024 539 1431 610 interrogabunt
1465 541 1632 601 viam,
1665 543 1706 599 Α
1741 541 2025 595 restituam
2060 539 2309 596 lsraelent
2347 541 2398 594 in
2426 558 2684 611 pascuum
2718 558 2900 610 suum,
2931 554 2986 601 et
3019 558 3202 616 pascet
3245 550 3298 604 iu

55 625 131 698 (lt)
172 628 264 683 hic
305 628 452 682 enim
493 627 685 683 faciem
735 645 889 684 suam
924 643 984 684 +
1013 629 1094 699 -(ι)
1127 629 1333 684 dabunt
1361 631 1409 699 ζ,
1445 641 1500 686 et
1535 647 1628 687 ve-

54 720 236 784 nient,
279 728 334 774 et
385 719 700 791 confugient
751 723 815 776 ad
863 721 1189 785 Dominum;
1243 731 1625 779 testamentum

51 811 208 864 enim
251 819 512 867 aeternum
548 827 656 866 non
692 814 949 868 oblivioni
979 815 1241 868 tradetur.
1264 815 1318 868 6.
1350 819 1626 884 Uvesper-

53 902 186 956 dita:
223 901 406 959 factus
433 914 514 958 est
553 905 782 975 populus
817 920 992 966 meus,
1025 914 1270 974 pastores
1303 921 1493 960 eorum
1527 906 1622 977 (m)

52 993 392 1063 expulerunt
422 1009 537 1061 eos,
583 1010 749 1064 super
783 1003 997 1050 montes
1029 995 1106 1065 tn)
1142 996 1477 1050 seduxerunt
1506 1011 1622 1061 eos,

48 1085 122 1139 de
155 1095 344 1141 monte
372 1103 536 1157 super
568 1088 760 1143 collem
796 1088 1066 1150 abierunt,
1100 1088 1250 1142 obliti
1280 1097 1408 1143 sunt
1431 1089 1626 1144 cubilis

49 1179 163 1232 sui.
195 1177 245 1232 7.
274 1176 479 1234 Omnes
509 1180 847 1235 invenientes
877 1195 973 1234 eos
1001 1188 1461 1250 consumpserunt
1489 1195 1620 1234 eos:

49 1269 127 1337 (a)
158 1269 368 1326 inimici
402 1286 590 1327 eorum
617 1274 872 1329 dixerunt
899 1291 913 1328 :
945 1271 1021 1328 Ne
1053 1273 1338 1342 quiescere
1358 1273 1624 1328 faciamus

47 1373 170 1424 eos,
201 1375 304 1430 pro
337 1376 401 1416 eo
425 1363 569 1432 quod
604 1373 898 1434 peccarunt
932 1363 1204 1419 Domino:
1238 1363 1314 1434 (p)
1356 1380 1619 1434 pascuum

40 1450 278 1519 iustitiae
306 1453 378 1516 ei,
406 1455 497 1523 qui
531 1464 821 1526 congregtt
870 1465 1048 1525 patres
1090 1471 1301 1520 eorum,
1331 1455 1618 1511 Dominus.

45 1540 100 1594 8.
139 1543 215 1612 (ᾳ)
241 1543 634 1600 Ahalienamini
669 1563 698 1600 e
737 1548 914 1602 medio
959 1546 1270 1619 Babylonis,
1318 1556 1372 1602 et
1401 1565 1431 1602 e
1473 1557 1617 1603 terra

44 1631 455 1704 Chaldaeorum,
492 1646 543 1690 et
577 1639 740 1703 exite,
775 1647 827 1692 et
869 1647 1040 1693 estote
1081 1640 1150 1710 (r)
1178 1640 1318 1695 sicut
1357 1641 1620 1695 dracones

44 1739 238 1779 coram
289 1725 428 1781 facie
471 1727 673 1782 ovium.
715 1728 767 1783 9.
813 1726 952 1794 Quia
1002 1745 1127 1784 ecce
1164 1744 1264 1798 ego
1315 1733 1516 1794 excito,
1564 1738 1619 1784 et

44 1817 352 1871 ascendere
399 1816 540 1873 facio
591 1834 754 1887 super
800 1818 1126 1888 Babylonem
1167 1821 1616 1892 congregationes

42 1908 293 1975 gentium
325 1925 642 1987 magnarum
672 1920 867 1966 eterra
899 1913 1303 1981 septentrionis,
1334 1922 1389 1968 et
1436 1930 1496 1968 se
1536 1914 1618 1968 in-

43 2007 264 2054 strnent
321 2001 582 2056 adversus
630 2016 792 2066 eam;
845 2003 969 2058 inde
1022 2003 1304 2073 capietur:
1354 2005 1496 2060 sicut
1548 2006 1616 2074 (ε)

40 2092 214 2142 telum
250 2092 567 2160 pugnaturis
597 2092 946 2163 intelligentis
984 2109 1085 2151 nec
1112 2095 1312 2151 redibit
1360 2112 1613 2150 vacuum.

39 2182 133 2235 10.
184 2181 258 2236 Et
278 2183 380 2238 erit
412 2182 660 2239 Chaldma
692 2186 746 2239 in
778 2185 1036 2255 prtedam,
1072 2196 1125 2242 et
1150 2203 1342 2244 omnes
1375 2187 1614 2258 praedan-

39 2285 124 2327 tes
171 2289 296 2327 eam
346 2275 756 2340 saturabuntur,
820 2278 952 2333 dicit
1009 2279 1294 2334 Dominus.
1338 2278 1420 2332 Il.
1477 2278 1612 2345 Quia

35 2362 218 2429 gavisi
245 2363 380 2418 estis
414 2373 468 2418 et
500 2366 734 2435 gloriati,
769 2383 892 2423 cum
917 2367 1221 2438 diripuistis
1249 2368 1612 2424 haereditatem

38 2469 248 2519 meam,
275 2455 402 2525 quia
438 2456 777 2526 exsultastls,
808 2457 952 2514 sicut
977 2461 1120 2516 tauri
1147 2460 1201 2515 in
1234 2460 1426 2525 herba,
1469 2471 1520 2516 et
1550 2463 1613 2532 (ι)

36 2558 214 2597 cornu
239 2545 490 2614 petiistis,
509 2545 650 2599 sicut
672 2546 874 2601 bubali.
895 2546 978 2601 l2.
998 2545 1224 2602 Erubuit
1244 2556 1418 2614 mater
1436 2561 1613 2606 vesua

36 2635 218 2699 valde,
272 2634 348 2704 (ιι)
398 2646 572 2691 mater
620 2638 676 2692 in
717 2638 898 2694 bona:
945 2654 1073 2694 ecce
1125 2640 1314 2694 ultima
1370 2641 1608 2711 gentium

36 2725 320 2778 desertum
356 2726 424 2792 »ζ
453 2725 570 2780 sine
600 2742 761 2797 aqua,
802 2738 856 2783 et
885 2743 992 2783 non
1023 2729 1290 2784 calcatum
1327 2730 1376 2798 ζ.
1407 2730 1492 2784 15.
1525 2731 1618 2784 ΑΙ)

34 2817 116 2870 ira
137 2815 358 2869 Domini
379 2831 484 2870 non
511 2818 840 2873 habitabitur
859 2839 874 2873 :
895 2829 947 2874 et
966 2821 1067 2875 erit
1089 2821 1141 2874 in
1164 2822 1386 2876 exitium
1410 2822 1606 2888 omnis,

31 2917 87 2961 et
113 2908 324 2972 omnis,
356 2909 448 2978 qui
505 2911 781 2965 transierit
815 2927 977 2981 super
1007 2906 1358 2983 Babylonem,
1398 2913 1476 2982 (at)
1513 2913 1612 2966 tri-

32 2999 301 3064 stabitur,
332 3011 386 3054 et
431 3001 674 3056 sibilahit
726 3018 893 3073 super
942 3017 1158 3058 omnem
1211 3003 1421 3073 plagam
1465 3003 1606 3072 ejus.

36 3087 124 3141 11.
181 3086 443 3143 lnstruite
495 3105 595 3145 vos
648 3106 814 3160 super
862 3091 1190 3162 Babylonem
1233 3093 1607 3155 circumcirca,

29 3192 230 3232 omnes
279 3178 564 3233 tendentes
608 3194 819 3245 arcum,
869 3180 1119 3249 sagittate
1155 3196 1317 3250 super
1344 3195 1487 3244 eam,
1540 3196 1608 3234 ne
1634 3217 1675 3274 Ο

28 3268 281 3338 parcatis
314 3284 481 3336 super
507 3270 627 3324 telis
654 3272 871 3336 vestris,
905 3274 973 3342 Χ
998 3272 1127 3342 quia
1158 3273 1388 3327 Domino
1418 3287 1608 3342 pecca-

26 3362 106 3415 vit
133 3361 187 3428 ζ.
219 3359 312 3414 15.
337 3361 412 3430 (y)
439 3359 503 3414 Et
526 3360 739 3416 fortiter
759 3363 900 3432 agite
928 3379 1092 3434 super
1108 3380 1227 3419 eam
1256 3365 1309 3419 in
1337 3363 1604 3419 circuitu:

24 3450 109 3520 (κ)
138 3449 428 3504 dissolutae
455 3457 582 3504 sunt
613 3466 810 3506 manus
850 3453 992 3522 ejus,
1019 3455 1334 3510 ceciderunt
1374 3454 1452 3525 (a)
1484 3470 1608 3523 pro-

24 3540 346 3610 pugnacula
376 3540 512 3608 ejus.
550 3548 604 3593 et
627 3543 934 3598 eradicatus
964 3553 1048 3600 est
1075 3560 1265 3599 murus
1293 3543 1412 3614 ejus
1437 3561 1452 3609 ;
1479 3543 1605 3613 quia

27 3631 278 3686 vindicta
309 3647 338 3685 a
381 3633 491 3687 Deo
521 3642 623 3698 est,
667 3635 742 3706 (b)
781 3635 1110 3690 ulciscimini
1151 3651 1294 3700 eam,
1340 3635 1609 3706 quemad—

30 3725 267 3778 modum
320 3724 466 3788 fecit,
523 3724 684 3780 facite
730 3728 800 3780 ei.
841 3726 928 3781 16.
968 3726 1147 3782 Delete
1191 3729 1263 3797 (c)
1309 3743 1492 3783 semen
1539 3743 1607 3782 ex

30 3815 338 3888 Babylone.
370 3824 422 3870 et
449 3824 720 3870 tenentem
748 3817 938 3871 falcem
969 3817 1022 3871 in
1053 3827 1294 3888 tempore
1323 3820 1518 3875 messis
1539 3821 1608 3875 ab

27 3916 160 3962 ante
191 3905 391 3960 faciem
440 3906 604 3976 gladii
641 3909 720 3978 (α)
754 3905 949 3973 Grazci,
999 3908 1377 3978 unusquisque
1410 3909 1463 3964 in
1513 3924 1608 3977 po—

27 3998 230 4066 pulum
269 4010 430 4050 suum
479 4005 843 4063 revertentur,
879 4006 934 4052 et
973 3999 1348 4067 unusquisque
1386 3997 1438 4053 in
1486 3999 1610 4065 (ter-

25 4087 175 4156 ram)
203 4087 270 4157 (')
301 4101 455 4141 suam
485 4086 674 4158 fugiet.
707 4087 796 4142 17.
827 4087 954 4144 Ovis
978 4103 1170 4143 errans
1196 4087 1383 4150 Israel,
1424 4088 1608 4144 leones

22 4179 372 4248 expulerunt,
397 4194 521 4234 eum
545 4197 559 4234 :
583 4180 790 4248 primus
811 4181 1046 4235 comedit
1066 4195 1190 4235 eum
1212 4197 1306 4236 rex
1335 4181 1604 4252 Assyrias:

21 4280 75 4324 et
112 4269 207 4323 hic
237 4271 504 4340 posterior
533 4270 600 4342 (c)
624 4286 744 4346 ossa
776 4271 896 4341 ejus
916 4269 1494 4340 (nNabuchodonosor
1515 4287 1605 4327 rex

28 4361 356 4432 Babylonis.
387 4361 478 4417 18.
511 4362 734 4434 Propter
776 4363 880 4417 hoc
910 4363 1024 4417 haec
1052 4363 1182 4418 dicit
1205 4361 1468 4418 Dominus
1500 4363 1609 4418 vir-

28 4463 217 4507 tutum
256 4452 396 4506 Deus
444 4451 700 4509 lsraelis:
739 4453 881 4509 Ecce
910 4469 1011 4524 ego
1043 4453 1114 4526 (g)
1150 4454 1384 4510 ulciscor
1419 4457 1486 4523 λ(
1514 4470 1608 4509 su-

1731 629 2006 696 Carmelo,
2036 643 2088 686 et
2119 632 2170 685 in
2202 631 2400 696 Basan,
2433 642 2487 687 et
2514 634 2567 687 in
2598 647 2784 692 monte
2833 635 3104 707 Ephrem,
3147 649 3201 693 et
3242 641 3298 693 in

1729 725 1956 790 Galaad,
1991 735 2044 781 et
2067 726 2460 781 saturahuntur
2483 728 2678 783 animae
2712 745 2927 786 eorum.
2963 729 3054 785 20.
3091 731 3144 785 ln
3175 731 3298 785 die-

1728 816 1832 872 bus
1880 809 2021 882 istis,
2069 827 2124 872 et
2167 818 2221 871 in
2273 825 2516 887 tempore
2560 819 2673 885 illo,
2717 820 2849 876 dicit
2890 821 3174 888 Dominus,
3230 821 3292 892 (1)

1726 917 1972 977 quaerent
2003 908 2324 978 injustitiam
2352 906 2667 974 lsraelis,et
2703 925 2810 964 non
2830 912 2957 976 erit,
2992 920 3046 966 et
3074 921 3293 982 peccata

1725 997 1897 1064 Iudae,
1917 1009 1971 1054 et
1997 1015 2102 1054 non
2127 999 2474 1054 invenientur
2497 1016 2512 1065 ;
2537 1000 2664 1070 quia
2687 1003 2950 1071 prepitius
2971 1018 3064 1058 ero
3089 1004 3292 1060 relictis

1725 1087 1815 1142 21.
1857 1089 1929 1160 (lt)
1960 1104 2125 1159 super
2153 1099 2330 1144 terra:
2367 1105 2552 1145 amare
2589 1091 2648 1162 (ι)
2689 1092 2922 1147 ascende
2951 1109 3116 1162 super
3144 1111 3287 1158 eam,

1723 1187 1779 1234 et
1810 1195 1971 1248 super
2032 1179 2340 1236 habitantes
2393 1196 2558 1250 super
2604 1196 2666 1235 ea
2719 1183 2862 1250 (m):
2903 1191 2955 1236 et
3006 1184 3288 1251 ulciscere,

1723 1269 1918 1340 gladie.
1950 1271 2028 1342 (η)
2051 1279 2105 1326 et
2133 1272 2288 1327 abole
2320 1276 2386 1343 Χ
2411 1282 2536 1343 post
2567 1287 2662 1328 eos
2695 1274 2838 1328 mala
2874 1275 2923 1341 ζ,
2951 1273 3086 1330 dicit
3110 1274 3293 1330 Domi-

1724 1377 1848 1426 nus,
1885 1370 1940 1416 et
1978 1360 2062 1416 fac
2090 1364 2388 1418 secundum
2424 1364 2626 1428 omnia,
2676 1381 2797 1434 qua:
2825 1381 3130 1438 praecepero
3167 1370 3285 1425 tibi.

1719 1455 1809 1510 22.
1847 1455 1960 1510 Vox
2001 1456 2126 1510 belli
2171 1457 2225 1511 in
2254 1465 2397 1512 terra
2429 1458 2828 1526 Chaldaeorum,
2882 1472 2935 1517 et
2985 1464 3290 1520 confractio

1721 1561 1936 1617 magna.
1992 1547 2083 1602 25.
2116 1547 2405 1614 Quomodo
2434 1550 2745 1606 confractus
2787 1562 2892 1618 est,
2927 1562 2982 1608 et
3021 1556 3287 1611 contritus

1685 1646 1803 1696 .est
1837 1638 2065 1692 malleus
2116 1640 2298 1696 omnis
2333 1643 2530 1697 terrae?
2584 1643 2861 1712 quomodo
2916 1643 3060 1699 facta
3103 1657 3185 1700 est
3229 1647 3284 1701 in

1719 1727 2106 1784 desolationem
2143 1728 2302 1785 Babel
2347 1731 2402 1786 in
2455 1733 2757 1803 gentibus?
2824 1735 2914 1788 24.
2967 1734 3044 1805 (o)
3103 1735 3282 1805 Impo-

1719 1827 1848 1872 nent
1879 1818 1995 1884 tibi,
2033 1828 2085 1874 et
2115 1820 2368 1890 capieris,
2399 1820 2584 1887 Babel,
2613 1823 2686 1892 (p)
2721 1833 2776 1878 et
2802 1839 2910 1879 non
2941 1840 3238 1895 cognosces
3266 1845 3280 1880 ε

1721 1908 1938 1964 inventa
1965 1926 2045 1975 es,
2083 1921 2138 1966 et
2164 1922 2320 1983 capta
2341 1929 2422 1978 es,
2452 1915 2578 1985 quia
2601 1916 2863 1972 adversus
2884 1915 3172 1971 Dominum
3207 1919 3281 1988 (ιι)

1719 1995 1936 2050 stetisti.
1969 1995 2059 2050 25.
2089 1999 2317 2067 Aperuit
2366 2002 2625 2056 Dominus
2659 2005 2973 2058 thesaurum
3019 2019 3199 2066 suum,
3229 2016 3283 2060 et

1717 2086 1940 2154 protulit
1963 2102 2092 2142 vasa
2121 2089 2216 2144 iras
2248 2105 2382 2156 suae,
2422 2093 2549 2159 quia
2596 2108 2732 2162 opus
2763 2096 2829 2161 χ
2858 2102 2942 2148 est
2979 2093 3001 2161 ζ
3052 2094 3282 2150 Domino

1718 2174 1790 2244 (r)
1831 2174 2061 2230 Domino
2092 2177 2349 2233 virtutum
2379 2181 2432 2234 in
2470 2191 2611 2236 terra
2639 2182 3035 2238 Chaldaeorum.
3087 2183 3182 2238 26.
3211 2186 3280 2254 (ε)

1716 2261 1852 2329 Quia
1878 2275 2146 2320 venerunt
2168 2269 2236 2335 ὶι(
2257 2270 2303 2322 ei
2334 2267 2355 2336 ζ
2391 2277 2629 2340 tempora
2658 2270 2816 2338 ejus:
2851 2272 3056 2340 aperite
3080 2272 3275 2326 horrea

1714 2353 1861 2422 ejus,
1922 2354 1987 2426 (t)
2043 2357 2363 2410 scrutamini
2412 2373 2569 2424 eam,
2620 2361 2767 2413 sicut
2824 2361 3177 2428 speluncam,
3223 2369 3278 2416 ct

1714 2445 1886 2500 delete
1979 2461 2141 2501 eam:
2200 2462 2267 2501 ne
2352 2449 2424 2501 sit
2484 2449 2760 2503 residuum
2821 2451 2970 2520 ejus:
3043 2451 3134 2505 27.
3198 2452 3276 2522 (tt)

1712 2537 1985 2592 exsiccate
2031 2553 2221 2592 omnes
2274 2537 2483 2594 fructus
2531 2540 2687 2610 ejus:
2751 2549 2806 2596 et
2851 2541 3186 2598 descendant
3219 2545 3276 2598 in

1712 2629 2094 2683 mactationetn
2121 2648 2134 2683 :
2169 2645 2249 2684 va:
2275 2631 2378 2695 eis,
2409 2631 2535 2700 quia
2563 2633 2711 2686 venit
2737 2633 2856 2687 dies
2894 2648 3108 2699 eorum,
3143 2645 3277 2689 tem-

1711 2735 1814 2789 pus
1851 2720 1928 2789 (ω)
1990 2721 2214 2776 ultionis
2275 2736 2488 2776 eorum.
2540 2723 2634 2779 28.
2690 2723 2806 2780 Vox
2843 2724 3165 2794 fugientium
3223 2734 3274 2782 ct

1709 2810 2052 2864 evadentium
2083 2825 2115 2865 e
2145 2819 2287 2866 terra
2315 2810 2626 2884 Babylonis,
2655 2814 2722 2868 ad
2754 2815 3188 2869 annuntiandum
3218 2816 3271 2869 in

1713 2901 1932 2956 Sionem
1964 2902 2250 2969 ultionem,
2283 2919 2403 2973 qua:
2453 2919 2482 2958 a
2532 2902 2762 2960 Domino
2811 2905 2922 2961 Deo
2951 2914 3162 2968 nostro,
3205 2911 3271 2976 χ(

1711 2991 1970 3047 ultionem
2009 2993 2190 3063 templi
2221 2993 2341 3062 ejus
2371 2993 2420 3062 ζ.
2452 2994 2542 3049 29.
2581 2993 2863 3065 Praecipite
2899 3011 3066 3065 super
3093 2995 3271 3065 Bahy-

1709 3084 1888 3140 lonem
1921 3085 2126 3148 multis,
2159 3086 2308 3139 omni
2339 3085 2575 3140 tendenti
2605 3101 2815 3150 arcum,
2865 3097 3042 3140 castra
3095 3096 3270 3140 meta-

1711 3177 1844 3231 mini
1875 3192 2040 3246 super
2065 3191 2185 3232 eam
2214 3177 2569 3232 circumcirca
2595 3195 2608 3232 :
2651 3193 2719 3232 ne
2757 3170 2827 3233 sit
2856 3178 3092 3233 evadens
3128 3177 3270 3247 ejus,

1710 3268 1989 3323 ret-ribuite
2003 3269 2052 3322 ei
2074 3269 2371 3323 secundum
2393 3284 2556 3338 opera
2576 3269 2696 3338 ejus
2716 3289 2728 3324 :
2751 3261 3046 3326 secundum
3064 3271 3269 3332 omnia,

1708 3350 1829 3429 qua
1863 3358 2008 3424 fecit,
2045 3357 2208 3414 facite
2251 3359 2323 3422 ei,
2355 3359 2483 3429 quia
2535 3361 2796 3416 adversus
2832 3359 3121 3415 Dominum
3182 3361 3262 3430 (υ)

1709 3448 1876 3512 stetit,
1902 3447 1975 3514 (ι)
2013 3445 2180 3501 Deum
2231 3456 2478 3501 sanctum
2510 3446 2748 3503 lsraelis.
2775 3449 2863 3505 50.
2898 3449 3126 3518 Pr0pter
3171 3451 3272 3502 hoc

1708 3538 1902 3594 cadent
1923 3537 2151 3607 juvenes
2179 3535 2300 3606 ejus
2353 3537 2408 3591 in
2455 3537 2648 3606 plateis
2675 3537 2815 3604 ejus,
2857 3547 2912 3590 et
2939 3550 3130 3591 omnes
3173 3535 3273 3590 viri

1708 3629 1994 3684 bellatores
2017 3629 2138 3698 ejus
2161 3629 2236 3697 (a)
2283 3629 2642 3698 projicientur
2673 3631 2739 3694 Χ
2762 3631 2814 3680 in
2845 3627 2932 3682 die
2953 3627 3046 3682 illo
3070 3629 3117 3697 ζ,
3142 3629 3273 3683 dicit

1709 3721 1989 3774 Dominus.
2027 3720 2114 3774 3t.
2136 3718 2274 3774 Ecce
2307 3734 2406 3789 ego
2443 3734 2608 3788 super
2628 3727 2677 3772 te
2696 3718 2770 3789 (ὁ)
2793 3718 3269 3776 contumeliosam.

1706 3813 1830 3868 dicit
1858 3811 2120 3866 Dominus
2149 3812 2433 3876 virtutum,
2455 3812 2579 3879 quia
2609 3810 2906 3864 venit-dies
2929 3809 2999 3878 (c)
3037 3819 3184 3870 tuus,
3218 3817 3272 3863 et

1711 3913 1922 3973 tempus
1959 3903 2035 3974 (d)
2067 3903 2287 3958 ultionis
2319 3911 2444 3968 tuae,
2477 3902 2564 3956 32.
2588 3911 2641 3956 et
2674 3901 3043 3956 inﬂrmabitur
3075 3909 3270 3954 contu-

1709 3995 1868 4048 melia
1901 4003 2014 4058 tua,
2048 4002 2102 4048 et
2131 3993 2313 4059 cadet,
2347 4002 2535 4048 etnon
2568 3993 2673 4048 erit
2701 3995 2992 4047 restituens
3023 4005 3182 4044 eam:
3219 4001 3272 4044 et

1707 4087 2000 4144 accendam
2028 4086 2206 4156 ignem
2228 4084 2297 4158 (e)
2324 4085 2377 4138 in
2402 4084 2536 4139 silva
2566 4085 2706 4153 ejus,
2737 4092 2790 4137 et
2814 4081 3060 4136 comedet
3083 4095 3273 4134 omnes

1707 4178 1970 4234 circuitus
1999 4179 2140 4248 ejus.
2193 4178 2282 4233 '53.
2337 4177 2459 4232 llaec
2489 4176 2624 4231 dicit
2675 4174 2936 4229 Dominus
2966 4174 3225 4227 virtutum
3255 4189 3269 4225 :

1707 4269 1966 4341 Oppressi
2001 4271 2096 4325 11111
2125 4269 2362 4334 Israelis,
2392 4278 2445 4324 et
2480 4269 2576 4324 11111
2624 4267 2778 4322 Juda:
2823 4266 2983 4321 simul
3015 4283 3028 4319 :
3061 4279 3272 4328 omnes,

1707 4363 1799 4431 qui
1829 4353 2076 4432 captivos
2103 4363 2383 4418 duxerunt
2412 4377 2524 4427 eos,
2571 4367 2960 4430 Oppresserunt
3005 4371 3123 4420 eos,
3178 4354 3272 4424 qui

1709 4469 1818 4508 non
1849 4453 2142 4508 voluerunt
2168 4454 2442 4508 dimittere
2475 4468 2588 4508 eos.
2615 4452 2706 4506 54.
2746 4450 2810 4520 (f)
2840 4448 2906 4502 Et
2932 4448 3026 4518 qui
3059 4445 3276 4500 redimit

28 4557 128 4611 per
155 4542 182 4610 ζ
218 4558 400 4613 regem
431 4543 743 4616 Babylonis,
783 4555 836 4601 et
865 4561 1026 4616 super
1067 4558 1264 4601 terram
1297 4547 1434 4616 ejus.
1466 4547 1605 4602 sicut
1639 4545 1680 4600 D
1709 4560 1803 4600 eos
1829 4544 2004 4609 fortis,
2046 4543 2313 4600 Dominus
2339 4547 2686 4616 omnipotens
2715 4558 2912 4600 nomen
2943 4542 2992 4595 ei
3022 4560 3036 4596 :
3086 4540 3158 4610 (g)
3185 4539 3274 4608 ju-

32 4634 115 4699 (h)
150 4634 302 4688 ultus
348 4650 470 4689 sum
511 4638 576 4703 Β(
604 4638 818 4707 super:
854 4653 1033 4708 regem
1086 4637 1346 4706 Assyriae.
1400 4637 1484 4692 19.
1541 4637 1606 4694 Ει

1711 4635 1911 4690 dicium
1929 4635 2204 4704 judicabit
2224 4637 2484 4692 adversus
2513 4636 2854 4691 adversarios
2885 4633 3026 4704 ejus,
3057 4642 3115 4686 ut
3139 4631 3276 4684 levet

106 4857 184 4920 (Is)
219 4855 310 4913 Α..
344 4866 470 4906 ecce
501 4826 878 4906 facies'eorum
905 4851 1139 4915 venient,
1161 4861 1216 4906 et
1239 4868 1297 4907 se
1323 4851 1614 4920 adjungent
1641 4849 1884 4905 Domino.
1955 4849 2018 4920 (ι)
2035 4847 2478 4920 Commutabunt.
2548 4851 2641 4920 (m)
2666 4850 2754 4915 A.,
2791 4849 2873 4912 8.,
2916 4851 3270 4910 seduxerunt.

29 4929 109 4994 (tt)
126 4926 216 4986 8.,
244 4924 746 4994 circumduxerunt.

0 4991 280 5070 ,biiaculo
300 4992 472 5070 justo.
528 4991 739 5070 .(q)_A.,
877 5003 1211 5070 commovete
1233 5009 1347 5070 vos.

30 5071 98 5124 (tl
131 5071 224 5128 .11.,
262 5061 592 5116 hinnivistis.
625 5061 709 5127 8.,
741 5063 1037 5118 clamastis.

28 5136 117 5199 8.,
162 5133 386 5186 ululate.
471 5133 546 5194 (a)
577 5134 671 5196 Α.,
705 5133 853 5187 dedit
881 5147 1101 5187 manum
1129 5149 1306 5190 suam.

27 5214 102 5276 (cl
156 5201 245 5264 Α..
272 5199 391 5276 *8.,
433 5203 837 5276 settti_natorem.

29 5270 102 5343 (ε)
143 5277 236 5336 Α.,
263 5270 346 5336 8.,
378 5272 699 5343 comminuit
727 5287 872 5325 eum.
947 5273 1014 5341 (r)
1055 5273 1320 5326 Comedit.

29 5339 324 5414 iniquitas.
359 5408 368 5414 _
403 5339 475 5414 (It)
499 5339 582 5414 S._,
615 5356 780 5408 super
813 5339 1010 5414 terram
1052 5339 1459 5414 iracunuorum.

826 4925 898 4992 (ο)
926 4920 1014 4986 Α.,
1050 4920 1169 4986 ΤΙι.,
1199 4933 1252 4977 et
1280 4918 1840 4999 qui‘cir‘euntagebant
1872 4918 2312 4999 eamdi-xerunt:
2344 4918 2459 4997 Non
2495 4918 2890 4999 deliuquetn‘u‘s.

1422 4992 1491 5060 (r)
1524 4989 1612 5054 A.,
1648 4989 1732 5056 8.,
1775 4991 1916 5046 sicut
1945 4989 2202 5044 basilisci.
2236 4988 2358 5060 Th.,
2387 4989 2526 5041 sicut
2553 4988 2713 5060 haedi.
2789 4992 2855 5056 (ε)
2895 4988 3265 5047 Telaeorum.

1114 5063 1191 5132 (ω)
1228 5061 1310 5126 8.,
1342 5058 1784 5132 ΤΙιζ,⁷ι)ιιιιιξ1“θειθ
1807 5071 1912 5125 est,
1941 5075 2063 5132 quae
2086 5059 2281 5132 genuit
2296 5075 2413 5132 vos.
2448 5058 2693 5132 _(x)_S.,
2715 5061 3003 5116 haesitabit.
3083 5063 3159 5132 (ῃ)
3180 5063 3276 5122 Α..

1396 5131 1472 5200 (a)
1499 5129 1588 5194 Ὰ.,
1625 5131 1972 5185 fundamenta
1997 5129 2136 5199 ejus.

916 5201 1022 5270 (dit
1043 5202 1128 5259 Α..
1162 5201 1245 5265 8.,
1290 5197 1448 5257 ebrii.
1481 5205 1545 5270 (‘)
1573 5201 1698 5255 Haec
1729 5216 1831 5254 vox
1863 5200 1953 5255 hic
1975 5197 2176 5254 omissa
2199 5199 2434 5260 videtur,
2462 5197 2662 5250 habent
2692 5199 2835 5251 enim
2865 5199 3034 5255 llehr.
3060 5209 3114 5254 et
3144 5219 3272 5257 Lxx.

947 5273 1014 5325 (Γ)
1055 5273 1320 5325 Comedit.
1414 5272 1487 5325 (al
1513 5273 1604 5325 Α..
1636 5269 1720 5325 8..
1755 5271 1937 5324 visito.
2020 5270 2098 5325 (hi
2126 5269 2214 5325 A..
2240 5268 2325 5325 S..
2358 5267 2592 5321 visitavi.
2669 5267 2733 5325 (ἱ)
2761 5267 2851 5325 Α..
2885 5267 2969 5325 8..
3001 5283 3272 5325 emeretur

1513 5273 1604 5334 Α..
1636 5271 1720 5334 8.,
1755 5271 1937 5324 visite.

1414 5272 1487 5342 (9)
1513 5273 1604 5334 Α..

1414 5358 1459 5394 rt.
1536 5343 1596 5410 tl)

1714 5313 1720 5332 ,
1755 5272 1937 5324 visito.
2020 5272 2098 5340 (It)
2126 5272 2214 5334 A.,
2240 5272 2325 5332 8.,
2358 5272 2592 5321 visitavi.
2669 5272 2733 5334 (i)
2761 5272 2851 5331 Λ.,
2885 5272 2969 5334 8.,
3042 5283 3274 5327 meretur

1714 5341 1767 5394 :il
1801 5339 2066 5395 Dominus
2095 5355 2257 5410 super
2289 5350 2499 5410 te_rraLIt_
2548 5336 2903 5393 irritantium.
2947 5289 3042 5410 (ιῶ
3072 5342 3162 5402 Α..
3191 5340 3274 5406 8.,

2968 4923 3042 4992 (ρ)
3066 4921 3148 4987 8-.
3177 4923 3273 4976 ha-

2219 5130 2292 5197 (b)
2315 5127 2404 5193 A.,
2439 5126 2520 5191 8.,
2551 5126 2845 5183 vindictam
2879 5132 3074 5186 sumite
3091 5126 3163 5186 de
3187 5150 3276 5190 ea.

2020 5270 2098 5340 (It)
2126 5269 2214 5334 A.,
2240 5268 2325 5332 8.,
2358 5267 2592 5340 visitavi.
2632 5337 2642 5340 _
2669 5267 2733 5334 (1)
2761 5267 2851 5340 ᾼ.,
2885 5267 2969 5334 8.,
3001 5283 3280 5340 timeretur

31 5406 222 5469 visi'ta.
301 5408 379 5479 (η)
413 5406 500 5473 AL,
533 5409 617 5474 8.,
643 5406 696 5464 et
718 5411 1007 5478 perditioni
1038 5411 1261 5464 devove.
1342 5416 1416 5478 (ο)
1451 5406 1584 5465 Steti

1714 5427 1883 5466 'ersus
1919 5421 1986 5463 te.
2066 5410 2141 5479 (p)
2167 5406 2260 5472 14.,
2305 5406 2398 5479 8.,
2439 5407 2559 5465 ΤΙι..
2592 5415 2646 5460 tu
2679 5416 2859 5461 autem
2910 5406 3032 5462 non
3049 5413 3275 5466 novisti.

30 5486 106 5554 (q)
143 5484 232 5548 Α.,
267 5480 349 5544 8.,
375 5481 519 5554 litem
552 5480 785 5534 movisti.

30 5548 264 5618 d'efigite
287 5568 429 5615 eam,
458 5549 1034 5630 sicutaccutnulantes.
1067 5548 1161 5630 ’8.,
1183 5551 1354 5630 tollite
1371 5565 1517 5630 eam,
1547 5551 1688 5630 sicut
1715 5553 2070 5630 marsupiutn.

1060 5620 1140 5688 (ω)
1169 5619 1259 5684 Α.,
1285 5621 1607 5674 visitationis

1067 5689 1116 5757 ὁ)
1181 5689 1270 5772 ᾼέ,
1312 5687 1613 5772 ‘S.,nsuper

1714 5623 1784 5692 (υ)
1816 5619 1913 5685 Α..
1938 5620 2023 5685 8.,
2057 5621 2290 5691 superbe
2339 5619 2465 5689 egit.
2547 5620 2617 5686 (ι)
2652 5619 2740 5680 Α.,
2797 5619 2964 5670 Deum
2992 5673 2995 5675 _
3026 5629 3278 5674 sanctum

1718 5729 1730 5742 .
1809 5697 1891 5772 (c).
1911 5693 2103 5745 Casus.
2141 5761 2152 5769 ~
2179 5689 2256 5761 (Δ)
2393 5689 2735 5772 χίεἰιίιῑὶςηιίξ
2756 5697 2889 5768 tum.
3015 5687 3280 5772 impinget

29 5633 88 5676 et
117 5623 456 5676 descendant
479 5621 546 5674 ad
569 5619 976 5675 mactationem.

30 5693 277 5748 lsraelis.
355 5689 967 5756 (a)S..obmutescent.
1043 5689 1116 5757 (ὁ)
1181 5689 1222 5742 Α

31 5730 314 5829 ὲῖιῖὲίῗὶἱῖξι.
357 5730 1116 5832 763'.fiH'EVb‘iifdikjdéf
1181 5730 1270 5829 iii’
1292 5730 2207 5832 Αῗ,”δῗῖ¹ἕ›ἶ’ἀῖιῖ’ρτὸῖίιῖᾶιῖἐὶἔέίέ.

33 5849 254 5892 (ξυνιιηι,

864 5481 934 5548 (r)
969 5479 1102 5550 Deo.
1174 5487 1241 5542 (ε)
1268 5477 1361 5544 .4.,
1396 5477 1576 5535 venite

1714 5502 1721 5535 ι
1762 5477 2378 5550 (ιοιιευιιιιιιίὶιὶοιιεηδη
2409 5479 2604 5531 intrate
2631 5492 2773 5541 eam,
2798 5492 3011 5550 omnes.
3091 5480 3155 5550 (ι)
3181 5481 3272 5544 Α..

2145 5551 2222 5620 (ιι)
2251 5548 2315 5604 Α.
2335 5589 2350 5613 ,
2383 5558 2588 5620 vastate
2613 5563 2829 5620 omnem
2857 5545 3109 5602 fructum'
3132 5545 3276 5615 ejus,

1708 5623 1784 5692 (y)
1816 5615 1914 5685 Α..
1938 5620 2023 5685 8.,
2057 5615 2315 5692 superbe
2339 5619 2499 5692 egit.
2547 5620 2617 5692 (ι)
2652 5615 2740 5692 ᾼη
2797 5615 2964 5692 Deum
2992 5673 2995 5675 _
3019 5629 3278 5692 sanctum

2291 5761 2364 5829 (θ)
2389 5757 2472 5826 8.,
2500 5759 2776 5832 puniendo
2807 5758 2984 5828 exiget
3009 5757 3282 5829 judicium
