3902 6536
517 408 663 463 2587

1684 417 1911 472 CODEX
1953 416 2625 473 SYllO—HEXAPLARIS.

3606 425 3755 483 2388

516 538 753 580 terram:
787 523 862 595 (Il)
905 534 958 582 et
991 526 1224 581 irritabit
1278 528 1642 585 inhabitantes
1701 531 2034 602 Babylonem
2064 552 2079 590 :
2112 537 2159 595 Α
2186 532 2425 588 confossi
2448 533 2525 602 (d)
2554 549 2582 587 a
2614 533 2747 587 foris
2768 533 2907 603 ejus.
2937 534 2992 589 5.
3016 533 3152 601 Quia
3180 553 3292 591 non
3320 536 3568 592 viduavit
3594 538 3758 593 Israel

514 618 603 671 55.
654 618 891 687 gladium
940 634 1103 687 super
1144 620 1447 683 Chaldaeos,
1500 622 1635 677 dicit
1680 621 1960 687 Dominus,
2026 633 2082 679 et

516 724 679 774 super
710 709 1020 765 habitantes
1047 710 1100 763 in
1133 709 1434 781 Babylone,
1476 723 1531 768 et
1583 729 1746 784 super
1802 724 2083 786 magnates

518 802 659 866 ejus,
694 809 746 869 et
768 815 931 870 super
961 802 1023 870 (i)
1056 801 2026 877 intelligentesejuszm.Xgladium
2055 807 2079 875 ζ

518 892 590 962 (Ir)
632 909 794 962 super
820 903 970 948 vates
1017 893 1160 963 ejus,
1195 904 1249 948 et
1278 894 1595 950 auferentur
1629 914 1644 951 :
1680 900 1746 963 κς
1780 898 2019 969 gladium
2054 898 2078 966 ζ

518 1000 682 1054 super
729 994 1057 1053 pugnatores
1104 984 1242 1052 ejus,
1282 996 1335 1040 et
1390 985 1797 1043 dissolventur:
1841 989 2081 1060 gladium

516 1090 681 1143 super
720 1074 781 1145 (ι)
820 1091 991 1143 equos
1046 1091 1257 1143 eorum,
1308 1088 1363 1133 et
1410 1094 1575 1148 super
1629 1096 1824 1135 currus
1868 1095 2080 1145 eorum,

514 1165 604 1219 37.
636 1169 703 1233 Ἀ(
752 1174 806 1221 et
852 1183 1018 1236 super
1063 1184 1279 1224 omnem
1315 1170 1339 1238 ζ
1384 1172 1736 1228 commixtum
1787 1172 1842 1227 in
1904 1174 2082 1229 medio

514 1256 658 1323 ejus,
687 1264 740 1311 et
766 1266 927 1311 erunt
971 1259 1116 1313 sicut
1148 1260 1439 1317 mulieres:
1473 1262 1712 1333 gladium
1759 1279 1925 1334 super
1960 1265 2082 1320 the-

515 1364 706 1404 sauros
734 1348 874 1418 ejus,
889 1359 942 1404 et
958 1350 1282 1420 diripientur
1303 1374 1315 1407 :
1334 1353 1425 1407 58.
1445 1355 1680 1424 gladium
1702 1371 1865 1425 super
1880 1373 2081 1426 aquam

525 1440 644 1507 ejus
663 1441 784 1510 (m),
811 1451 865 1496 et
879 1443 1359 1514 erubescent,quia
1378 1454 1519 1500 terra
1542 1448 1872 1517 sculptilium
1902 1458 2006 1514 est,
2029 1459 2084 1503 et

516 1534 593 1602 (η)
634 1532 687 1586 in
729 1533 925 1590 insulis
952 1549 1014 1589 -t—
1050 1538 1214 1606 non:
1269 1537 1664 1608 gloriabantur.
1712 1539 1801 1594 39.
1852 1538 2082 1609 Propter

514 1624 617 1677 hoc
643 1623 964 1680 habitabunt
990 1626 1064 1697 (ο)
1099 1637 1311 1696 spectra
1341 1629 1397 1683 in
1429 1629 1659 1684 insulis:
1691 1641 1744 1684 et
1762 1631 2083 1687 habitahunt

513 1730 675 1783 super
710 1731 775 1771 ea
802 1717 922 1771 filiae
948 1720 1023 1787 (p)
1055 1719 1293 1773 sirenum
1327 1738 1341 1773 :
1400 1734 1470 1762 νο
1517 1720 1589 1791 (q)
1616 1730 1670 1775 et
1714 1737 1822 1775 non
1860 1722 1881 1788 ζ
1911 1721 2081 1776 aedili-

513 1806 724 1862 cabitur
745 1810 979 1878 amplius
1011 1811 1066 1864 in
1096 1811 1403 1875 victoriam,
1436 1818 1491 1865 et
1516 1826 1626 1865 non
1657 1812 1993 1868 habitabitur
2022 1813 2075 1867 in

2184 633 2238 679 et
2266 623 2402 679 Juda
2431 639 2460 676 a
2495 624 2605 677 Deo
2642 640 2761 688 suo,
2800 641 2831 679 a
2862 625 3093 681 Domino
3119 629 3186 697 (ε)
3216 629 3765 700 omnipotente.quia

2186 723 2329 769 terra
2361 731 2549 771 eorum
2583 717 2797 786 impleta
2826 719 3255 787 estiniquitatea
3276 723 3485 777 sanctis
3512 722 3761 777 Israelis.

2184 806 2236 862 6.
2270 807 2462 878 Fugite
2487 809 2710 863 emedio
2726 808 3038 880 Babylonis,
3069 821 3122 865 et
3146 812 3353 866 salvate
3374 816 3765 883 unusquisque

2185 899 2419 950 animam
2470 912 2623 952 suam
2649 938 2664 962 ,
2717 908 2770 953 et
2803 914 2869 951 ne
2898 899 2965 968 (1⁸)
2999 900 3364 968 projiciamini
3400 904 3457 957 in
3489 904 3765 973 injustan

2182 990 2334 1058 ejus;
2365 990 2491 1059 quia
2522 1001 2733 1060 tempus
2773 992 2997 1047 ultionis
3026 994 3149 1062 ejus
3178 1005 3307 1050 esta
3347 994 3589 1050 Domino
3614 1036 3631 1061 ,
3688 1013 3749 1049 re

2183 1079 2532 1134 tributionem
2562 1080 2678 1149 ipse
2709 1083 2966 1137 retribuet
2988 1086 3061 1139 ei.
3097 1085 3154 1139 7.
3179 1084 3329 1140 Calix
3361 1088 3479 1141 auri
3508 1087 3683 1142 Babel
3712 1089 3769 1140 in

2184 1187 2351 1227 manu
2378 1172 2632 1238 Domini,
2695 1173 2972 1231 inebrians
3000 1192 3214 1230 omnem
3251 1188 3448 1231 terrain
3477 1197 3491 1231 :
3529 1180 3602 1234 de
3638 1179 3772 1233 vino

2181 1264 2300 1334 ejus
2331 1264 2584 1318 biberunt
2610 1274 2830 1336 gentes,
2870 1277 3087 1336 propter
3126 1268 3229 1323 hoc
3270 1269 3603 1323 vacillarunt
3631 1286 3770 1340 gen-

2180 1363 2284 1411 tes.
2317 1355 2370 1411 8.
2403 1354 2469 1409 Et
2526 1356 2704 1410 subito
2742 1358 2939 1412 cecidit
2978 1359 3159 1425 Bahel,
3218 1369 3274 1414 et
3310 1362 3598 1415 confracta
3642 1372 3766 1416 est:

2182 1444 2829 1514 (g)lamentaminieam,
2888 1448 3088 1501 sumite
3140 1449 3380 1504 resinam
3413 1451 3762 1519 corruptioni

2181 1535 2321 1604 ejus,
2356 1534 2497 1590 forte
2526 1536 2835 1591 sanabitur.
2868 1537 2922 1592 9.
2970 1536 3290 1593 Sanavimus
3321 1539 3687 1610 Babylonem,
3710 1551 3768 1593 et

2182 1640 2290 1679 non
2317 1635 2505 1681 sanata
2544 1636 2662 1681 est:
2718 1628 3165 1698 derelinquamus
3194 1644 3313 1683 eam
3339 1671 3356 1693 ,
3397 1639 3455 1684 et
3502 1632 3766 1685 abeamus

2181 1716 2559 1785 unusquisque
2587 1716 2640 1769 in
2670 1726 2873 1770 terram
2908 1732 3064 1771 suam
3094 1735 3108 1783 ;
3136 1718 3264 1785 quia
3296 1718 3767 1788 appropinquavit

2182 1805 2235 1859 in
2258 1806 2741 1875 cmlumjudicium
2768 1808 2905 1876 ejus,
2942 1807 3014 1878 (Ii)
3048 1808 3321 1862 sublatum
3369 1819 3453 1863 est
3498 1823 3684 1878 usque
3706 1810 3763 1877 (il

514 1897 793 1953 saculuui.
818 1900 908 1954 40.
939 1899 1305 1968 Sicutevertit
1326 1900 1469 1956 Deus
1490 1904 1557 1970 Χ
1577 1904 1678 1973 τὴν
1708 1904 1730 1971 ζ
1759 1901 2076 1972 Sodomam,
2109 1880 2152 1936 Β
2181 1900 2246 1954 ad
2276 1908 2442 1955 astra.
2476 1898 2565 1958 10.
2588 1899 2818 1955 Protulit
2850 1898 3113 1954 Dominus
3142 1899 3214 1971 (lt)
3252 1900 3517 1969 judicium
3552 1916 3718 1954 suum
3746 1921 3762 1956 :

514 1999 569 2044 et
589 1989 936 2055 Gomorram,
970 2000 1025 2047 et
1052 1993 1264 2048 vicinas
1293 1993 1446 2063 ejus,
1479 1994 1613 2049 dicit
1650 1993 1935 2061 Dominus,
1965 2012 2076 2051 non

516 2081 781 2141 habitabit
810 2082 883 2136 ibi
917 2083 1103 2149 homo,
1146 2100 1323 2153 neque
1351 2086 1783 2141 commorabitur
1825 2087 1897 2141 ibi
1934 2088 2077 2144 filius

517 2173 774 2235 hominis.
815 2174 906 2230 41.
938 2173 1078 2229 Ecce
1119 2176 1351 2245 populus
1385 2178 1536 2231 venit
1568 2177 1637 2232 ab
1682 2178 1959 2248 aquilone,
2024 2189 2079 2235 et

515 2266 749 2333 populus
795 2281 1046 2337 magnus,
1073 2275 1128 2323 et
1180 2283 1333 2339 reges
1376 2269 1535 2323 multi
1589 2271 1974 2326 excitabuntur
2010 2274 2080 2327 ab

514 2364 756 2411 extremo
795 2366 972 2423 terrae,
1006 2360 1099 2414 42.
1140 2375 1321 2423 arcus,
1372 2372 1426 2415 et
1486 2363 1556 2433 (r)
1610 2363 1777 2434 pugio
1816 2372 1900 2418 est
1953 2365 2076 2420 eis:

516 2450 684 2502 durus
709 2460 812 2512 est,
844 2460 897 2503 et
931 2465 1040 2505 non
1069 2452 1413 2508 miserebitur
1441 2474 1455 2510 :
1484 2469 1587 2509 vox
1612 2469 1804 2509 eorum
1841 2464 1901 2508 ut
1928 2470 2080 2509 mare

516 2540 957 2604 tumultuabitur,
981 2557 1147 2611 super
1170 2545 1329 2613 equis
1356 2546 1674 2615 equitabnnt
1707 2546 1904 2614 parati,
1938 2545 2082 2599 sicut

518 2628 678 2698 ignis,
716 2630 768 2684 in
800 2630 1024 2695 bellum,
1058 2633 1126 2687 ad
1156 2644 1227 2695 te,
1261 2634 1368 2688 lilia
1390 2634 1700 2706 Babylonis.
1726 2635 1816 2689 45.
1858 2636 2083 2689 Audivit

515 2735 608 2774 rex
622 2720 911 2792 Babylonis
923 2723 1122 2779 famam
1142 2740 1356 2791 eorum,
1372 2739 1426 2781 et
1446 2728 1728 2782 dissolutae
1739 2738 1867 2782 sunt
1884 2742 2083 2783 manus

514 2811 661 2880 ejus:
684 2813 901 2869 alilictio
913 2816 1527 2884 obtinuiteum,dolores
1539 2818 1972 2888 sicutparientis.
1988 2819 2079 2872 64.

515 2902 655 2958 Ecce
678 2905 820 2959 sicut
858 2905 941 2959 leo
972 2907 1228 2961 ascendet
1255 2924 1286 2961 a
1304 2909 1372 2977 χ
1395 2909 1463 2979 (ε)
1492 2908 1757 2977 jactantia
1781 2909 1803 2976 ζ
1824 2907 2082 2963 Jordanis

515 2994 581 3063 (ι)
603 2995 657 3048 iu
688 2995 867 3050 locum
890 2990 1140 3064 Etham;
1169 2999 1297 3066 quia
1330 3000 1582 3054 celeriter
1597 2999 1862 3067 expellam
1898 3014 1995 3056 eos
2012 2999 2082 3054 ab

514 3099 602 3151 ea,
623 3094 677 3139 et
703 3102 917 3140 omnem
940 3087 1193 3155 juvenem
1216 3103 1379 3158 super
1407 3104 1525 3143 eam
1559 3090 1923 3145 constituam:
1953 3090 2082 3157 quia

514 3177 637 3246 quis
667 3177 812 3232 sicut
836 3193 956 3249 ego,
973 3182 1173 3249 etquis
1196 3181 1361 3236 stabit
1380 3193 1570 3236 contra
1592 3182 1715 3235 me?
1751 3180 1957 3250 thuis
1992 3181 2082 3236 hic

514 3275 721 3337 pastor,
748 3270 840 3338 qui
864 3271 1030 3325 stabit
1051 3287 1237 3326 coram
1268 3272 1407 3327 facie
1431 3288 1549 3327 mea
1571 3274 1594 3326 ‘l
1614 3273 1705 3327 45.
1731 3272 1957 3343 Propter
1980 3273 2083 3327 hoc

515 3360 701 3416 audite
744 3363 1035 3417 consilium
1074 3363 1315 3428 Domini,
1351 3367 1495 3435 quod
1531 3366 1866 3422 consultavit
1921 3381 2086 3435 super

517 3451 868 3522 Babylonem,
882 3463 933 3508 et
950 3454 1310 3525 cogitationes
1334 3457 1478 3526 ejus,
1492 3472 1628 3526 quas
1645 3458 1898 3527 cogitavit
1921 3471 2085 3526 super

515 3544 823 3600 habitantes
859 3548 937 3612 (at)
976 3547 1300 3603 Chaldaos:
1349 3550 1395 3603 si
1445 3565 1553 3603 non
1602 3552 1680 3619 (π)
1718 3554 2083 3622 corrumpatis

515 3651 684 3703 agnus
701 3639 882 3691 ovium
900 3640 1170 3702 eorum,si
1188 3654 1294 3693 non
1314 3639 1593 3694 aboleatur
1611 3643 1679 3694 ab
1700 3641 1779 3695 eis
1795 3656 2079 3710 pascuum.

513 3727 601 3782 46.
632 3728 769 3794 Quia
820 3745 851 3782 a
890 3745 1022 3783 voce
1063 3730 1420 3800 subjectionis
1451 3730 1743 3802 Babylonis
1771 3747 2083 3788 commove-

513 3819 661 3875 bitur
714 3831 877 3887 terra,
927 3833 981 3879 et
1014 3825 1221 3879 clamor
1267 3825 1387 3895 ejus
1438 3825 1497 3879 in
1541 3826 1789 3896 gentibus
1809 3824 2079 3879 audietur.

581 3912 715 3983 Cap.
752 3914 836 3968 LI.
867 3917 1000 3969 -1.
1032 3915 1157 3971 Haec
1184 3916 1316 3971 dicit
1346 3915 1610 3973 Dominus
1636 3935 1652 3973 :
1682 3916 1819 3973 Ecce
1850 3933 1951 3987 ego
1986 3933 2081 3973 ex-

511 4006 623 4060 cito
655 4022 817 4075 super
844 4007 1191 4079 Babylonem,
1222 4016 1276 4063 et
1304 4023 1467 4078 super
1502 4009 1809 4064 habitantes
1837 4006 1915 4079 (y)
1934 4050 1947 4073 ,
1985 4023 2084 4065 cur

514 4099 835 4167 erigentium
862 4141 878 4165 ,
922 4110 1142 4154 ventum
1200 4110 1364 4157 aestus
1387 4110 1848 4171 corrumpentem.
1915 4101 1972 4155 2.
2016 4101 2083 4156 Et

514 4193 753 4245 emittam
808 4191 862 4245 in
897 4192 1222 4263 Babylonem
1257 4194 1327 4263 (ι)
1355 4193 1772 4259 conviciatores,
1812 4203 1866 4248 et
1891 4201 2084 4248 contu-

512 4284 670 4337 melia
701 4282 934 4337 alﬁcient
962 4299 1105 4345 eam,
1134 4286 1212 4354 (α)
1242 4294 1296 4338 et
1331 4286 1557 4355 perdent
1604 4293 1804 4338 terram
1830 4284 1981 4354 ejus:
2014 4287 2081 4353 Χ

513 4375 688 4443 quia:
736 4390 817 4429 vze
874 4390 1036 4445 super
1090 4375 1417 4446 Babylonem
1470 4376 1826 4430 circumcirca
1880 4376 1935 4430 in
1987 4376 2076 4429 die

512 4466 695 4519 damni
725 4466 867 4534 ejus.
900 4468 953 4521 5.
980 4465 1058 4521 Ne
1078 4468 1280 4532 tendat,
1329 4467 1423 4536 qui
1483 4466 1657 4521 tendit
1684 4480 1873 4519 arcum
1897 4481 2079 4531 suum,

2181 1994 2383 2059 venite,
2414 2002 2469 2048 et
2497 1994 2883 2048 annuntiemus
2915 1992 2968 2047 in
3008 1992 3174 2047 Sione
3199 2008 3364 2062 opera
3398 1993 3623 2047 Domini
3674 1992 3761 2046 Dei

2178 2083 2375 2138 nostri.
2413 2082 2500 2137 11.
2542 2081 2850 2152 Praeparate
2878 2082 3009 2145 tela,
3034 2081 3253 2151 implete
3278 2083 3573 2150 pharetras
3610 2100 3623 2135 :
3672 2098 3762 2136 ex-

2179 2176 2363 2230 citavit
2394 2175 2661 2231 Dominus
2698 2177 2952 2247 spiritum
3009 2174 3153 2244 regis
3185 2174 3510 2240 Medorum;
3546 2174 3675 2243 quia
3706 2176 3757 2225 in

2179 2267 2511 2338 Babylonem
2541 2269 2603 2339 (ι)
2637 2268 2718 2322 ira
2759 2268 2915 2338 ejus,
2978 2267 3044 2321 ad
3079 2266 3369 2321 delendum
3435 2283 3588 2331 eam,
3639 2271 3763 2336 quia

2180 2362 2313 2415 ultio
2337 2360 2551 2416 Domini
2586 2371 2687 2427 est,
2724 2362 2856 2416 ultio
2881 2361 3064 2431 templi
3092 2361 3229 2430 ejus.
3251 2362 3339 2414 l2.
3378 2361 3560 2429 Super
3594 2362 3765 2415 muris

2181 2452 2475 2523 Babylonis
2500 2455 2706 2509 elevate
2733 2455 2972 2525 signum,
3001 2454 3097 2522 (in)
3132 2454 3453 2508 constituite
3479 2454 3761 2515 excubias.

2182 2543 2370 2613 ponite
2421 2543 2706 2611 excubias,
2753 2553 3053 2613 praeparate
3102 2542 3178 2613 (η)
3225 2559 3415 2609 arma;
3446 2544 3580 2612 quia
3618 2544 3764 2598 dedit

2182 2633 2236 2687 in
2262 2648 2458 2688 manus
2496 2633 2553 2704 (i.
2577 2648 2627 2688 e.
2660 2649 2938 2703 aggressus
2997 2632 3098 2702 est)
3147 2630 3413 2687 Dominus
3439 2672 3456 2697 ,
3494 2643 3553 2687 et
3585 2634 3763 2695 faciet,

2182 2740 2303 2794 qua:
2320 2725 2531 2779 locutus
2547 2734 2631 2779 est
2646 2740 2808 2794 super
2825 2725 3132 2779 habitantes
3150 2724 3201 2777 in
3224 2723 3524 2795 Babylone,
3555 2724 3642 2779 15.
3662 2728 3763 2779 ha-

2182 2815 2421 2870 bitantes
2457 2830 2620 2885 super
2647 2816 2807 2886 aquis
2841 2816 3049 2881 multis,
3107 2824 3162 2870 et
3218 2831 3380 2885 super
3412 2817 3489 2885 (ο)
3520 2818 3764 2870 ωυιιῑιυ-

2181 2908 2305 2962 dine
2338 2907 2731 2962 thesaurorum
2753 2908 2874 2977 ejus
2902 2925 2913 2959 :
2950 2908 3096 2961 venit
3129 2907 3255 2962 ﬁnis
3288 2918 3416 2963 tuus
3447 2924 3579 2963 vere
3600 2910 3676 2977 (p)
3710 2911 3760 2963 iu

2182 2998 2391 3052 viscera
2419 2998 2673 3052 intestina
2699 3006 2814 3051 tua.
2843 2998 2928 3051 M.
2962 2996 3099 3063 Quia
3128 2998 3327 3067 juravit
3365 2998 3634 3053 Dominus
3661 3000 3764 3052 vir-

2185 3096 2356 3143 tutum
2382 3104 2478 3157 per
2501 3089 2784 3143 brachium
2820 3104 3005 3143 suum.
3041 3090 3170 3158 quia
3229 3090 3470 3159 implebo
3502 3100 3555 3145 te
3588 3090 3765 3146 humi-

2187 3181 2367 3244 nibus,
2400 3180 2474 3251 (q)
2523 3182 2664 3236 sicut
2696 3182 2945 3247 locustis,
2984 3179 3054 3252 (r)
3085 3191 3139 3236 et
3185 3183 3475 3252 loquentur
3506 3198 3678 3252 super
3718 3194 3770 3237 te

2187 3273 2599 3328 descendentes.
2632 3272 2719 3327 l3.
2757 3272 2861 3339 Qui
2904 3272 3035 3327 facit
3066 3282 3263 3327 terram
3315 3276 3368 3327 in
3408 3276 3612 3331 robore
3641 3292 3768 3339 suo,

2183 3364 2278 3433 qui
2311 3372 2469 3433 parat
2502 3363 2692 3418 urbem
2728 3364 3084 3418 habitabilem
3114 3366 3167 3417 in
3203 3365 3468 3433 sapientia
3531 3383 3664 3431 sua,
3718 3368 3771 3420 in

2183 3455 2539 3525 intelligentia
2567 3470 2662 3509 sua
2693 3456 2937 3511 extendit
2972 3457 3170 3512 uelum
3191 3496 3207 3521 ,
3243 3457 3323 3512 l6.
3360 3460 3415 3511 in
3447 3474 3644 3513 vocem
3670 3475 3770 3527 ρο-

2183 3548 2293 3601 suit
2322 3546 2726 3602 multitudinem
2751 3549 3013 3617 strepitus
3034 3565 3189 3619 aqua:
3218 3550 3270 3604 in
3292 3552 3459 3614 caelo,
3485 3561 3542 3605 et
3579 3552 3773 3605 eduxit

2181 3637 2355 3693 nubes
2382 3639 2452 3691 ab
2478 3647 2724 3692 extremo
2750 3649 2928 3703 terrae,
2963 3639 3178 3711 fulgura
3226 3642 3279 3696 in
3331 3643 3579 3711 pluviam
3614 3642 3767 3703 fecit,

2182 3736 2235 3784 et
2256 3730 2443 3784 eduxit
2469 3730 2539 3800 (ε)
2586 3730 2769 3786 lumen
2822 3745 2854 3787 e
2887 3732 3164 3787 thesauris
3229 3734 3365 3788 suis.
3426 3733 3519 3786 17.
3556 3731 3769 3787 Stultus

2182 3819 2361 3877 factus
2398 3833 2481 3877 est
2511 3823 2694 3878 omnis
2742 3823 2909 3878 homo
2952 3840 2983 3877 a
3017 3825 3274 3890 scientia,
3313 3825 3642 3895 pudefactus
3682 3838 3771 3881 est

2183 3914 2363 3968 omnis
2388 3913 2633 3969 conflans
2660 3929 2855 3968 aurum
2882 3930 2912 3969 a
2936 3916 3279 3985 sculptilibus
3314 3919 3450 3983 suis,
3475 3918 3607 3988 quia
3625 3917 3767 3973 falsa

2182 4000 2511 4068 conﬂarunt,
2540 4017 2649 4057 non
2690 4012 2776 4058 est
2808 4006 3034 4074 Spiritus
3080 4007 3132 4061 in
3174 4007 3277 4074 eis,
3332 4007 3423 4062 18.
3464 4024 3601 4062 vana
3640 4021 3766 4063 sum

2182 4111 2346 4166 Opera
2376 4102 2440 4166 (ι)
2490 4098 2741 4162 ridicula,
2778 4099 2831 4152 in
2886 4108 3128 4169 tempore
3190 4100 3525 4156 visitationis
3564 4117 3757 4155 eorum
3824 4140 3839 4169 ,λ

2182 4190 2454 4259 peribunt.
2486 4192 2570 4245 19.
2604 4189 2724 4246 Non
2759 4191 2884 4246 talis
2912 4207 3037 4262 pars
3087 4190 3299 4256 Jacobi,
3339 4196 3467 4265 quia
3498 4194 3609 4260 ille,
3664 4198 3759 4264 qui

2182 4278 2437 4334 formavit
2473 4282 2678 4345 omnia,
2710 4282 2827 4351 ipse
2851 4291 2935 4338 est
2964 4282 3040 4353 (ιι)
3073 4292 3128 4337 et
3159 4283 3388 4339 baculus
3418 4286 3759 4341 haereditatis
3827 4327 3840 4349 ,

2181 4373 2322 4442 ejus,
2353 4372 2615 4427 Dominus
2635 4374 2895 4428 virtutum
2924 4392 3123 4429 nomen
3179 4376 3249 4430 ei.
3296 4375 3390 4431 20.
3427 4376 3507 4447 (ι)
3541 4376 3760 4447 υἰδρυτο

2181 4468 2267 4536 gis
2293 4465 2425 4519 mihi
2456 4480 2584 4520 vasa
2616 4466 2764 4530 belli,
2794 4466 2869 4537 (y)
2920 4477 2975 4521 et
3010 4468 3321 4536 dispergam
3371 4468 3426 4521 in
3464 4478 3517 4522 te
3546 4480 3759 4536 gentes,

513 4571 691 4624 neque
718 4556 920 4627 alliget,
949 4558 1036 4612 cui
1074 4567 1203 4612 sunt
1259 4572 1409 4612 arma
1458 4574 1473 4609 :
1514 4573 1582 4613 ne
1631 4558 1865 4627 parcatis
1917 4572 2081 4627 super
2111 4589 2155 4645 Β
2181 4558 2443 4613 ettollam
2473 4559 2546 4629 (ι)
2574 4574 2669 4628 per
2700 4568 2754 4613 te
2794 4575 2968 4629 reges.
3005 4559 3100 4612 2|.
3132 4558 3198 4613 Et
3230 4560 3544 4629 dispergam
3597 4561 3653 4613 in
3709 4572 3760 4613 te

508 4646 736 4740 juvenes
757 4650 899 4718 ejus,
931 4660 984 4703 et
1016 4650 1091 4721 (ὁ)
1142 4652 1351 4705 abolete
1412 4665 1628 4706 omnem
1685 4650 1756 4721 (c)
1817 4651 2075 4704 virtutem

512 4737 650 4807 ejus.
684 4739 737 4794 4.
766 4741 831 4795 Et
856 4742 1054 4796 cadent
1097 4742 1268 4798 occisi
1318 4743 1373 4796 in
1424 4751 1564 4796 terra
1598 4741 1997 4805 Chaldaeorum,
2025 4753 2081 4797 et

579 4939 655 5007 (ἡ)
690 4939 776 5003 Α.,
807 4948 861 4994 et
893 4941 1249 5007 perturbabit.

512 5010 651 5080 ejus,
704 5018 758 5081 et
811 5009 1268 5078 dcfatigabuntur.
1336 5009 1428 5081 ’(ι)

1483 5011 1689 5081 Reliqui
1714 5031 1726 5066 :
1796 5014 1987 5067 fortes.

514 5078 643 5137 eris.
702 5078 787 5143 8.,
830 5080 882 5132 in
918 5081 1164 5137 fortibus.

2183 4667 2405 4722 equum,
2443 4662 2501 4706 et
2526 4666 2871 4706 ascensorem
2901 4651 3041 4721 ejus,
3066 4652 3156 4705 22.
3182 4662 3238 4707 et
3269 4652 3579 4721 dispergam
3625 4654 3682 4705 in
3711 4664 3758 4705 te

2183 4757 2400 4807 currus,
2425 4750 2479 4797 et
2510 4756 2831 4797 ascensores
2874 4758 3063 4795 eorum
3096 4783 3109 4806 ,
3160 4753 3215 4797 et
3259 4742 3568 4814 dispergam
3622 4745 3678 4797 in
3711 4755 3759 4797 te

1326 4940 1628 5013 (i)Re_liqui
1661 4962 1685 5013 :7
1717 4944 2011 5012 sapientes.
2074 4943 2148 5012 (lt)
2201 4942 2287 5005 Α.,
2311 4941 2578 4995 adversus
2594 4942 2822 5002 electos,
2850 4952 2904 4996 et
2922 4944 3207 5000 insanient.
3239 4943 3321 5007 S.,
3347 4960 3514 5013 super
3535 4945 3758 4997 brachia

2095 5014 2189 5083 (ut)
2217 5014 2334 5084 Qua
2365 5014 2575 5067 conlisa
2593 5021 2710 5084 est,
2758 5022 2811 5084 et
2854 5023 3151 5084 exarescct.
3227 5014 3417 5084 (10.4.,
3443 5016 3498 5068 in
3526 5016 3756 5066 simula-

1242 5083 1315 5153 (ο)
1347 5082 1435 5148 Α.,
1458 5082 1689 5137 Suniim.
1722 5082 1878 5147 Heln,
1932 5082 2079 5137 Siilu.

2186 5090 2239 5151 ρ)
2284 5082 2373 5147 Α.,
2407 5081 2996 5136 struthiocamelorum.
3038 5082 3118 5149 8.,
3170 5081 3409 5138 sirenum
3441 5099 3565 5138 cum
3602 5086 3756 5138 furti-

512 5152 635 5206 bus.
673 5220 681 5223 Α
713 5150 786 5219 (q)
824 5148 904 5213 S.,
934 5160 987 5204 et
1012 5167 1116 5204 non
1152 5148 1480 5223 habitabitur
1507 5154 1739 5223 amplius
1769 5154 1822 5206 in
1846 5153 2148 5219 victoriam,
2175 5148 2282 5208 nec
2310 5153 2643 5223 habitabitur
2684 5152 2739 5205 in
2763 5167 2823 5205 ea
2867 5169 3040 5223 usque
3084 5148 3134 5206 in
3173 5155 3552 5223 generationes
3584 5164 3641 5207 et
3668 5172 3753 5223 ge—

514 5220 843 5275 nerationes.
956 5223 1025 5287 (r)
1094 5222 1181 5289 Α.,
1240 5222 1322 5291 8.,

513 5293 743 5361 tiquum.
823 5292 898 5361 (it)
948 5290 1003 5345 in
1068 5302 1231 5347 terra.

514 5362 556 5414 Α
587 5402 601 5423 ,
633 5361 714 5426 8.,
747 5363 1113 5429 ventilatores,
1162 5374 1214 5417 et
1266 5366 1603 5418 ventilabunt
1649 5379 1788 5417 eam.

511 5448 630 5486 eam
688 5433 739 5485 in
794 5434 1044 5488 circmtu.
1123 5435 1197 5503 (ὁ)
1255 5434 1510 5503 Reliqui:
1555 5433 1825 5487 devotioni
1865 5436 2006 5503 date.

1368 5234 1604 5278 scutum.

1718 5224 1784 5289 (s)
1846 5223 1933 5288 Α.,
2000 5225 2254 5277 elatione.
2310 5220 2394 5288 S.,

2458 5222 2652 5292 gloria.

3309 5364 3530 5419 fuerunt
3596 5364 3755 5432 super

2994 5434 3082 5499 Α.,
3143 5435 3195 5488 in
3227 5435 3490 5489 exitibus.
3574 5435 3753 5502 (cpt,

514 5504 851 5579 militiarum.
931 5504 997 5573 (Γ)
1036 5500 1563 5579 3.,obmutescalis.
1643 5506 1712 5576 (g)
1740 5503 1828 5569 Α.,
1968 5505 2079 5579 ulul

2198 5518 2361 5579 super
2382 5517 2464 5579 ea.
2543 5501 2621 5579 (Ii)
2648 5500 2743 5579 Α.,Δ
2766 5500 2849 5566 8.,
2884 5505 3077 5579 extulit
3106 5520 3182 5558 se.
3258 5504 3323 5573 (ἰ)
3352 5504 3431 5557 Ad
3455 5500 3757 5579 conniven-

517 5574 659 5654 tiamr
694 5570 987 5654 nubium.
1030 5574 1101 5643 (It)
1137 5573 1225 5639 A.,
1259 5574 1503 5654 justitias
1536 5570 1770 5654 nostras.
1847 5574 1908 5654 (ι)
1945 5573 2179 5654 A.,.S.,_
2222 5570 2478 5654 cogitatio
2516 5570 2635 5654 ejus
2673 5574 2764 5654 ad.
2795 5572 3124 5654 perdendum
3163 5570 3348 5654 ανῆ.-
3392 5580 3491 5642 (nt)
3536 5574 3630 5653 4.,
3654 5573 3752 5651 8.,

521 5653 699 5726 tenete
727 5642 1045 5726 custodiam;
1128 5654 1208 5726 (ρ)
1239 5642 1326 5726 A_.,
1360 5643 1447 5726 8.,
1486 5645 1733 5726 insidias,
1754 5642 1904 5726 Aquira
1952 5643 2209 5726 cogitavit
2255 5642 2539 5726 Dominus.

2617 5641 2689 5711 (υ)
2728 5640 2815 5707 Α.,
2860 5645 3149 5697 multitudo
3219 5646 3271 5697 in
3315 5640 3592 5698 thesauris
3615 5650 3751 5710 ejlta.

518 5712 719 5785 lp)_A.,
750 5711 831 5785 8.,
858 5715 1103 5785 cubitus.
1132 5712 1215 5779 S.,
1256 5716 1420 5768 decisi
1463 5716 1559 5769 tui.
1633 5710 1823 5785 (q)»Af,
1864 5713 1944 5779 S.,
1991 5710 2133 5769 sicut
2169 5714 2420 5785 brucho,
2474 5710 2648 5785 (r)S.,
2699 5724 2753 5785 e_t.
2787 5715 3201 5785 respondebunt
3245 5724 3489 5785 superﬁte
3546 5714 3749 5775 Hadad,

517 5780 713 5855 liiill‘el.
774 5782 1018 5855 Scholion
1048 5796 1170 5837 :cst
1207 5786 1495 5855 cantilena,
1549 5780 1840 5855 ntcoruin,
1873 5786 1963 5852 qui
2002 5787 2212 5838 calcant
2254 5780 2533 5855 torcular.
2586 5784 2657 5848 (ε)
2702 5780 2943 5851 Reliqui:
2998 5794 3235 5838 ventum.
3308 5780 3371 5855 (1)
3391 5784 3472 5851 8.,
3526 5786 3750 5839 erroris.

521 5854 597 5921 (ιι)
632 5851 761 5908 Pars
783 5853 1013 5908 lsraelis.
1090 5856 1167 5923 (ac)
1200 5853 1287 5921 Α.,
1314 5857 1581 5910 concutis.
1661 5856 1735 5924 (υ)
1767 5854 1853 5919 Α.,
1883 5851 1933 5907 et
1961 5870 2079 5911 COtlt

2184 5869 2289 5908 :itn.
2370 5854 2445 5924 (ι)
2472 5854 2509 5904 Α
2549 5862 2617 5905 tc.

2761 5222 2824 5290 (ι)
2868 5221 2968 5288 8.,
3011 5221 3198 5291 εαρθιδ
3240 5224 3614 5279 habitaculum
3658 5221 3755 5276 an—
3827 5252 3839 5277 ς

1349 5294 1425 5361 (τε)
1488 5293 1574 5356 Α.,
1620 5289 1960 5365 invehentur.
2014 5291 2075 5365 8.

2182 5289 2566 5365 ξτὶάεὺυηιὶξᾳε
2600 5291 2810 5345 minimi
2854 5289 3101 5365 gregum.
3177 5294 3255 5365 (υ)
3293 5295 3599 5365 Chaldaeos.
3682 5298 3753 5365 (ι)

1866 5362 1942 5433 (a)
1992 5362 2080 5429 A.,
2137 5374 2221 5433 ct_
2254 5363 2643 5433 humeclahunt
2671 5370 2903 5433 terram,
2932 5364 3074 5432 ejus,
3115 5362 3241 5433 quia

2086 5433 2155 5504 (ε)
2189 5431 2276 5497 Α.,
2338 5432 2584 5504 militiam
2634 5431 2803 5504 cjtts._
2848 5432 2926 5501 (ά)

3815 5758 3839 5793 μ
