4042 6194
554 311 694 370 ξξθθ
1711 304 1939 363 CODEX
1978 299 2651 362 SYRO-IIEXAPLARIS.
3626 310 3741 367 2500

562 503 3326 540 Μ

3113 503 3742 534 m

969 620 1497 817 CODEX
1605 676 3377 811 SYRIACO-HEXAPLABIS

1584 915 2784 981 AMBROSIANO-MEDIOLANENSIS

911 1085 1141 1149 Editus
1170 1076 1456 1147 ct'latt'ne
1484 1098 1702 1145 versus
1728 1099 1768 1140 a
1801 1078 2031 1142 Matth.
2063 1077 2351 1157 Norberg
2389 1075 2661 1139 Londim'
2690 1074 3039 1138 Gothorum
3070 1096 3236 1139 anno
3293 1080 3460 1143 1787.

753 1445 906 1534 EX
977 1435 1784 1531 PBIEFATIONE
1871 1433 2448 1527 EDITORIS
2542 1429 3011 1522 SYRIACI
3083 1428 3583 1523 CODICIS.

628 1634 884 1705 llexaplis
917 1633 1172 1703 Origenis
1201 1630 1554 1688 restituendis
1588 1645 1699 1687 non
1731 1629 2027 1687 defuerunt
2057 1631 2257 1688 decora
2284 1629 2500 1703 ingenia
2533 1638 2840 1697 magnaque
2884 1624 3083 1690 studia,
3122 1632 3305 1681 tamen
3336 1625 3550 1696 fastigio
3582 1640 3765 1700 propter

560 1728 797 1797 inopiam
832 1727 1094 1792 materiae,
1131 1741 1240 1780 non
1268 1724 1566 1791 facultatis,
1600 1724 1841 1780 nondum
1880 1724 2158 1795 imposito.
2191 1724 2461 1780 Liberalis
2482 1736 2610 1777 vero
2644 1718 3046 1775 emendationis
3069 1732 3180 1772 non
3214 1719 3463 1775 ﬁduciam
3496 1722 3664 1789 modo,
3690 1726 3764 1781 sed

558 1822 727 1890 ipsius
759 1821 920 1877 etiam
954 1820 1164 1875 fiducia:
1192 1820 1404 1890 copiam
1434 1819 1592 1875 nobis
1618 1818 1745 1874 facit
1766 1819 1935 1874 codex
1961 1826 2147 1874 noster
2173 1813 2776 1888 Syriaco-Hexaplaris,
2818 1811 2978 1881 cujus
3009 1818 3221 1882 partem
3256 1813 3591 1880 canonicam,
3619 1816 3767 1873 indul-

559 1914 742 1984 gentia
771 1914 841 1969 cl.
878 1911 1283 1991 Bibliothecarii
1310 1908 1656 1964 Ambrosiani
1688 1908 1921 1974 Branca,
1953 1916 2159 1978 septem
2196 1916 2325 1962 ante
2348 1905 2509 1961 annis
2537 1905 2591 1959 in
2616 1904 2887 1975 privatum
2906 1902 3253 1958 commodum
3291 1904 3567 1976 descripsi,
3592 1918 3641 1963 et
3656 1924 3767 1964 con-

560 2006 685 2061 silio
708 2004 1011 2059 amicorum
1039 2002 1094 2056 in
1134 1998 1556 2065 communejam
1586 1997 1827 2068 profero.
1857 1995 1958 2052 Hie
1988 1994 2161 2052 codex
2213 1993 2500 2050 Mediolani
2532 1993 2588 2047 in
2620 1991 2987 2048 Ambrosiana
3030 1991 3373 2053 Bibliotheca
3403 1998 3771 2070 diligentissime

561 2110 831 2157 servatur.
859 2095 916 2151 Si
948 2094 1180 2150 formam
1223 2091 1344 2162 ejus
1374 2099 1426 2147 et
1472 2099 1856 2161 argumentum
1887 2098 2122 2160 spectes,
2166 2103 2276 2143 non
2327 2086 2584 2157 exiguam
2627 2086 3057 2156 magnitudinem
3089 2087 3226 2144 folio
3279 2089 3333 2144 in
3368 2090 3504 2147 duas
3532 2094 3771 2154 columnas

559 2193 855 2262 descripto,
879 2202 934 2246 et
965 2186 1335 2245 venerandam
1369 2183 1605 2251 speciem
1636 2192 1884 2249 pergam.
1919 2178 2133 2238 charta,
2168 2174 2415 2244 antiquis
2438 2171 2703 2244 Syrorum
2738 2172 2937 2227 litteris
2960 2173 3325 2246 Estrangclis,
3357 2184 3411 2232 et
3438 2177 3606 2233 rubris
3633 2181 3770 2238 titulis

560 2300 623 2340 ac
650 2283 879 2354 epilogis
915 2279 1103 2344 refert,
1137 2290 1346 2346 suoque
1387 2270 1675 2341 complexu
1703 2280 1759 2325 et
1790 2269 1896 2324 hoc
1928 2268 2123 2323 ordine
2162 2265 2433 2330 Psalmos,
2474 2262 2698 2332 Jobum,
2730 2263 3046 2331 Proverbia,
3077 2266 3493 2339 Ecclesiastem,
3527 2273 3770 2331 Canticum

560 2382 744 2444 Cant.,
772 2376 1108 2448 Sapientiam
1134 2373 1370 2436 Salom.,
1403 2368 1741 2440 Syracidem,
1763 2365 1855 2420 Xll
1890 2364 2196 2435 Prophetas
2224 2362 2484 2427 Minores,
2508 2359 2825 2427 Jeremiam,
2852 2360 3187 2429 Baruchum,
3219 2362 3488 2432 Threnos,
3516 2367 3770 2438 Epistolam

559 2471 828 2535 Jeremiae,
864 2467 1164 2529 Danielem,
1217 2462 1488 2517 Historias
1514 2457 1806 2523 Susannae,
1848 2456 1992 2512 Belis
2032 2465 2089 2511 et
2112 2453 2399 2518 Draconis,
2444 2451 2817 2508 llezeehielem
2856 2460 2912 2508 et
2958 2451 3202 2508 Jesaiam
3250 2457 3516 2513 continet.
3560 2457 3772 2530 Plerique

561 2566 683 2621 libri
719 2565 774 2619 in
824 2562 1001 2616 fronte
1044 2565 1241 2628 gerunt
1275 2552 1531 2623 prologos
1578 2546 1803 2616 (Psalmi
1840 2545 2244 2615 longissimum,
2304 2543 2398 2598 sed
2431 2541 2729 2611 mutilum),
2775 2542 2868 2612 qui
2902 2554 3234 2612 argumento
3280 2548 3538 2618 capitum,
3570 2551 3771 2609 historiae

560 2665 871 2719 auctorum,
900 2649 1153 2717 aliisque,
1181 2640 1463 2713 cepiosius
1496 2648 1551 2693 ct
1597 2638 1792 2693 melius
1833 2636 1963 2691 alibi
1999 2634 2290 2705 expositis,
2325 2642 2379 2687 ct
2408 2648 2441 2688 a
2482 2647 2568 2688 me
2599 2647 2699 2703 pro
2730 2632 2993 2703 temporis
3043 2633 3316 2694 brevitate
3362 2654 3469 2693 non
3507 2642 3770 2714 descriptis,

566 2752 737 2806 facem
785 2746 1100 2819 pt'wferunt,
1147 2751 1201 2796 et
1232 2746 1296 2801 ad
1325 2738 1487 2793 linem
1518 2735 1784 2807 epilogos,
1818 2733 1913 2803 qui
1944 2730 2201 2802 impressi
2238 2729 2616 2795 declarabunt,
2653 2739 2897 2786 nostram
2930 2732 3246 2788 versionem
3281 2749 3348 2789 ex
3376 2734 3557 2793 Graeco
3601 2740 3771 2808 codice,

564 2863 726 2918 quem
762 2842 1053 2906 Eusebius,
1082 2836 1367 2907 Pamphilo
1397 2836 1567 2898 socio,
1589 2849 1653 2888 ex
1688 2832 1940 2903 Origenis
1980 2829 2253 2899 'l‘etraplis
2277 2828 2361 2882 vel
2399 2825 2675 2895 llexaplis,
2706 2827 2759 2880 in
2788 2827 3126 2884 Ctesareensi
3172 2827 3510 2888 BibliOtheea
3541 2836 3770 2906 repositis,

563 2938 885 3011 tlepromsit,
921 2944 975 2990 et
1001 2933 1069 2988 ad
1104 2933 1220 2989 haec
1249 2926 1496 2996 exempla
1522 2924 1783 2980 collatum
1827 2922 2159 2987 emendavit,
2206 2919 2405 2974 factam
2439 2932 2583 2981 esse,
2616 2927 2671 2973 et
2700 2919 3048 2976 Alexandriae
3082 2938 3277 2980 mense
3313 2925 3501 2983 Canun
3532 2932 3773 3000 posteriori

562 3052 615 3093 a.
647 3035 804 3089 Alex.
837 3030 942 3086 928
974 3030 1010 3083 i.
1041 3044 1090 3083 c.
1122 3041 1315 3081 mense
1351 3023 1508 3078 Mart.
1547 3038 1597 3077 a.
1625 3020 1895 3092 (ΠΗ-..617
1921 3017 2238 3089 perfectam.
2274 3015 2496 3071 Scilicet
2523 3013 2716 3080 Jobus,
2749 3016 2935 3072 Daniel
2969 3028 3024 3073 et
3047 3017 3137 3073 Xll
3165 3020 3457 3094 Propheta:
3484 3025 3697 3083 Μίηοης
3722 3043 3775 3083 ει

565 3129 855 3199 Tetraplis,
880 3121 1176 3179 Proverbia
1201 3134 1355 3183 vero,
1390 3116 1678 3172 Canticum
1714 3124 1767 3169 ct
1788 3112 1990 3168 Threni
2023 3127 2089 3167 ex
2122 3110 2378 3180 llexaplis
2410 3110 2577 3165 sumti
2602 3108 2879 3164 dicuntur.
2907 3108 3019 3166 Nec
3041 3114 3196 3184 origo
3233 3116 3583 3186 reliquorum,
3615 3129 3778 3187 praeter

564 3223 825 3285 Jesaiam,
867 3218 956 3288 qui
986 3231 1052 3271 cx
1086 3213 1273 3270 codice
1306 3208 1529 3264 Eusebii
1555 3216 1610 3262 et
1640 3204 1907 3276 Pamphili
1934 3217 2229 3273 expressus
2252 3212 2610 3267 memoratur,
2639 3200 2867 3270 epilogis
2888 3202 3219 3270 carentium,
3264 3207 3481 3262 aliunde
3531 3208 3779 3279 repetenda

564 3322 807 3383 videtur,
851 3319 964 3386 ipsa
989 3327 1179 3370 eorum
1209 3308 1394 3366 indole
1424 3307 1564 3363 hanc
1605 3304 1765 3359 fidem
1799 3303 2127 3357 inculcante.
2163 3298 2219 3353 In
2248 3298 2370 3369 ipso
2404 3307 2557 3352 textu
2586 3304 2640 3351 et
2665 3296 2961 3367 aliquando
3002 3296 3058 3351 in
3091 3300 3342 3371 margine
3363 3302 3551 3357 adsunt
3582 3302 3777 3372 primum

571 3418 852 3481 Asterisci,
883 3412 1060 3478 Obeli,
1101 3404 1397 3467 Lemnisci,
1425 3411 1480 3457 et
1503 3398 1945 3473 llypolemnisei;
1972 3405 2084 3451 tum
2116 3397 2329 3459 litterae,
2358 3394 2487 3460 Ain,
2517 3400 2722 3447 textum
2758 3390 3066 3457 Hebraeum,
3095 3392 3287 3462 Aleph,
3319 3392 3533 3449 Samech
3565 3406 3615 3450 et
3642 3394 3778 3459 Titus,

568 3509 844 3579 Aquilam,
875 3503 1264 3574 Symmachum
1297 3499 1809 3558 etTheodotionetn
1843 3495 2096 3559 seorsim,
2140 3491 2333 3555 Giinel,
2367 3491 2469 3544 hos
2511 3490 2842 3559 interpretes
2880 3488 3247 3559 conjunctim,
3298 3490 3399 3555 He,
3450 3489 3703 3558 Quintam,
3739 3499 3781 3544 et

584 3577 718 3661 νάει,
753 3597 976 3652 Sextam
1004 3593 1310 3648 versionem
1342 3593 1685 3655 indicantes;
1723 3598 1777 3643 et
1811 3586 2009 3642 deinde
2041 3586 2144 3639 alia
2193 3583 2372 3651 signa,
2413 3594 2649 3649 quorum
2699 3578 2813 3633 haec
2847 3577 3042 3649 ﬁgura,
3129 3589 3470 3675 0%
3725 3589 3781 3663 Ο

2184 3682 2273 3746 -ζ
2646 3676 2978 3749 -Λ-(ζ
3034 3690 3093 3775 et
3119 3671 3325 3751 quibus
3355 3671 3565 3748 similia,
3592 3680 3780 3734 diversis

572 3764 915 3838 diversorum
944 3764 1230 3834 auctorum
1269 3776 1354 3831 vel
1383 3764 1633 3839 scholiis,
1659 3772 1934 3844 plerisque
1957 3767 2027 3822 ob
2052 3769 2318 3823 rationem
2352 3781 2517 3834 supra
2545 3769 2766 3819 allatam
2801 3779 2832 3818 a
2859 3779 2946 3819 me
2973 3764 3139 3819 etiam
3174 3769 3423 3831 omissis,
3450 3767 3529 3821 vel
3558 3767 3779 3833 interpreo

574 3881 876 3938 tationibus
909 3880 962 3930 in
997 3874 1245 3945 margine
1277 3870 1520 3942 praefixa,
1548 3868 1904 3940 respondent,
1935 3879 2282 3936 quorumque
2315 3862 2487 3916 viceni
2524 3861 2719 3915 litterae
2750 3860 3028 3931 alphabeti
3069 3858 3252 3913 Latini
3289 3861 3343 3913 in
3377 3866 3558 3913 nostra
3585 3854 3782 3910 editione

574 3976 916 4035 commodius
946 3979 1162 4044 gerunt.
1196 3969 1318 4038 Quo
1346 3967 1523 4039 magis
1566 3974 1652 4023 est
1694 3965 1751 4020 in
1778 3973 1989 4035 aperto,
2022 3960 2215 4015 Libros
2251 3958 2625 4029 Apocryphos,
2654 3957 2749 4027 qui
2793 3957 3025 4012 subinde
3070 3968 3230 4010 voces
3257 3952 3494 4015 Graecas,
3526 3960 3782 4022 synonyma

577 4073 802 4145 Syriaca
828 4078 880 4124 et
911 4066 1121 4123 scholia
1148 4063 1393 4134 longiora
1427 4061 1481 4116 in
1515 4059 1762 4131 margine
1789 4071 2009 4127 quoque
2038 4053 2356 4115 ostendunt,
2385 4050 2499 4104 haec
2536 4049 2726 4104 critica
2768 4048 2921 4117 signa
2954 4064 3059 4103 non
3101 4046 3326 4110 habere,
3359 4058 3425 4099 eo
3450 4041 3698 4099 curiosius
3718 4036 3782 4090 vi-

575 4136 758 4225 detur,
792 4176 897 4214 non
931 4152 1018 4212 illa
1046 4155 1208 4210 modo
1238 4151 1504 4222 conspici,
1535 4150 1632 4207 sed
1672 4149 1976 4205 versionem
2003 4145 2166 4202 etiam
2203 4140 2598 4198 Theodotiouis
2630 4140 2684 4194 in
2724 4138 2975 4195 Barucho
3008 4151 3061 4195 et
3091 4138 3324 4195 Cantico
3379 4139 3540 4194 trium
3580 4136 3781 4190 virorum

575 4260 630 4313 in
662 4260 806 4328 igne,
843 4267 965 4324 qure
991 4246 1333 4321 antiquitatis
1364 4255 1721 4304 monumenta
1755 4246 1878 4301 ideo
1906 4242 2071 4300 etiam
2105 4240 2239 4295 mihi
2269 4235 2629 4295 describenda
2662 4235 2868 4306 putavi,
2900 4236 3149 4303 excitari,
3178 4251 3345 4306 quam
3370 4251 3481 4293 rem
3510 4234 3782 4306 peritiorum

574 4350 782 4423 judicio
812 4344 1116 4403 committo.

654 4441 906 4512 Ejusdem
934 4437 1151 4509 generis
1170 4443 1226 4492 et
1253 4432 1408 4505 pretii
1433 4438 1550 4486 erat
1576 4427 1746 4483 codex
1778 4426 1870 4482 ille
1908 4424 2186 4495 Syriacus,
2236 4420 2331 4492 qui
2367 4420 2717 4492 possessione
2754 4428 2809 4475 et
2837 4435 2941 4475 usu
2991 4419 3149 4476 Masii
3198 4434 3353 4491 aeque
3404 4419 3650 4483 famosus,
3687 4423 3785 4486 post

582 4511 875 4599 clarissimi
901 4538 1066 4607 hujus
1110 4535 1209 4589 viri
1241 4531 1451 4587 obitum
1486 4524 1575 4579 vel
1606 4524 1661 4579 in
1681 4522 1897 4607 occulto
1921 4521 2087 4591 jacet,
2119 4517 2206 4573 vel
2243 4517 2388 4572 tristi
2422 4517 2661 4587 quodam
2710 4515 2825 4571 fato
2862 4514 3047 4585 periit,
3083 4515 3337 4586 ambigua
3394 4524 3487 4570 aut
3533 4514 3665 4569 nulla
3694 4511 3785 4580 ejus

585 4634 943 4706 recuperandi
981 4647 1076 4702 spe
1105 4628 1315 4683 relicta.
1341 4622 1542 4678 Eadem
1567 4619 1713 4673 enim
1748 4606 2036 4683 utriusque
2068 4610 2271 4673 forma,
2303 4608 2445 4663 idem
2475 4608 2782 4672 character,
2817 4607 3005 4662 eadem
3052 4607 3251 4671 versio,
3286 4608 3475 4663 eadem
3511 4607 3670 4677 signa,
3698 4616 3784 4657 e2-

583 4697 907 4785 dem-notae.
948 4697 1243 4781 Masianus,
1275 4717 1392 4786 ipso
1417 4724 1739 4784 possessore
1770 4721 1897 4762 vera
1924 4702 2213 4765 referente,
2261 4699 2365 4755 sub
2392 4699 2555 4755 linem
2589 4698 2873 4754 dicebatur
2905 4707 3123 4757 sumtus
3160 4707 3215 4756 et
3244 4703 3311 4757 ad
3345 4703 3558 4759 verbum
3590 4697 3785 4754 transla-

586 4833 676 4877 tus
703 4837 766 4876 ex
793 4819 982 4873 Graeco
1014 4813 1333 4881 exemplari,
1360 4811 1505 4882 quod
1534 4806 1823 4870 Eusebius,
1859 4800 2143 4872 Pamphilo
2164 4795 2435 4868 adjutore,
2462 4797 2529 4851 ad
2562 4795 2734 4850 libros
2766 4793 3019 4862 Origenis
3049 4796 3103 4849 in
3135 4796 3465 4854 Ca’sareensi
3498 4793 3783 4851 Biblimheca

585 4919 779 4975 obvios
800 4930 897 4971 sua
934 4928 1097 4967 manu
1129 4881 1421 4965 correxit:
1456 4906 1601 4961 idem
1635 4902 1704 4957 de
1744 4908 1937 4955 nostro
1962 4895 2331 4952 Ambrosiano
2396 4893 2616 4949 dicitur.
2650 4890 2717 4946 Et
2749 4890 3008 4961 quoniam
3060 4892 3114 4947 in
3167 4892 3409 4949 Masiano
3438 4892 3475 4947 ii
3505 4890 3563 4942 V.
3602 4887 3659 4942 T.
3687 4881 3784 4938 libri

587 4972 835 5080 aderant,
868 5011 961 5083 qui
1019 5010 1072 5063 in
1109 5005 1474 5062 Ambrosiano
1505 5003 1722 5066 desunt,
1755 4998 1845 5055 ille
1876 5012 1930 5053 a.
1955 4994 2112 5049 Alex.
2141 4991 2270 5057 927,
2295 4991 2429 5061 Chr.
2458 4988 2564 5045 6l6
2591 4988 2793 5050 finitus,
2826 4989 3087 5059 primum,
3123 4986 3211 5041 hic
3247 5002 3375 5043 vero
3401 5002 3453 5040 a.
3494 4984 3635 5039 Alex.
3680 4972 3781 5039 928,

585 5111 717 5165 Chr.
755 5106 859 5162 617
882 5101 1170 5160 absolutus
1188 5101 1488 5157 secundum
1524 5098 1688 5154 unius
1721 5095 2081 5167 ejusdemque
2109 5088 2291 5160 operis
2312 5089 2565 5144 volumen
2591 5086 2947 5141 constituisse
2976 5083 3190 5139 videtur

662 5198 766 5254 Sed
794 5197 861 5251 de
888 5201 1112 5248 auctore
1139 5189 1301 5259 hujus
1322 5188 1590 5245 versionis
1614 5164 1763 5241 nihil
1782 5184 1836 5238 in
1870 5191 2059 5239 nostro
2080 5179 2294 5245 codice,
2320 5177 2452 5232 nihil
2488 5175 2630 5245 apud
2661 5174 2892 5229 Masium
2938 5175 3006 5228 ad
3042 5176 3214 5246 ignoti
3251 5174 3480 5230 nominis
3509 5171 3584 5225 vel
3604 5164 3782 5233 conjec-

590 5304 767 5348 turam
795 5289 1026 5361 reperio.
1058 5286 1117 5341 In
1144 5299 1202 5339 re
1228 5294 1337 5337 tam
1368 5281 1532 5336 veteri
1583 5288 1637 5334 et
1680 5278 1890 5334 incerta
1941 5273 2186 5344 opinioni
2218 5271 2301 5328 Cl.
2339 5268 2657 5325 Eichhornii
2695 5266 2917 5328 accedo,
2959 5267 3052 5335 qui
3094 5282 3224 5323 vero
3260 5267 3502 5338 propiora
3549 5260 3780 5327 colligens.

593 5403 828 5458 veroque
857 5345 1105 5457 proxima
1142 5394 1402 5449 sequens,
1447 5377 1747 5431 arbitratur
1790 5373 1893 5444 (l),
1947 5368 2197 5426 Paullum
2237 5366 2583 5422 Alexandriae
2626 5362 2976 5433 Episcopum,
3015 5358 3284 5416 versionis
3325 5345 3781 5458 Syriaco-llexa'pla-

595 5483 670 5538 ris
699 5433 788 5534 ιῖι.
822 5433 940 5534 Lib.
974 5476 1199 5548 Regum,
1223 5433 1282 5527 in
1326 5468 1659 5525 Bibliotheca
1689 5433 1862 5536 Regia
1881 5460 2181 5516 Parisiensi
2209 5458 2405 5520 obvim,
2438 5465 2492 5510 et
2525 5469 2552 5508 a
2584 5468 2669 5508 me
2718 5451 2879 5506 etiam
2926 5450 3231 5520 dcseriptm,
3265 5459 3531 5505 auctorem
3573 5439 3659 5510 (il.
3686 5433 3780 5486 Ιοεο

670 5663 746 5730 (l)
786 5660 1000 5730 [ir-pett
1038 5660 1067 5710 ’ἵ
1102 5659 1200 5713 Th.
1234 5672 1281 5730 [ρ.
1571 5702 1633 5730 M,

672 5720 747 5800 l2)
781 5720 955 5781 Bittius
985 5728 1203 5797 Κυμὼ-ι.
1236 5720 1291 5779 8.
1330 5724 1435 5780 Th.
1479 5738 1533 5792 ι).
1569 5720 1657 5776 85.
