  <div class='ocr_page' id='page_1' title='image "/cluster/home/n/w/nwhite01/storage/ocr_20150623/16:pt.2/hvd.32044073501231/520.png"; bbox 0 0 4042 6194; ppageno 0'>
   <div class='ocr_carea' id='block_1_1' title="bbox 260 263 1856 346">
    <p class='ocr_par' dir='ltr' id='par_1_1' title="bbox 260 263 1856 327">
     <span class='ocr_line' id='line_1_1' title="bbox 260 263 1856 327; baseline 0.003 -5"><span class='ocrx_word' id='word_1_1' title='bbox 260 263 394 323; x_wconf 66' lang='grc'><strong>2361</strong></span> <span class='ocrx_word' id='word_1_2' title='bbox 1737 269 1856 327; x_wconf 66' lang='lat' dir='ltr'><strong>I‘Iu</strong></span> 
     </span>
    </p>
   </div>
   <div class='ocr_carea' id='block_1_2' title="bbox 1925 263 3521 346">
    <p class='ocr_par' dir='ltr' id='par_1_2' title="bbox 1925 269 3521 346">
     <span class='ocr_line' id='line_1_2' title="bbox 1925 269 3521 346; baseline -0.003 -18"><span class='ocrx_word' id='word_1_3' title='bbox 1925 269 2128 328; x_wconf 53' lang='lat' dir='ltr'><strong>imo.</strong></span> <span class='ocrx_word' id='word_1_4' title='bbox 3380 290 3521 346; x_wconf 60' lang='grc' dir='ltr'><strong>,ωε</strong></span> 
     </span>
    </p>
   </div>
   <div class='ocr_carea' id='block_1_3' title="bbox 257 381 3522 464">
    <p class='ocr_par' dir='ltr' id='par_1_3' title="bbox 257 381 3522 464">
     <span class='ocr_line' id='line_1_3' title="bbox 257 381 3522 464; baseline 0.009 -29"><span class='ocrx_word' id='word_1_5' title='bbox 257 383 479 450; x_wconf 85' lang='lat' dir='ltr'><strong>quidem</strong></span> <span class='ocrx_word' id='word_1_6' title='bbox 525 381 611 434; x_wconf 91' lang='lat' dir='ltr'><strong>sui</strong></span> <span class='ocrx_word' id='word_1_7' title='bbox 666 381 910 433; x_wconf 89' lang='lat' dir='ltr'><strong>muneris</strong></span> <span class='ocrx_word' id='word_1_8' title='bbox 939 392 1035 449; x_wconf 85' lang='lat' dir='ltr'><strong>per</strong></span> <span class='ocrx_word' id='word_1_9' title='bbox 1063 394 1304 438; x_wconf 89' lang='lat' dir='ltr'><strong>errorem</strong></span> <span class='ocrx_word' id='word_1_10' title='bbox 1339 386 1697 456; x_wconf 82' lang='lat' dir='ltr'><strong>scriptorum,</strong></span> <span class='ocrx_word' id='word_1_11' title='bbox 1732 407 1838 445; x_wconf 90' lang='lat' dir='ltr'><strong>non</strong></span> <span class='ocrx_word' id='word_1_12' title='bbox 1891 409 2022 447; x_wconf 87' lang='lat' dir='ltr'><strong>vero</strong></span> <span class='ocrx_word' id='word_1_13' title='bbox 2055 408 2287 462; x_wconf 79' lang='lat' dir='ltr'><strong>persona</strong></span> <span class='ocrx_word' id='word_1_14' title='bbox 2327 395 2397 449; x_wconf 90' lang='lat' dir='ltr'><strong>ad</strong></span> <span class='ocrx_word' id='word_1_15' title='bbox 2452 395 2614 451; x_wconf 82' lang='lat' dir='ltr'><strong>Iidem</strong></span> <span class='ocrx_word' id='word_1_16' title='bbox 2663 399 2926 454; x_wconf 74' lang='lat' dir='ltr'><strong>lectorum</strong></span> <span class='ocrx_word' id='word_1_17' title='bbox 2980 402 3256 458; x_wconf 72' lang='lat' dir='ltr'><strong>diversum</strong></span> <span class='ocrx_word' id='word_1_18' title='bbox 3289 402 3459 463; x_wconf 77' lang='lat' dir='ltr'><strong>fuisse</strong></span> <span class='ocrx_word' id='word_1_19' title='bbox 3490 426 3522 464; x_wconf 91' lang='lat' dir='ltr'><strong>a</strong></span> 
     </span>
    </p>
   </div>
   <div class='ocr_carea' id='block_1_4' title="bbox 256 469 3521 572">
    <p class='ocr_par' dir='ltr' id='par_1_4' title="bbox 256 469 3521 572">
     <span class='ocr_line' id='line_1_4' title="bbox 256 469 3521 572; baseline 0.01 -48"><span class='ocrx_word' id='word_1_20' title='bbox 256 472 449 526; x_wconf 76' lang='lat' dir='ltr'><strong>f’aullo</strong></span> <span class='ocrx_word' id='word_1_21' title='bbox 475 469 623 572; x_wconf 58' lang='lat' dir='ltr'><strong>Ielaz</strong></span> <span class='ocrx_word' id='word_1_22' title='bbox 671 470 961 572; x_wconf 74' lang='lat' dir='ltr'><strong>Episcopo.</strong></span> <span class='ocrx_word' id='word_1_23' title='bbox 998 476 1086 572; x_wconf 78' lang='lat' dir='ltr'><strong>cui</strong></span> <span class='ocrx_word' id='word_1_24' title='bbox 1144 479 1408 534; x_wconf 78' lang='lat' dir='ltr'><strong>Asseman</strong></span> <span class='ocrx_word' id='word_1_25' title='bbox 1444 483 1748 537; x_wconf 76' lang='lat' dir='ltr'><strong>versionem</strong></span> <span class='ocrx_word' id='word_1_26' title='bbox 1794 485 1932 538; x_wconf 87' lang='lat' dir='ltr'><strong>LXX</strong></span> <span class='ocrx_word' id='word_1_27' title='bbox 1987 488 2343 557; x_wconf 71' lang='lat' dir='ltr'><strong>interpretum</strong></span> <span class='ocrx_word' id='word_1_28' title='bbox 2376 493 2518 560; x_wconf 88' lang='lat' dir='ltr'><strong>apud</strong></span> <span class='ocrx_word' id='word_1_29' title='bbox 2574 491 2744 565; x_wconf 77' lang='lat' dir='ltr'><strong>Syros</strong></span> <span class='ocrx_word' id='word_1_30' title='bbox 2782 509 2847 547; x_wconf 85' lang='lat' dir='ltr'><strong>ex</strong></span> <span class='ocrx_word' id='word_1_31' title='bbox 2876 505 3026 550; x_wconf 90' lang='lat' dir='ltr'><strong>certo</strong></span> <span class='ocrx_word' id='word_1_32' title='bbox 3065 497 3274 564; x_wconf 91' lang='lat' dir='ltr'><strong>tribuit,</strong></span> <span class='ocrx_word' id='word_1_33' title='bbox 3321 501 3521 572; x_wconf 76' lang='lat' dir='ltr'><strong>cuiun</strong></span> 
     </span>
    </p>
   </div>
   <div class='ocr_carea' id='block_1_5' title="bbox 253 560 3520 657">
    <p class='ocr_par' dir='ltr' id='par_1_5' title="bbox 253 560 3520 657">
     <span class='ocr_line' id='line_1_5' title="bbox 253 560 3520 657; baseline 0.008 -42"><span class='ocrx_word' id='word_1_34' title='bbox 253 573 310 616; x_wconf 90' lang='lat' dir='ltr'><strong>et</strong></span> <span class='ocrx_word' id='word_1_35' title='bbox 342 577 444 616; x_wconf 86' lang='lat' dir='ltr'><strong>nos</strong></span> <span class='ocrx_word' id='word_1_36' title='bbox 473 560 773 616; x_wconf 84' lang='lat' dir='ltr'><strong>Masianam</strong></span> <span class='ocrx_word' id='word_1_37' title='bbox 809 571 864 616; x_wconf 93' lang='lat' dir='ltr'><strong>et</strong></span> <span class='ocrx_word' id='word_1_38' title='bbox 899 562 1318 621; x_wconf 78' lang='lat' dir='ltr'><strong>Ambrosiauam</strong></span> <span class='ocrx_word' id='word_1_39' title='bbox 1358 585 1422 624; x_wconf 77' lang='lat' dir='ltr'><strong>ex</strong></span> <span class='ocrx_word' id='word_1_40' title='bbox 1456 572 1724 638; x_wconf 83' lang='lat' dir='ltr'><strong>probabili</strong></span> <span class='ocrx_word' id='word_1_41' title='bbox 1758 576 2101 630; x_wconf 80' lang='lat' dir='ltr'><strong>tribuendam</strong></span> <span class='ocrx_word' id='word_1_42' title='bbox 2135 585 2411 646; x_wconf 80' lang='lat' dir='ltr'><strong>putamus.</strong></span> <span class='ocrx_word' id='word_1_43' title='bbox 2447 560 2631 651; x_wconf 63' lang='lat' dir='ltr'><strong>Eque</strong></span> <span class='ocrx_word' id='word_1_44' title='bbox 2672 587 2930 657; x_wconf 73' lang='lat' dir='ltr'><strong>ambigua</strong></span> <span class='ocrx_word' id='word_1_45' title='bbox 2981 600 3067 646; x_wconf 86' lang='lat' dir='ltr'><strong>est</strong></span> <span class='ocrx_word' id='word_1_46' title='bbox 3105 560 3311 650; x_wconf 76' lang='lat' dir='ltr'><strong>codicis</strong></span> <span class='ocrx_word' id='word_1_47' title='bbox 3345 560 3520 653; x_wconf 64' lang='grc' dir='ltr'><strong>ηοξιιιῖ</strong></span> 
     </span>
    </p>
   </div>
   <div class='ocr_carea' id='block_1_6' title="bbox 255 653 3522 761">
    <p class='ocr_par' dir='ltr' id='par_1_6' title="bbox 255 653 3522 761">
     <span class='ocr_line' id='line_1_6' title="bbox 255 653 3522 761; baseline 0.009 -46"><span class='ocrx_word' id='word_1_48' title='bbox 255 664 568 761; x_wconf 38' lang='lat' dir='ltr'><strong>relaxant:</strong></span> <span class='ocrx_word' id='word_1_49' title='bbox 592 663 773 752; x_wconf 64' lang='lat' dir='ltr'><strong>limen</strong></span> <span class='ocrx_word' id='word_1_50' title='bbox 812 653 957 761; x_wconf 89' lang='lat' dir='ltr'><strong>si</strong></span> <span class='ocrx_word' id='word_1_51' title='bbox 1007 659 1308 717; x_wconf 89' lang='lat' dir='ltr'><strong>litterarum</strong></span> <span class='ocrx_word' id='word_1_52' title='bbox 1340 668 1523 735; x_wconf 82' lang='lat' dir='ltr'><strong>specie</strong></span> <span class='ocrx_word' id='word_1_53' title='bbox 1570 680 1624 723; x_wconf 91' lang='lat' dir='ltr'><strong>et</strong></span> <span class='ocrx_word' id='word_1_54' title='bbox 1668 667 1844 724; x_wconf 86' lang='lat' dir='ltr'><strong>forma</strong></span> <span class='ocrx_word' id='word_1_55' title='bbox 1877 673 2197 727; x_wconf 66' lang='lat' dir='ltr'><strong>a‘stimanda</strong></span> <span class='ocrx_word' id='word_1_56' title='bbox 2254 676 2380 740; x_wconf 90' lang='lat' dir='ltr'><strong>erit,</strong></span> <span class='ocrx_word' id='word_1_57' title='bbox 2413 691 2579 747; x_wconf 89' lang='lat' dir='ltr'><strong>supra</strong></span> <span class='ocrx_word' id='word_1_58' title='bbox 2630 653 2892 739; x_wconf 64' lang='lat' dir='ltr'><strong>saeculum</strong></span> <span class='ocrx_word' id='word_1_59' title='bbox 2948 696 3200 743; x_wconf 87' lang='lat' dir='ltr'><strong>octavum</strong></span> <span class='ocrx_word' id='word_1_60' title='bbox 3233 693 3522 761; x_wconf 74' lang='lat' dir='ltr'><strong>repetenda</strong></span> 
     </span>
    </p>
   </div>
   <div class='ocr_carea' id='block_1_7' title="bbox 261 739 3526 835">
    <p class='ocr_par' dir='ltr' id='par_1_7' title="bbox 261 739 3526 835">
     <span class='ocr_line' id='line_1_7' title="bbox 261 739 3526 835; baseline 0.009 -32"><span class='ocrx_word' id='word_1_61' title='bbox 261 745 495 798; x_wconf 51' lang='lat' dir='ltr'><strong>videtur.</strong></span> <span class='ocrx_word' id='word_1_62' title='bbox 527 739 741 796; x_wconf 54' lang='lat' dir='ltr'><strong>Cellius</strong></span> <span class='ocrx_word' id='word_1_63' title='bbox 767 751 849 795; x_wconf 62' lang='grc' dir='ltr'><strong>εει</strong></span> <span class='ocrx_word' id='word_1_64' title='bbox 877 741 1022 802; x_wconf 84' lang='lat' dir='ltr'><strong>illius</strong></span> <span class='ocrx_word' id='word_1_65' title='bbox 1056 765 1273 817; x_wconf 84' lang='lat' dir='ltr'><strong>nomen,</strong></span> <span class='ocrx_word' id='word_1_66' title='bbox 1308 753 1401 822; x_wconf 89' lang='lat' dir='ltr'><strong>qui</strong></span> <span class='ocrx_word' id='word_1_67' title='bbox 1439 754 1603 824; x_wconf 87' lang='lat' dir='ltr'><strong>hujus</strong></span> <span class='ocrx_word' id='word_1_68' title='bbox 1631 757 1841 811; x_wconf 83' lang='lat' dir='ltr'><strong>codicis</strong></span> <span class='ocrx_word' id='word_1_69' title='bbox 1864 773 1929 811; x_wconf 88' lang='lat' dir='ltr'><strong>ex</strong></span> <span class='ocrx_word' id='word_1_70' title='bbox 1962 758 2090 814; x_wconf 82' lang='lat' dir='ltr'><strong>Asia</strong></span> <span class='ocrx_word' id='word_1_71' title='bbox 2133 760 2187 813; x_wconf 93' lang='lat' dir='ltr'><strong>in</strong></span> <span class='ocrx_word' id='word_1_72' title='bbox 2215 739 2873 832; x_wconf 46' lang='lat' dir='ltr'><strong>Europam-transferendi</strong></span> 
     </span>
    </p>
   </div>
   <div class='ocr_carea' id='block_1_8' title="bbox 256 837 3529 939">
    <p class='ocr_par' dir='ltr' id='par_1_8' title="bbox 256 837 3529 939">
     <span class='ocr_line' id='line_1_8' title="bbox 256 837 3529 939; baseline 0.008 -42"><span class='ocrx_word' id='word_1_73' title='bbox 256 842 491 913; x_wconf 77' lang='lat' dir='ltr'><strong>gratiam</strong></span> <span class='ocrx_word' id='word_1_74' title='bbox 521 838 858 910; x_wconf 82' lang='lat' dir='ltr'><strong>posteritatis</strong></span> <span class='ocrx_word' id='word_1_75' title='bbox 897 838 1098 894; x_wconf 87' lang='lat' dir='ltr'><strong>inierit.</strong></span> <span class='ocrx_word' id='word_1_76' title='bbox 1138 837 1445 899; x_wconf 85' lang='lat' dir='ltr'><strong>Cardinalis</strong></span> <span class='ocrx_word' id='word_1_77' title='bbox 1478 854 1562 898; x_wconf 91' lang='lat' dir='ltr'><strong>est</strong></span> <span class='ocrx_word' id='word_1_78' title='bbox 1597 845 1962 911; x_wconf 63' lang='lat' dir='ltr'><strong>Borromzus,</strong></span> <span class='ocrx_word' id='word_1_79' title='bbox 2009 849 2094 902; x_wconf 87' lang='lat' dir='ltr'><strong>vir</strong></span> <span class='ocrx_word' id='word_1_80' title='bbox 2141 850 2441 922; x_wconf 79' lang='lat' dir='ltr'><strong>singularis</strong></span> <span class='ocrx_word' id='word_1_81' title='bbox 2473 858 2727 926; x_wconf 87' lang='lat' dir='ltr'><strong>exempli,</strong></span> <span class='ocrx_word' id='word_1_82' title='bbox 2761 861 2877 928; x_wconf 82' lang='lat' dir='ltr'><strong>qui,</strong></span> <span class='ocrx_word' id='word_1_83' title='bbox 2933 864 3040 918; x_wconf 82' lang='lat' dir='ltr'><strong>alia</strong></span> <span class='ocrx_word' id='word_1_84' title='bbox 3102 866 3332 923; x_wconf 87' lang='lat' dir='ltr'><strong>orientis</strong></span> <span class='ocrx_word' id='word_1_85' title='bbox 3387 883 3529 939; x_wconf 65' lang='lat' dir='ltr'><strong>pra-</strong></span> 
     </span>
    </p>
   </div>
   <div class='ocr_carea' id='block_1_9' title="bbox 261 937 3528 1021">
    <p class='ocr_par' dir='ltr' id='par_1_9' title="bbox 261 937 3528 1021">
     <span class='ocr_line' id='line_1_9' title="bbox 261 937 3528 1021; baseline 0.008 -27"><span class='ocrx_word' id='word_1_86' title='bbox 261 939 612 995; x_wconf 84' lang='lat' dir='ltr'><strong>slantissima</strong></span> <span class='ocrx_word' id='word_1_87' title='bbox 650 945 710 991; x_wconf 89' lang='lat' dir='ltr'><strong>ut</strong></span> <span class='ocrx_word' id='word_1_88' title='bbox 740 945 974 1000; x_wconf 78' lang='lat' dir='ltr'><strong>taceam,</strong></span> <span class='ocrx_word' id='word_1_89' title='bbox 1018 937 1118 992; x_wconf 89' lang='lat' dir='ltr'><strong>hoc</strong></span> <span class='ocrx_word' id='word_1_90' title='bbox 1150 939 1451 1007; x_wconf 81' lang='lat' dir='ltr'><strong>exemplar,</strong></span> <span class='ocrx_word' id='word_1_91' title='bbox 1492 939 1726 994; x_wconf 68' lang='lat' dir='ltr'><strong>cmuobii</strong></span> <span class='ocrx_word' id='word_1_92' title='bbox 1754 940 2058 1003; x_wconf 88' lang='lat' dir='ltr'><strong>Chaldaici.</strong></span> <span class='ocrx_word' id='word_1_93' title='bbox 2092 947 2264 998; x_wconf 89' lang='lat' dir='ltr'><strong>sacris</strong></span> <span class='ocrx_word' id='word_1_94' title='bbox 2295 945 2379 1002; x_wconf 86' lang='lat' dir='ltr'><strong>St.</strong></span> <span class='ocrx_word' id='word_1_95' title='bbox 2426 946 2610 1004; x_wconf 70' lang='lat' dir='ltr'><strong>Maria:</strong></span> <span class='ocrx_word' id='word_1_96' title='bbox 2635 950 2899 1013; x_wconf 78' lang='lat' dir='ltr'><strong>faciendis</strong></span> <span class='ocrx_word' id='word_1_97' title='bbox 2936 959 2989 1013; x_wconf 78' lang='lat' dir='ltr'><strong>in</strong></span> <span class='ocrx_word' id='word_1_98' title='bbox 3025 960 3321 1020; x_wconf 80' lang='lat' dir='ltr'><strong>solitudine</strong></span> <span class='ocrx_word' id='word_1_99' title='bbox 3344 937 3528 1021; x_wconf 78' lang='lat' dir='ltr'><strong>schit-</strong></span> 
     </span>
    </p>
   </div>
   <div class='ocr_carea' id='block_1_10' title="bbox 258 1027 3527 1109">
    <p class='ocr_par' dir='ltr' id='par_1_10' title="bbox 258 1027 3527 1109">
     <span class='ocr_line' id='line_1_10' title="bbox 258 1027 3527 1109; baseline 0.006 -19"><span class='ocrx_word' id='word_1_100' title='bbox 258 1037 357 1090; x_wconf 92' lang='lat' dir='ltr'><strong>tim</strong></span> <span class='ocrx_word' id='word_1_101' title='bbox 391 1034 653 1100; x_wconf 83' lang='lat' dir='ltr'><strong>dedicati,</strong></span> <span class='ocrx_word' id='word_1_102' title='bbox 684 1035 927 1104; x_wconf 87' lang='lat' dir='ltr'><strong>priscum</strong></span> <span class='ocrx_word' id='word_1_103' title='bbox 977 1030 1298 1086; x_wconf 85' lang='lat' dir='ltr'><strong>thesaurum</strong></span> <span class='ocrx_word' id='word_1_104' title='bbox 1331 1070 1347 1095; x_wconf 95' lang='lat'><strong>,</strong></span> <span class='ocrx_word' id='word_1_105' title='bbox 1379 1044 1446 1084; x_wconf 86' lang='lat' dir='ltr'><strong>ex</strong></span> <span class='ocrx_word' id='word_1_106' title='bbox 1497 1027 1735 1100; x_wconf 63' lang='lat' dir='ltr'><strong>Egypto</strong></span> <span class='ocrx_word' id='word_1_107' title='bbox 1794 1031 1848 1084; x_wconf 90' lang='lat' dir='ltr'><strong>in</strong></span> <span class='ocrx_word' id='word_1_108' title='bbox 1883 1031 2261 1088; x_wconf 74' lang='lat' dir='ltr'><strong>Ambrosiana:</strong></span> <span class='ocrx_word' id='word_1_109' title='bbox 2310 1033 2662 1095; x_wconf 72' lang='lat' dir='ltr'><strong>Bibliotheca:</strong></span> <span class='ocrx_word' id='word_1_110' title='bbox 2708 1055 3095 1104; x_wconf 80' lang='lat' dir='ltr'><strong>ornamentum</strong></span> <span class='ocrx_word' id='word_1_111' title='bbox 3137 1050 3527 1109; x_wconf 74' lang='lat' dir='ltr'><strong>liberalissime</strong></span> 
     </span>
    </p>
   </div>
   <div class='ocr_carea' id='block_1_11' title="bbox 257 1129 620 1199">
    <p class='ocr_par' dir='ltr' id='par_1_11' title="bbox 257 1129 620 1199">
     <span class='ocr_line' id='line_1_11' title="bbox 257 1129 620 1199; baseline -0.008 -15"><span class='ocrx_word' id='word_1_112' title='bbox 257 1129 620 1199; x_wconf 74' lang='lat' dir='ltr'><strong>comparavit.</strong></span> 
     </span>
    </p>
   </div>
   <div class='ocr_carea' id='block_1_12' title="bbox 329 1215 3524 1306">
    <p class='ocr_par' dir='ltr' id='par_1_12' title="bbox 329 1215 3524 1306">
     <span class='ocr_line' id='line_1_12' title="bbox 329 1215 3524 1306; baseline 0.004 -32"><span class='ocrx_word' id='word_1_113' title='bbox 329 1221 569 1292; x_wconf 80' lang='lat' dir='ltr'><strong>Iniagine</strong></span> <span class='ocrx_word' id='word_1_114' title='bbox 607 1219 813 1276; x_wconf 88' lang='lat' dir='ltr'><strong>codicis</strong></span> <span class='ocrx_word' id='word_1_115' title='bbox 837 1218 1008 1273; x_wconf 88' lang='lat' dir='ltr'><strong>nostri</strong></span> <span class='ocrx_word' id='word_1_116' title='bbox 1031 1215 1268 1271; x_wconf 79' lang='lat' dir='ltr'><strong>breviter</strong></span> <span class='ocrx_word' id='word_1_117' title='bbox 1291 1229 1572 1284; x_wconf 76' lang='lat' dir='ltr'><strong>expressa,</strong></span> <span class='ocrx_word' id='word_1_118' title='bbox 1598 1215 1868 1285; x_wconf 85' lang='lat' dir='ltr'><strong>sequitur.</strong></span> <span class='ocrx_word' id='word_1_119' title='bbox 1902 1229 1956 1271; x_wconf 90' lang='lat' dir='ltr'><strong>ut</strong></span> <span class='ocrx_word' id='word_1_120' title='bbox 2012 1217 2080 1273; x_wconf 87' lang='lat' dir='ltr'><strong>de</strong></span> <span class='ocrx_word' id='word_1_121' title='bbox 2124 1215 2314 1274; x_wconf 88' lang='lat' dir='ltr'><strong>Latina</strong></span> <span class='ocrx_word' id='word_1_122' title='bbox 2355 1231 2541 1276; x_wconf 90' lang='lat' dir='ltr'><strong>nostra</strong></span> <span class='ocrx_word' id='word_1_123' title='bbox 2574 1225 2827 1283; x_wconf 84' lang='lat' dir='ltr'><strong>versione</strong></span> <span class='ocrx_word' id='word_1_124' title='bbox 2854 1232 3046 1299; x_wconf 79' lang='lat' dir='ltr'><strong>paucis</strong></span> <span class='ocrx_word' id='word_1_125' title='bbox 3084 1233 3291 1303; x_wconf 88' lang='lat' dir='ltr'><strong>dicam,</strong></span> <span class='ocrx_word' id='word_1_126' title='bbox 3331 1236 3386 1292; x_wconf 90' lang='lat' dir='ltr'><strong>iu</strong></span> <span class='ocrx_word' id='word_1_127' title='bbox 3418 1252 3524 1306; x_wconf 85' lang='lat' dir='ltr'><strong>qua</strong></span> 
     </span>
    </p>
   </div>
   <div class='ocr_carea' id='block_1_13' title="bbox 259 1306 3524 1393">
    <p class='ocr_par' dir='ltr' id='par_1_13' title="bbox 259 1306 3524 1393">
     <span class='ocr_line' id='line_1_13' title="bbox 259 1306 3524 1393; baseline 0.003 -26"><span class='ocrx_word' id='word_1_128' title='bbox 259 1311 639 1383; x_wconf 87' lang='lat' dir='ltr'><strong>componenda</strong></span> <span class='ocrx_word' id='word_1_129' title='bbox 692 1311 864 1380; x_wconf 79' lang='lat' dir='ltr'><strong>Syrus</strong></span> <span class='ocrx_word' id='word_1_130' title='bbox 912 1309 1183 1376; x_wconf 82' lang='lat' dir='ltr'><strong>interpres</strong></span> <span class='ocrx_word' id='word_1_131' title='bbox 1217 1306 1353 1360; x_wconf 86' lang='lat' dir='ltr'><strong>milii</strong></span> <span class='ocrx_word' id='word_1_132' title='bbox 1407 1306 1510 1360; x_wconf 90' lang='lat' dir='ltr'><strong>fuit</strong></span> <span class='ocrx_word' id='word_1_133' title='bbox 1547 1308 1821 1377; x_wconf 84' lang='lat' dir='ltr'><strong>exemplo.</strong></span> <span class='ocrx_word' id='word_1_134' title='bbox 1854 1307 2333 1374; x_wconf 85' lang='lat' dir='ltr'><strong>Quemadmodum</strong></span> <span class='ocrx_word' id='word_1_135' title='bbox 2389 1311 2753 1370; x_wconf 66' lang='lat' dir='ltr'><strong>illuereum</strong></span> <span class='ocrx_word' id='word_1_136' title='bbox 2801 1322 3046 1393; x_wconf 80' lang='lat' dir='ltr'><strong>vestigiis</strong></span> <span class='ocrx_word' id='word_1_137' title='bbox 3079 1335 3303 1382; x_wconf 83' lang='lat' dir='ltr'><strong>secutus</strong></span> <span class='ocrx_word' id='word_1_138' title='bbox 3349 1336 3455 1391; x_wconf 87' lang='lat' dir='ltr'><strong>est,</strong></span> <span class='ocrx_word' id='word_1_139' title='bbox 3492 1342 3524 1382; x_wconf 77' lang='grc' dir='ltr'>ι</span> 
     </span>
    </p>
   </div>
   <div class='ocr_carea' id='block_1_14' title="bbox 258 1403 3528 1491">
    <p class='ocr_par' dir='ltr' id='par_1_14' title="bbox 258 1403 3528 1491">
     <span class='ocr_line' id='line_1_14' title="bbox 258 1403 3528 1491; baseline 0.003 -24"><span class='ocrx_word' id='word_1_140' title='bbox 258 1409 661 1468; x_wconf 83' lang='lat' dir='ltr'><strong>consuetudine</strong></span> <span class='ocrx_word' id='word_1_141' title='bbox 688 1407 770 1460; x_wconf 82' lang='lat' dir='ltr'><strong>sui</strong></span> <span class='ocrx_word' id='word_1_142' title='bbox 809 1405 1078 1460; x_wconf 88' lang='lat' dir='ltr'><strong>sermonis</strong></span> <span class='ocrx_word' id='word_1_143' title='bbox 1125 1404 1282 1474; x_wconf 81' lang='lat' dir='ltr'><strong>longe</strong></span> <span class='ocrx_word' id='word_1_144' title='bbox 1329 1404 1612 1466; x_wconf 87' lang='lat' dir='ltr'><strong>recedens,</strong></span> <span class='ocrx_word' id='word_1_145' title='bbox 1646 1404 1720 1458; x_wconf 89' lang='lat' dir='ltr'><strong>ita</strong></span> <span class='ocrx_word' id='word_1_146' title='bbox 1750 1421 1850 1474; x_wconf 82' lang='lat' dir='ltr'><strong>ego</strong></span> <span class='ocrx_word' id='word_1_147' title='bbox 1893 1403 2114 1476; x_wconf 76' lang='lat' dir='ltr'><strong>Syrum,</strong></span> <span class='ocrx_word' id='word_1_148' title='bbox 2147 1408 2202 1462; x_wconf 92' lang='lat' dir='ltr'><strong>in</strong></span> <span class='ocrx_word' id='word_1_149' title='bbox 2235 1408 2426 1462; x_wconf 88' lang='lat' dir='ltr'><strong>eadem</strong></span> <span class='ocrx_word' id='word_1_150' title='bbox 2461 1425 2541 1475; x_wconf 90' lang='lat' dir='ltr'><strong>re,</strong></span> <span class='ocrx_word' id='word_1_151' title='bbox 2584 1415 2757 1482; x_wconf 78' lang='lat' dir='ltr'><strong>magis</strong></span> <span class='ocrx_word' id='word_1_152' title='bbox 2795 1427 2942 1472; x_wconf 86' lang='lat' dir='ltr'><strong>recte</strong></span> <span class='ocrx_word' id='word_1_153' title='bbox 2971 1417 3204 1487; x_wconf 77' lang='lat' dir='ltr'><strong>legendi.</strong></span> <span class='ocrx_word' id='word_1_154' title='bbox 3243 1437 3406 1491; x_wconf 88' lang='lat' dir='ltr'><strong>quam</strong></span> <span class='ocrx_word' id='word_1_155' title='bbox 3435 1437 3528 1476; x_wconf 82' lang='lat' dir='ltr'><strong>or-</strong></span> 
     </span>
    </p>
   </div>
   <div class='ocr_carea' id='block_1_15' title="bbox 259 1499 3523 1586">
    <p class='ocr_par' dir='ltr' id='par_1_15' title="bbox 259 1499 3523 1586">
     <span class='ocr_line' id='line_1_15' title="bbox 259 1499 3523 1586; baseline 0.002 -27"><span class='ocrx_word' id='word_1_156' title='bbox 259 1517 388 1559; x_wconf 84' lang='lat' dir='ltr'><strong>nate</strong></span> <span class='ocrx_word' id='word_1_157' title='bbox 415 1501 658 1556; x_wconf 80' lang='lat' dir='ltr'><strong>vertendi</strong></span> <span class='ocrx_word' id='word_1_158' title='bbox 684 1501 952 1553; x_wconf 87' lang='lat' dir='ltr'><strong>rationem</strong></span> <span class='ocrx_word' id='word_1_159' title='bbox 979 1508 1278 1569; x_wconf 85' lang='lat' dir='ltr'><strong>spectante.</strong></span> <span class='ocrx_word' id='word_1_160' title='bbox 1305 1500 1350 1554; x_wconf 91' lang='lat' dir='ltr'><strong>si</strong></span> <span class='ocrx_word' id='word_1_161' title='bbox 1381 1502 1561 1555; x_wconf 88' lang='lat' dir='ltr'><strong>minus</strong></span> <span class='ocrx_word' id='word_1_162' title='bbox 1588 1499 1780 1554; x_wconf 90' lang='lat' dir='ltr'><strong>Latine</strong></span> <span class='ocrx_word' id='word_1_163' title='bbox 1804 1501 2147 1565; x_wconf 90' lang='lat' dir='ltr'><strong>imitandum,</strong></span> <span class='ocrx_word' id='word_1_164' title='bbox 2179 1513 2359 1556; x_wconf 90' lang='lat' dir='ltr'><strong>tamen</strong></span> <span class='ocrx_word' id='word_1_165' title='bbox 2390 1504 2758 1561; x_wconf 73' lang='lat' dir='ltr'><strong>aemulandum</strong></span> <span class='ocrx_word' id='word_1_166' title='bbox 2783 1514 2916 1571; x_wconf 90' lang='lat' dir='ltr'><strong>mibi</strong></span> <span class='ocrx_word' id='word_1_167' title='bbox 2941 1517 3222 1586; x_wconf 75' lang='lat' dir='ltr'><strong>proposui.</strong></span> <span class='ocrx_word' id='word_1_168' title='bbox 3256 1517 3314 1570; x_wconf 87' lang='lat' dir='ltr'><strong>Si</strong></span> <span class='ocrx_word' id='word_1_169' title='bbox 3339 1525 3523 1570; x_wconf 84' lang='lat' dir='ltr'><strong>autem</strong></span> 
     </span>
    </p>
   </div>
   <div class='ocr_carea' id='block_1_16' title="bbox 257 1596 3528 1676">
    <p class='ocr_par' dir='ltr' id='par_1_16' title="bbox 257 1596 3528 1676">
     <span class='ocr_line' id='line_1_16' title="bbox 257 1596 3528 1676; baseline 0.001 -20"><span class='ocrx_word' id='word_1_170' title='bbox 257 1602 480 1656; x_wconf 86' lang='lat' dir='ltr'><strong>diIIieile</strong></span> <span class='ocrx_word' id='word_1_171' title='bbox 528 1608 632 1661; x_wconf 88' lang='lat' dir='ltr'><strong>est,</strong></span> <span class='ocrx_word' id='word_1_172' title='bbox 663 1597 742 1652; x_wconf 87' lang='lat' dir='ltr'><strong>rei</strong></span> <span class='ocrx_word' id='word_1_173' title='bbox 780 1596 1071 1666; x_wconf 72' lang='lat' dir='ltr'><strong>proximie,</strong></span> <span class='ocrx_word' id='word_1_174' title='bbox 1120 1598 1499 1653; x_wconf 80' lang='lat' dir='ltr'><strong>diIIiciIIimum</strong></span> <span class='ocrx_word' id='word_1_175' title='bbox 1537 1599 1668 1652; x_wconf 85' lang='lat' dir='ltr'><strong>milii</strong></span> <span class='ocrx_word' id='word_1_176' title='bbox 1703 1599 1823 1664; x_wconf 91' lang='lat' dir='ltr'><strong>fuit,</strong></span> <span class='ocrx_word' id='word_1_177' title='bbox 1865 1599 2244 1654; x_wconf 78' lang='lat' dir='ltr'><strong>remotissima:</strong></span> <span class='ocrx_word' id='word_1_178' title='bbox 2270 1601 2690 1659; x_wconf 86' lang='lat' dir='ltr'><strong>similitudinem</strong></span> <span class='ocrx_word' id='word_1_179' title='bbox 2723 1621 2788 1661; x_wconf 78' lang='lat' dir='ltr'><strong>ex</strong></span> <span class='ocrx_word' id='word_1_180' title='bbox 2819 1620 2950 1660; x_wconf 85' lang='lat' dir='ltr'><strong>vero</strong></span> <span class='ocrx_word' id='word_1_181' title='bbox 2987 1605 3260 1676; x_wconf 79' lang='lat' dir='ltr'><strong>elllngere,</strong></span> <span class='ocrx_word' id='word_1_182' title='bbox 3290 1614 3344 1659; x_wconf 87' lang='lat' dir='ltr'><strong>et</strong></span> <span class='ocrx_word' id='word_1_183' title='bbox 3367 1617 3528 1658; x_wconf 78' lang='lat' dir='ltr'><strong>voces</strong></span> 
     </span>
    </p>
   </div>
   <div class='ocr_carea' id='block_1_17' title="bbox 259 1689 3525 1769">
    <p class='ocr_par' dir='ltr' id='par_1_17' title="bbox 259 1689 3525 1769">
     <span class='ocr_line' id='line_1_17' title="bbox 259 1689 3525 1769; baseline -0.002 -17"><span class='ocrx_word' id='word_1_184' title='bbox 259 1699 540 1769; x_wconf 83' lang='lat' dir='ltr'><strong>Syriacas,</strong></span> <span class='ocrx_word' id='word_1_185' title='bbox 593 1707 714 1764; x_wconf 61' lang='lat' dir='ltr'><strong>qua</strong></span> <span class='ocrx_word' id='word_1_186' title='bbox 761 1690 976 1745; x_wconf 89' lang='lat' dir='ltr'><strong>licentia</strong></span> <span class='ocrx_word' id='word_1_187' title='bbox 1017 1690 1334 1748; x_wconf 83' lang='lat' dir='ltr'><strong>vestustatis</strong></span> <span class='ocrx_word' id='word_1_188' title='bbox 1367 1690 1798 1758; x_wconf 65' lang='lat' dir='ltr'><strong>obscurae,copia</strong></span> <span class='ocrx_word' id='word_1_189' title='bbox 1849 1689 2312 1757; x_wconf 70' lang='lat' dir='ltr'><strong>significationum</strong></span> <span class='ocrx_word' id='word_1_190' title='bbox 2373 1693 2662 1763; x_wconf 61' lang='lat' dir='ltr'><strong>ambigua},</strong></span> <span class='ocrx_word' id='word_1_191' title='bbox 2709 1705 2763 1748; x_wconf 91' lang='lat' dir='ltr'><strong>et</strong></span> <span class='ocrx_word' id='word_1_192' title='bbox 2812 1710 2912 1764; x_wconf 91' lang='lat' dir='ltr'><strong>pro</strong></span> <span class='ocrx_word' id='word_1_193' title='bbox 2950 1695 3203 1750; x_wconf 86' lang='lat' dir='ltr'><strong>on&#39;entali</strong></span> <span class='ocrx_word' id='word_1_194' title='bbox 3255 1695 3525 1750; x_wconf 86' lang='lat' dir='ltr'><strong>scribendi</strong></span> 
     </span>
    </p>
   </div>
   <div class='ocr_carea' id='block_1_18' title="bbox 261 1780 3525 1863">
    <p class='ocr_par' dir='ltr' id='par_1_18' title="bbox 261 1780 3525 1863">
     <span class='ocr_line' id='line_1_18' title="bbox 261 1780 3525 1863; baseline -0.001 -21"><span class='ocrx_word' id='word_1_195' title='bbox 261 1805 482 1863; x_wconf 67' lang='lat' dir='ltr'><strong>genere,</strong></span> <span class='ocrx_word' id='word_1_196' title='bbox 512 1789 657 1842; x_wconf 91' lang='lat' dir='ltr'><strong>inter</strong></span> <span class='ocrx_word' id='word_1_197' title='bbox 683 1794 932 1840; x_wconf 90' lang='lat' dir='ltr'><strong>nostrum</strong></span> <span class='ocrx_word' id='word_1_198' title='bbox 954 1795 1008 1838; x_wconf 90' lang='lat' dir='ltr'><strong>et</strong></span> <span class='ocrx_word' id='word_1_199' title='bbox 1032 1780 1508 1851; x_wconf 81' lang='lat' dir='ltr'><strong>Ilieroglypliicum</strong></span> <span class='ocrx_word' id='word_1_200' title='bbox 1533 1781 1732 1842; x_wconf 89' lang='lat' dir='ltr'><strong>medio,</strong></span> <span class='ocrx_word' id='word_1_201' title='bbox 1754 1780 1809 1834; x_wconf 93' lang='lat' dir='ltr'><strong>in</strong></span> <span class='ocrx_word' id='word_1_202' title='bbox 1842 1781 1985 1835; x_wconf 90' lang='lat' dir='ltr'><strong>notis</strong></span> <span class='ocrx_word' id='word_1_203' title='bbox 2012 1782 2313 1848; x_wconf 57' lang='lat' dir='ltr'><strong>prescrtim</strong></span> <span class='ocrx_word' id='word_1_204' title='bbox 2342 1792 2398 1837; x_wconf 90' lang='lat' dir='ltr'><strong>et</strong></span> <span class='ocrx_word' id='word_1_205' title='bbox 2421 1793 2576 1838; x_wconf 88' lang='lat' dir='ltr'><strong>extra</strong></span> <span class='ocrx_word' id='word_1_206' title='bbox 2609 1785 2804 1840; x_wconf 85' lang='lat' dir='ltr'><strong>seriem</strong></span> <span class='ocrx_word' id='word_1_207' title='bbox 2829 1789 3099 1843; x_wconf 87' lang='lat' dir='ltr'><strong>orationis</strong></span> <span class='ocrx_word' id='word_1_208' title='bbox 3127 1788 3278 1842; x_wconf 86' lang='lat' dir='ltr'><strong>vario</strong></span> <span class='ocrx_word' id='word_1_209' title='bbox 3311 1786 3525 1858; x_wconf 77' lang='lat' dir='ltr'><strong>legendi</strong></span> 
     </span>
    </p>
   </div>
   <div class='ocr_carea' id='block_1_19' title="bbox 257 1873 3526 1955">
    <p class='ocr_par' dir='ltr' id='par_1_19' title="bbox 257 1873 3526 1955">
     <span class='ocr_line' id='line_1_19' title="bbox 257 1873 3526 1955; baseline -0.004 -13"><span class='ocrx_word' id='word_1_210' title='bbox 257 1901 312 1942; x_wconf 89' lang='lat' dir='ltr'><strong>et</strong></span> <span class='ocrx_word' id='word_1_211' title='bbox 337 1881 728 1955; x_wconf 89' lang='lat' dir='ltr'><strong>interpretandi</strong></span> <span class='ocrx_word' id='word_1_212' title='bbox 756 1877 985 1934; x_wconf 89' lang='lat' dir='ltr'><strong>arbitrio</strong></span> <span class='ocrx_word' id='word_1_213' title='bbox 1011 1876 1261 1929; x_wconf 66' lang='lat' dir='ltr'><strong>obnoxia:</strong></span> <span class='ocrx_word' id='word_1_214' title='bbox 1295 1882 1444 1937; x_wconf 90' lang='lat' dir='ltr'><strong>sunt,</strong></span> <span class='ocrx_word' id='word_1_215' title='bbox 1474 1875 1700 1929; x_wconf 89' lang='lat' dir='ltr'><strong>totidem</strong></span> <span class='ocrx_word' id='word_1_216' title='bbox 1732 1873 1944 1928; x_wconf 88' lang='lat' dir='ltr'><strong>Latinis</strong></span> <span class='ocrx_word' id='word_1_217' title='bbox 1973 1873 2219 1942; x_wconf 84' lang='lat' dir='ltr'><strong>ejusdem</strong></span> <span class='ocrx_word' id='word_1_218' title='bbox 2249 1875 2330 1929; x_wconf 86' lang='lat' dir='ltr'><strong>vis</strong></span> <span class='ocrx_word' id='word_1_219' title='bbox 2353 1885 2405 1930; x_wconf 93' lang='lat' dir='ltr'><strong>et</strong></span> <span class='ocrx_word' id='word_1_220' title='bbox 2439 1879 2728 1945; x_wconf 80' lang='lat' dir='ltr'><strong>potestatis</strong></span> <span class='ocrx_word' id='word_1_221' title='bbox 2752 1878 3058 1948; x_wconf 77' lang='lat' dir='ltr'><strong>exprimere</strong></span> <span class='ocrx_word' id='word_1_222' title='bbox 3078 1877 3176 1948; x_wconf 92' lang='lat' dir='ltr'><strong>(l).</strong></span> <span class='ocrx_word' id='word_1_223' title='bbox 3209 1877 3302 1932; x_wconf 89' lang='lat' dir='ltr'><strong>Sic</strong></span> <span class='ocrx_word' id='word_1_224' title='bbox 3331 1877 3526 1930; x_wconf 87' lang='lat' dir='ltr'><strong>barum</strong></span> 
     </span>
    </p>
   </div>
   <div class='ocr_carea' id='block_1_20' title="bbox 259 1966 3528 2041">
    <p class='ocr_par' dir='ltr' id='par_1_20' title="bbox 259 1966 3528 2041">
     <span class='ocr_line' id='line_1_20' title="bbox 259 1966 3528 2041; baseline -0.004 -5"><span class='ocrx_word' id='word_1_225' title='bbox 259 1991 584 2036; x_wconf 87' lang='lat' dir='ltr'><strong>caussarum</strong></span> <span class='ocrx_word' id='word_1_226' title='bbox 621 1986 838 2026; x_wconf 82' lang='lat' dir='ltr'><strong>errores</strong></span> <span class='ocrx_word' id='word_1_227' title='bbox 867 1984 1002 2024; x_wconf 76' lang='lat' dir='ltr'><strong>mea:</strong></span> <span class='ocrx_word' id='word_1_228' title='bbox 1038 1967 1268 2022; x_wconf 67' lang='lat' dir='ltr'><strong>inscitiae</strong></span> <span class='ocrx_word' id='word_1_229' title='bbox 1289 2007 1302 2028; x_wconf 90' lang='lat'><strong>,</strong></span> <span class='ocrx_word' id='word_1_230' title='bbox 1333 1966 1576 2036; x_wconf 88' lang='lat' dir='ltr'><strong>reliquos</strong></span> <span class='ocrx_word' id='word_1_231' title='bbox 1610 1982 1760 2030; x_wconf 85' lang='lat' dir='ltr'><strong>vero,</strong></span> <span class='ocrx_word' id='word_1_232' title='bbox 1799 1981 1939 2036; x_wconf 89' lang='lat' dir='ltr'><strong>quos</strong></span> <span class='ocrx_word' id='word_1_233' title='bbox 1967 1967 2389 2022; x_wconf 83' lang='lat' dir='ltr'><strong>transcribendo</strong></span> <span class='ocrx_word' id='word_1_234' title='bbox 2420 1971 2693 2036; x_wconf 88' lang='lat' dir='ltr'><strong>commisi,</strong></span> <span class='ocrx_word' id='word_1_235' title='bbox 2735 1981 2786 2026; x_wconf 89' lang='lat' dir='ltr'><strong>et</strong></span> <span class='ocrx_word' id='word_1_236' title='bbox 2820 1987 2962 2041; x_wconf 88' lang='lat' dir='ltr'><strong>quos</strong></span> <span class='ocrx_word' id='word_1_237' title='bbox 3005 1979 3314 2041; x_wconf 88' lang='lat' dir='ltr'><strong>suspectos.</strong></span> <span class='ocrx_word' id='word_1_238' title='bbox 3351 1970 3528 2023; x_wconf 86' lang='lat' dir='ltr'><strong>mani-</strong></span> 
     </span>
    </p>
   </div>
   <div class='ocr_carea' id='block_1_21' title="bbox 264 2060 3521 2137">
    <p class='ocr_par' dir='ltr' id='par_1_21' title="bbox 264 2060 3521 2137">
     <span class='ocr_line' id='line_1_21' title="bbox 264 2060 3521 2137; baseline -0.005 -8"><span class='ocrx_word' id='word_1_239' title='bbox 264 2077 456 2137; x_wconf 88' lang='lat' dir='ltr'><strong>festos,</strong></span> <span class='ocrx_word' id='word_1_240' title='bbox 492 2078 638 2125; x_wconf 89' lang='lat' dir='ltr'><strong>metu</strong></span> <span class='ocrx_word' id='word_1_241' title='bbox 667 2069 864 2121; x_wconf 88' lang='lat' dir='ltr'><strong>iterum</strong></span> <span class='ocrx_word' id='word_1_242' title='bbox 891 2062 1109 2117; x_wconf 79' lang='lat' dir='ltr'><strong>errandi</strong></span> <span class='ocrx_word' id='word_1_243' title='bbox 1137 2077 1242 2114; x_wconf 90' lang='lat' dir='ltr'><strong>non</strong></span> <span class='ocrx_word' id='word_1_244' title='bbox 1266 2061 1503 2122; x_wconf 89' lang='lat' dir='ltr'><strong>correxi,</strong></span> <span class='ocrx_word' id='word_1_245' title='bbox 1543 2075 1677 2115; x_wconf 76' lang='lat' dir='ltr'><strong>mea:</strong></span> <span class='ocrx_word' id='word_1_246' title='bbox 1703 2060 1930 2115; x_wconf 80' lang='lat' dir='ltr'><strong>incuriae</strong></span> <span class='ocrx_word' id='word_1_247' title='bbox 1963 2063 2192 2121; x_wconf 89' lang='lat' dir='ltr'><strong>tribues.</strong></span> <span class='ocrx_word' id='word_1_248' title='bbox 2231 2072 2285 2117; x_wconf 92' lang='lat' dir='ltr'><strong>et</strong></span> <span class='ocrx_word' id='word_1_249' title='bbox 2311 2079 2435 2117; x_wconf 90' lang='lat' dir='ltr'><strong>cum</strong></span> <span class='ocrx_word' id='word_1_250' title='bbox 2470 2063 2593 2117; x_wconf 91' lang='lat' dir='ltr'><strong>illos</strong></span> <span class='ocrx_word' id='word_1_251' title='bbox 2623 2075 2838 2133; x_wconf 87' lang='lat' dir='ltr'><strong>propter</strong></span> <span class='ocrx_word' id='word_1_252' title='bbox 2872 2065 2949 2119; x_wconf 90' lang='lat' dir='ltr'><strong>rei</strong></span> <span class='ocrx_word' id='word_1_253' title='bbox 2976 2063 3374 2126; x_wconf 71' lang='lat' dir='ltr'><strong>difﬁcultatem,</strong></span> <span class='ocrx_word' id='word_1_254' title='bbox 3405 2073 3521 2117; x_wconf 91' lang='lat' dir='ltr'><strong>tum</strong></span> 
     </span>
    </p>
   </div>
   <div class='ocr_carea' id='block_1_22' title="bbox 263 2149 3530 2234">
    <p class='ocr_par' dir='ltr' id='par_1_22' title="bbox 263 2149 3530 2234">
     <span class='ocr_line' id='line_1_22' title="bbox 263 2149 3530 2234; baseline -0.004 -14"><span class='ocrx_word' id='word_1_255' title='bbox 263 2170 365 2220; x_wconf 80' lang='lat' dir='ltr'><strong>Iros</strong></span> <span class='ocrx_word' id='word_1_256' title='bbox 396 2171 620 2234; x_wconf 82' lang='lat' dir='ltr'><strong>propter</strong></span> <span class='ocrx_word' id='word_1_257' title='bbox 655 2157 913 2228; x_wconf 91' lang='lat' dir='ltr'><strong>temporis</strong></span> <span class='ocrx_word' id='word_1_258' title='bbox 946 2154 999 2206; x_wconf 91' lang='lat' dir='ltr'><strong>in</strong></span> <span class='ocrx_word' id='word_1_259' title='bbox 1030 2153 1188 2221; x_wconf 86' lang='lat' dir='ltr'><strong>copia</strong></span> <span class='ocrx_word' id='word_1_260' title='bbox 1222 2151 1428 2205; x_wconf 84' lang='lat' dir='ltr'><strong>codicis</strong></span> <span class='ocrx_word' id='word_1_261' title='bbox 1458 2149 1705 2204; x_wconf 89' lang='lat' dir='ltr'><strong>facienda</strong></span> <span class='ocrx_word' id='word_1_262' title='bbox 1739 2150 2056 2204; x_wconf 78' lang='lat' dir='ltr'><strong>brevitatem</strong></span> <span class='ocrx_word' id='word_1_263' title='bbox 2089 2153 2401 2207; x_wconf 85' lang='lat' dir='ltr'><strong>excusabis.</strong></span> <span class='ocrx_word' id='word_1_264' title='bbox 2433 2151 2684 2206; x_wconf 82' lang='lat' dir='ltr'><strong>Profecto</strong></span> <span class='ocrx_word' id='word_1_265' title='bbox 2722 2168 2829 2208; x_wconf 92' lang='lat' dir='ltr'><strong>non</strong></span> <span class='ocrx_word' id='word_1_266' title='bbox 2880 2164 3088 2208; x_wconf 90' lang='lat' dir='ltr'><strong>tantum</strong></span> <span class='ocrx_word' id='word_1_267' title='bbox 3118 2171 3144 2208; x_wconf 90' lang='lat' dir='ltr'><strong>a</strong></span> <span class='ocrx_word' id='word_1_268' title='bbox 3179 2170 3285 2219; x_wconf 86' lang='lat' dir='ltr'><strong>me,</strong></span> <span class='ocrx_word' id='word_1_269' title='bbox 3323 2153 3416 2221; x_wconf 88' lang='lat' dir='ltr'><strong>qui</strong></span> <span class='ocrx_word' id='word_1_270' title='bbox 3450 2153 3530 2222; x_wconf 85' lang='lat' dir='ltr'><strong>ip-</strong></span> 
     </span>
    </p>
   </div>
   <div class='ocr_carea' id='block_1_23' title="bbox 264 2240 3528 2314">
    <p class='ocr_par' dir='ltr' id='par_1_23' title="bbox 264 2240 3528 2314">
     <span class='ocr_line' id='line_1_23' title="bbox 264 2240 3528 2314; baseline -0.005 -1"><span class='ocrx_word' id='word_1_271' title='bbox 264 2274 388 2314; x_wconf 92' lang='lat' dir='ltr'><strong>sum</strong></span> <span class='ocrx_word' id='word_1_272' title='bbox 409 2257 656 2311; x_wconf 87' lang='lat' dir='ltr'><strong>codicem</strong></span> <span class='ocrx_word' id='word_1_273' title='bbox 711 2265 811 2304; x_wconf 89' lang='lat' dir='ltr'><strong>nec</strong></span> <span class='ocrx_word' id='word_1_274' title='bbox 845 2257 1026 2308; x_wconf 86' lang='lat' dir='ltr'><strong>antea,</strong></span> <span class='ocrx_word' id='word_1_275' title='bbox 1058 2252 1286 2312; x_wconf 78' lang='lat' dir='ltr'><strong>urgente</strong></span> <span class='ocrx_word' id='word_1_276' title='bbox 1320 2258 1440 2295; x_wconf 86' lang='lat' dir='ltr'><strong>meo</strong></span> <span class='ocrx_word' id='word_1_277' title='bbox 1481 2243 1533 2295; x_wconf 89' lang='lat' dir='ltr'><strong>in</strong></span> <span class='ocrx_word' id='word_1_278' title='bbox 1557 2240 1821 2294; x_wconf 87' lang='lat' dir='ltr'><strong>orientem</strong></span> <span class='ocrx_word' id='word_1_279' title='bbox 1855 2241 2069 2305; x_wconf 86' lang='lat' dir='ltr'><strong>itinere,</strong></span> <span class='ocrx_word' id='word_1_280' title='bbox 2097 2251 2268 2295; x_wconf 89' lang='lat' dir='ltr'><strong>totum</strong></span> <span class='ocrx_word' id='word_1_281' title='bbox 2295 2259 2418 2296; x_wconf 92' lang='lat' dir='ltr'><strong>cum</strong></span> <span class='ocrx_word' id='word_1_282' title='bbox 2441 2253 2629 2296; x_wconf 86' lang='lat' dir='ltr'><strong>nostro</strong></span> <span class='ocrx_word' id='word_1_283' title='bbox 2653 2245 2942 2312; x_wconf 81' lang='lat' dir='ltr'><strong>exemplari</strong></span> <span class='ocrx_word' id='word_1_284' title='bbox 2971 2243 3284 2300; x_wconf 89' lang='lat' dir='ltr'><strong>conferendi</strong></span> <span class='ocrx_word' id='word_1_285' title='bbox 3316 2255 3528 2312; x_wconf 77' lang='lat' dir='ltr'><strong>tempus</strong></span> 
     </span>
    </p>
   </div>
   <div class='ocr_carea' id='block_1_24' title="bbox 260 2334 3526 2418">
    <p class='ocr_par' dir='ltr' id='par_1_24' title="bbox 260 2334 3526 2418">
     <span class='ocr_line' id='line_1_24' title="bbox 260 2334 3526 2418; baseline -0.006 -9"><span class='ocrx_word' id='word_1_286' title='bbox 260 2353 454 2415; x_wconf 85' lang='lat' dir='ltr'><strong>habui,</strong></span> <span class='ocrx_word' id='word_1_287' title='bbox 481 2365 582 2404; x_wconf 88' lang='lat' dir='ltr'><strong>nec</strong></span> <span class='ocrx_word' id='word_1_288' title='bbox 604 2350 718 2418; x_wconf 90' lang='lat' dir='ltr'><strong>jam</strong></span> <span class='ocrx_word' id='word_1_289' title='bbox 747 2360 812 2399; x_wconf 86' lang='lat' dir='ltr'><strong>ex</strong></span> <span class='ocrx_word' id='word_1_290' title='bbox 845 2352 998 2414; x_wconf 92' lang='lat' dir='ltr'><strong>parte</strong></span> <span class='ocrx_word' id='word_1_291' title='bbox 1027 2337 1344 2393; x_wconf 85' lang='lat' dir='ltr'><strong>consulendi</strong></span> <span class='ocrx_word' id='word_1_292' title='bbox 1381 2336 1724 2390; x_wconf 86' lang='lat' dir='ltr'><strong>occasionem</strong></span> <span class='ocrx_word' id='word_1_293' title='bbox 1764 2334 1962 2400; x_wconf 82' lang='lat' dir='ltr'><strong>habeo,</strong></span> <span class='ocrx_word' id='word_1_294' title='bbox 1993 2336 2321 2404; x_wconf 84' lang='lat' dir='ltr'><strong>postulabis,</strong></span> <span class='ocrx_word' id='word_1_295' title='bbox 2347 2346 2611 2405; x_wconf 82' lang='lat' dir='ltr'><strong>quantum</strong></span> <span class='ocrx_word' id='word_1_296' title='bbox 2647 2336 2716 2391; x_wconf 91' lang='lat' dir='ltr'><strong>ab</strong></span> <span class='ocrx_word' id='word_1_297' title='bbox 2755 2349 2944 2390; x_wconf 91' lang='lat' dir='ltr'><strong>eorum</strong></span> <span class='ocrx_word' id='word_1_298' title='bbox 2972 2335 3168 2390; x_wconf 89' lang='lat' dir='ltr'><strong>studiis</strong></span> <span class='ocrx_word' id='word_1_299' title='bbox 3193 2345 3246 2391; x_wconf 89' lang='lat' dir='ltr'><strong>et</strong></span> <span class='ocrx_word' id='word_1_300' title='bbox 3272 2335 3526 2407; x_wconf 77' lang='lat' dir='ltr'><strong>ingeniis,</strong></span> 
     </span>
    </p>
   </div>
   <div class='ocr_carea' id='block_1_25' title="bbox 265 2430 1966 2515">
    <p class='ocr_par' dir='ltr' id='par_1_25' title="bbox 265 2430 1966 2515">
     <span class='ocr_line' id='line_1_25' title="bbox 265 2430 1966 2515; baseline -0.01 -16"><span class='ocrx_word' id='word_1_301' title='bbox 265 2446 466 2515; x_wconf 86' lang='lat' dir='ltr'><strong>quibus</strong></span> <span class='ocrx_word' id='word_1_302' title='bbox 498 2441 663 2508; x_wconf 88' lang='lat' dir='ltr'><strong>hujus</strong></span> <span class='ocrx_word' id='word_1_303' title='bbox 701 2436 988 2503; x_wconf 88' lang='lat' dir='ltr'><strong>utriusque</strong></span> <span class='ocrx_word' id='word_1_304' title='bbox 1020 2433 1237 2487; x_wconf 90' lang='lat' dir='ltr'><strong>fortuna</strong></span> <span class='ocrx_word' id='word_1_305' title='bbox 1263 2431 1574 2502; x_wconf 83' lang='lat' dir='ltr'><strong>contigerit,</strong></span> <span class='ocrx_word' id='word_1_306' title='bbox 1604 2430 1966 2500; x_wconf 80' lang='lat' dir='ltr'><strong>exspectabis.</strong></span> 
     </span>
    </p>
   </div>
   <div class='ocr_carea' id='block_1_26' title="bbox 333 2520 3529 2594">
    <p class='ocr_par' dir='ltr' id='par_1_26' title="bbox 333 2520 3529 2594">
     <span class='ocr_line' id='line_1_26' title="bbox 333 2520 3529 2594; baseline -0.005 -2"><span class='ocrx_word' id='word_1_307' title='bbox 333 2539 416 2592; x_wconf 86' lang='lat' dir='ltr'><strong>Ad</strong></span> <span class='ocrx_word' id='word_1_308' title='bbox 442 2536 698 2590; x_wconf 89' lang='lat' dir='ltr'><strong>ultimum</strong></span> <span class='ocrx_word' id='word_1_309' title='bbox 723 2533 790 2586; x_wconf 87' lang='lat' dir='ltr'><strong>de</strong></span> <span class='ocrx_word' id='word_1_310' title='bbox 817 2529 1026 2584; x_wconf 82' lang='lat' dir='ltr'><strong>codicis</strong></span> <span class='ocrx_word' id='word_1_311' title='bbox 1055 2527 1228 2580; x_wconf 82' lang='lat' dir='ltr'><strong>nostri</strong></span> <span class='ocrx_word' id='word_1_312' title='bbox 1262 2541 1388 2589; x_wconf 85' lang='lat' dir='ltr'><strong>usu,</strong></span> <span class='ocrx_word' id='word_1_313' title='bbox 1412 2525 1507 2594; x_wconf 87' lang='lat' dir='ltr'><strong>qui</strong></span> <span class='ocrx_word' id='word_1_314' title='bbox 1539 2523 1733 2577; x_wconf 88' lang='lat' dir='ltr'><strong>melius</strong></span> <span class='ocrx_word' id='word_1_315' title='bbox 1759 2538 1788 2576; x_wconf 90' lang='lat' dir='ltr'><strong>a</strong></span> <span class='ocrx_word' id='word_1_316' title='bbox 1807 2523 1922 2578; x_wconf 91' lang='lat' dir='ltr'><strong>suis</strong></span> <span class='ocrx_word' id='word_1_317' title='bbox 1954 2520 2142 2585; x_wconf 87' lang='lat' dir='ltr'><strong>rebus,</strong></span> <span class='ocrx_word' id='word_1_318' title='bbox 2182 2536 2348 2592; x_wconf 89' lang='lat' dir='ltr'><strong>quam</strong></span> <span class='ocrx_word' id='word_1_319' title='bbox 2381 2520 2585 2577; x_wconf 91' lang='lat' dir='ltr'><strong>nostris</strong></span> <span class='ocrx_word' id='word_1_320' title='bbox 2615 2522 2798 2579; x_wconf 78' lang='lat' dir='ltr'><strong>verbis</strong></span> <span class='ocrx_word' id='word_1_321' title='bbox 2824 2522 3266 2591; x_wconf 80' lang='lat' dir='ltr'><strong>cognoscendus,</strong></span> <span class='ocrx_word' id='word_1_322' title='bbox 3299 2521 3529 2592; x_wconf 78' lang='lat' dir='ltr'><strong>integri-</strong></span> 
     </span>
    </p>
   </div>
   <div class='ocr_carea' id='block_1_27' title="bbox 263 2609 3528 2692">
    <p class='ocr_par' dir='ltr' id='par_1_27' title="bbox 263 2609 3528 2692">
     <span class='ocr_line' id='line_1_27' title="bbox 263 2609 3528 2692; baseline -0.005 -3"><span class='ocrx_word' id='word_1_323' title='bbox 263 2636 361 2689; x_wconf 86' lang='lat' dir='ltr'><strong>tati</strong></span> <span class='ocrx_word' id='word_1_324' title='bbox 399 2630 652 2687; x_wconf 83' lang='lat' dir='ltr'><strong>lIebraici</strong></span> <span class='ocrx_word' id='word_1_325' title='bbox 687 2637 869 2683; x_wconf 81' lang='lat' dir='ltr'><strong>textus</strong></span> <span class='ocrx_word' id='word_1_326' title='bbox 901 2635 1084 2680; x_wconf 83' lang='lat' dir='ltr'><strong>vetera</strong></span> <span class='ocrx_word' id='word_1_327' title='bbox 1110 2625 1447 2686; x_wconf 84' lang='lat' dir='ltr'><strong>testimonia,</strong></span> <span class='ocrx_word' id='word_1_328' title='bbox 1482 2609 1629 2678; x_wconf 84' lang='lat' dir='ltr'><strong>vitiis</strong></span> <span class='ocrx_word' id='word_1_329' title='bbox 1663 2621 1806 2676; x_wconf 87' lang='lat' dir='ltr'><strong>LXX</strong></span> <span class='ocrx_word' id='word_1_330' title='bbox 1835 2623 2192 2692; x_wconf 87' lang='lat' dir='ltr'><strong>interpretum</strong></span> <span class='ocrx_word' id='word_1_331' title='bbox 2216 2637 2356 2676; x_wconf 87' lang='lat' dir='ltr'><strong>nova</strong></span> <span class='ocrx_word' id='word_1_332' title='bbox 2379 2621 2642 2684; x_wconf 79' lang='lat' dir='ltr'><strong>remedia,</strong></span> <span class='ocrx_word' id='word_1_333' title='bbox 2662 2634 2720 2678; x_wconf 91' lang='lat' dir='ltr'><strong>et</strong></span> <span class='ocrx_word' id='word_1_334' title='bbox 2750 2637 2876 2678; x_wconf 88' lang='lat' dir='ltr'><strong>cum</strong></span> <span class='ocrx_word' id='word_1_335' title='bbox 2913 2617 3316 2676; x_wconf 78' lang='lat' dir='ltr'><strong>Iloutfaueouis</strong></span> <span class='ocrx_word' id='word_1_336' title='bbox 3349 2618 3528 2673; x_wconf 63' lang='grc' dir='ltr'><strong>Πελει-</strong></span> 
     </span>
    </p>
   </div>
   <div class='ocr_carea' id='block_1_28' title="bbox 261 2713 3528 2798">
    <p class='ocr_par' dir='ltr' id='par_1_28' title="bbox 261 2713 3528 2798">
     <span class='ocr_line' id='line_1_28' title="bbox 261 2713 3528 2798; baseline -0.005 -15"><span class='ocrx_word' id='word_1_337' title='bbox 261 2729 370 2798; x_wconf 90' lang='lat' dir='ltr'><strong>plis</strong></span> <span class='ocrx_word' id='word_1_338' title='bbox 400 2735 512 2780; x_wconf 89' lang='lat' dir='ltr'><strong>tum</strong></span> <span class='ocrx_word' id='word_1_339' title='bbox 536 2723 778 2795; x_wconf 88' lang='lat' dir='ltr'><strong>Syriacis</strong></span> <span class='ocrx_word' id='word_1_340' title='bbox 799 2720 1238 2775; x_wconf 82' lang='lat' dir='ltr'><strong>Nomenclaturis</strong></span> <span class='ocrx_word' id='word_1_341' title='bbox 1267 2732 1465 2787; x_wconf 81' lang='lat' dir='ltr'><strong>magna</strong></span> <span class='ocrx_word' id='word_1_342' title='bbox 1504 2717 1840 2772; x_wconf 87' lang='lat' dir='ltr'><strong>incrementa</strong></span> <span class='ocrx_word' id='word_1_343' title='bbox 1871 2719 1924 2769; x_wconf 92' lang='lat' dir='ltr'><strong>in</strong></span> <span class='ocrx_word' id='word_1_344' title='bbox 1958 2714 2138 2770; x_wconf 90' lang='lat' dir='ltr'><strong>fronte</strong></span> <span class='ocrx_word' id='word_1_345' title='bbox 2162 2715 2448 2786; x_wconf 90' lang='lat' dir='ltr'><strong>promittit,</strong></span> <span class='ocrx_word' id='word_1_346' title='bbox 2484 2723 2540 2770; x_wconf 91' lang='lat' dir='ltr'><strong>et</strong></span> <span class='ocrx_word' id='word_1_347' title='bbox 2563 2715 2616 2770; x_wconf 92' lang='lat' dir='ltr'><strong>in</strong></span> <span class='ocrx_word' id='word_1_348' title='bbox 2650 2731 2869 2772; x_wconf 84' lang='lat' dir='ltr'><strong>recessu</strong></span> <span class='ocrx_word' id='word_1_349' title='bbox 2922 2715 3089 2780; x_wconf 89' lang='lat' dir='ltr'><strong>fovet,</strong></span> <span class='ocrx_word' id='word_1_350' title='bbox 3121 2715 3290 2769; x_wconf 84' lang='lat' dir='ltr'><strong>multa</strong></span> <span class='ocrx_word' id='word_1_351' title='bbox 3325 2713 3528 2798; x_wconf 45' lang='lat' dir='ltr'><strong>habeo.</strong></span> 
     </span>
    </p>
   </div>
   <div class='ocr_carea' id='block_1_29' title="bbox 259 2805 3533 2889">
    <p class='ocr_par' dir='ltr' id='par_1_29' title="bbox 259 2805 3533 2889">
     <span class='ocr_line' id='line_1_29' title="bbox 259 2805 3533 2889; baseline -0.003 -23"><span class='ocrx_word' id='word_1_352' title='bbox 259 2832 385 2889; x_wconf 78' lang='lat' dir='ltr'><strong>quae</strong></span> <span class='ocrx_word' id='word_1_353' title='bbox 413 2815 673 2879; x_wconf 88' lang='lat' dir='ltr'><strong>dicerem,</strong></span> <span class='ocrx_word' id='word_1_354' title='bbox 707 2813 808 2866; x_wconf 87' lang='lat' dir='ltr'><strong>nisi</strong></span> <span class='ocrx_word' id='word_1_355' title='bbox 841 2813 1118 2882; x_wconf 87' lang='lat' dir='ltr'><strong>proposita</strong></span> <span class='ocrx_word' id='word_1_356' title='bbox 1150 2807 1448 2864; x_wconf 79' lang='lat' dir='ltr'><strong>voluminis</strong></span> <span class='ocrx_word' id='word_1_357' title='bbox 1479 2815 1533 2862; x_wconf 88' lang='lat' dir='ltr'><strong>et</strong></span> <span class='ocrx_word' id='word_1_358' title='bbox 1561 2806 1719 2877; x_wconf 90' lang='lat' dir='ltr'><strong>pretii</strong></span> <span class='ocrx_word' id='word_1_359' title='bbox 1751 2806 2070 2873; x_wconf 77' lang='lat' dir='ltr'><strong>magnitudo</strong></span> <span class='ocrx_word' id='word_1_360' title='bbox 2104 2807 2236 2860; x_wconf 89' lang='lat' dir='ltr'><strong>mibi</strong></span> <span class='ocrx_word' id='word_1_361' title='bbox 2273 2816 2421 2862; x_wconf 87' lang='lat' dir='ltr'><strong>esset</strong></span> <span class='ocrx_word' id='word_1_362' title='bbox 2450 2806 2868 2875; x_wconf 89' lang='lat' dir='ltr'><strong>impedimento.</strong></span> <span class='ocrx_word' id='word_1_363' title='bbox 2899 2805 3068 2878; x_wconf 80' lang='lat' dir='ltr'><strong>Igitur</strong></span> <span class='ocrx_word' id='word_1_364' title='bbox 3095 2822 3219 2862; x_wconf 91' lang='lat' dir='ltr'><strong>cum</strong></span> <span class='ocrx_word' id='word_1_365' title='bbox 3251 2823 3316 2861; x_wconf 81' lang='lat' dir='ltr'><strong>ex</strong></span> <span class='ocrx_word' id='word_1_366' title='bbox 3366 2807 3533 2858; x_wconf 82' lang='lat' dir='ltr'><strong>intru-</strong></span> 
     </span>
    </p>
   </div>
   <div class='ocr_carea' id='block_1_30' title="bbox 263 2896 3532 2974">
    <p class='ocr_par' dir='ltr' id='par_1_30' title="bbox 263 2896 3532 2974">
     <span class='ocr_line' id='line_1_30' title="bbox 263 2896 3532 2974; baseline -0.004 -8"><span class='ocrx_word' id='word_1_367' title='bbox 263 2911 433 2968; x_wconf 86' lang='lat' dir='ltr'><strong>meris</strong></span> <span class='ocrx_word' id='word_1_368' title='bbox 458 2907 720 2963; x_wconf 90' lang='lat' dir='ltr'><strong>nonnulla</strong></span> <span class='ocrx_word' id='word_1_369' title='bbox 753 2905 915 2974; x_wconf 86' lang='lat' dir='ltr'><strong>hujus</strong></span> <span class='ocrx_word' id='word_1_370' title='bbox 960 2902 1230 2958; x_wconf 91' lang='lat' dir='ltr'><strong>versionis</strong></span> <span class='ocrx_word' id='word_1_371' title='bbox 1276 2901 1419 2962; x_wconf 90' lang='lat' dir='ltr'><strong>loca,</strong></span> <span class='ocrx_word' id='word_1_372' title='bbox 1447 2914 1569 2969; x_wconf 60' lang='lat' dir='ltr'><strong>qum</strong></span> <span class='ocrx_word' id='word_1_373' title='bbox 1601 2897 1671 2952; x_wconf 86' lang='lat' dir='ltr'><strong>ab</strong></span> <span class='ocrx_word' id='word_1_374' title='bbox 1699 2896 1990 2968; x_wconf 84' lang='lat' dir='ltr'><strong>Hexaplari</strong></span> <span class='ocrx_word' id='word_1_375' title='bbox 2048 2908 2162 2953; x_wconf 90' lang='lat' dir='ltr'><strong>tum</strong></span> <span class='ocrx_word' id='word_1_376' title='bbox 2222 2896 2626 2954; x_wconf 79' lang='lat' dir='ltr'><strong>Montfauconis</strong></span> <span class='ocrx_word' id='word_1_377' title='bbox 2681 2915 2845 2968; x_wconf 89' lang='lat' dir='ltr'><strong>opere</strong></span> <span class='ocrx_word' id='word_1_378' title='bbox 2901 2909 3012 2954; x_wconf 92' lang='lat' dir='ltr'><strong>tum</strong></span> <span class='ocrx_word' id='word_1_379' title='bbox 3048 2898 3236 2954; x_wconf 85' lang='lat' dir='ltr'><strong>Grabii</strong></span> <span class='ocrx_word' id='word_1_380' title='bbox 3291 2897 3532 2953; x_wconf 78' lang='lat' dir='ltr'><strong>editione</strong></span> 
     </span>
    </p>
   </div>
   <div class='ocr_carea' id='block_1_31' title="bbox 262 2991 3526 3070">
    <p class='ocr_par' dir='ltr' id='par_1_31' title="bbox 262 2991 3526 3070">
     <span class='ocr_line' id='line_1_31' title="bbox 262 2991 3526 3070; baseline -0.003 -12"><span class='ocrx_word' id='word_1_381' title='bbox 262 3018 462 3058; x_wconf 87' lang='lat' dir='ltr'><strong>vocum</strong></span> <span class='ocrx_word' id='word_1_382' title='bbox 508 3009 562 3055; x_wconf 92' lang='lat' dir='ltr'><strong>et</strong></span> <span class='ocrx_word' id='word_1_383' title='bbox 595 2999 876 3070; x_wconf 79' lang='lat' dir='ltr'><strong>signorum</strong></span> <span class='ocrx_word' id='word_1_384' title='bbox 920 3012 1174 3060; x_wconf 89' lang='lat' dir='ltr'><strong>numero,</strong></span> <span class='ocrx_word' id='word_1_385' title='bbox 1212 2996 1386 3051; x_wconf 87' lang='lat' dir='ltr'><strong>forma</strong></span> <span class='ocrx_word' id='word_1_386' title='bbox 1415 3002 1471 3049; x_wconf 91' lang='lat' dir='ltr'><strong>et</strong></span> <span class='ocrx_word' id='word_1_387' title='bbox 1496 2994 1616 3048; x_wconf 92' lang='lat' dir='ltr'><strong>loco</strong></span> <span class='ocrx_word' id='word_1_388' title='bbox 1636 2991 1915 3058; x_wconf 75' lang='lat' dir='ltr'><strong>diﬂ‘erunt,</strong></span> <span class='ocrx_word' id='word_1_389' title='bbox 1950 2992 2156 3047; x_wconf 76' lang='lat' dir='ltr'><strong>aﬂ‘atim</strong></span> <span class='ocrx_word' id='word_1_390' title='bbox 2192 2994 2465 3063; x_wconf 86' lang='lat' dir='ltr'><strong>explicare</strong></span> <span class='ocrx_word' id='word_1_391' title='bbox 2501 3009 2608 3048; x_wconf 91' lang='lat' dir='ltr'><strong>non</strong></span> <span class='ocrx_word' id='word_1_392' title='bbox 2642 2994 2822 3060; x_wconf 86' lang='lat' dir='ltr'><strong>liceat,</strong></span> <span class='ocrx_word' id='word_1_393' title='bbox 2875 3010 2939 3049; x_wconf 89' lang='lat' dir='ltr'><strong>ea</strong></span> <span class='ocrx_word' id='word_1_394' title='bbox 2983 2995 3036 3048; x_wconf 92' lang='lat' dir='ltr'><strong>in</strong></span> <span class='ocrx_word' id='word_1_395' title='bbox 3069 3006 3388 3064; x_wconf 70' lang='lat' dir='ltr'><strong>opportuna:</strong></span> <span class='ocrx_word' id='word_1_396' title='bbox 3414 2992 3526 3048; x_wconf 87' lang='lat' dir='ltr'><strong>col--</strong></span> 
     </span>
    </p>
   </div>
   <div class='ocr_carea' id='block_1_32' title="bbox 264 3082 3529 3161">
    <p class='ocr_par' dir='ltr' id='par_1_32' title="bbox 264 3082 3529 3161">
     <span class='ocr_line' id='line_1_32' title="bbox 264 3082 3529 3161; baseline -0.003 -12"><span class='ocrx_word' id='word_1_397' title='bbox 264 3094 485 3150; x_wconf 86' lang='lat' dir='ltr'><strong>lationis</strong></span> <span class='ocrx_word' id='word_1_398' title='bbox 511 3091 722 3161; x_wconf 84' lang='lat' dir='ltr'><strong>copiam</strong></span> <span class='ocrx_word' id='word_1_399' title='bbox 772 3097 827 3143; x_wconf 89' lang='lat' dir='ltr'><strong>et</strong></span> <span class='ocrx_word' id='word_1_400' title='bbox 875 3090 987 3143; x_wconf 88' lang='lat' dir='ltr'><strong>veri</strong></span> <span class='ocrx_word' id='word_1_401' title='bbox 1035 3105 1097 3143; x_wconf 90' lang='lat' dir='ltr'><strong>ac</strong></span> <span class='ocrx_word' id='word_1_402' title='bbox 1129 3088 1247 3143; x_wconf 86' lang='lat' dir='ltr'><strong>falsi</strong></span> <span class='ocrx_word' id='word_1_403' title='bbox 1299 3085 1594 3141; x_wconf 89' lang='lat' dir='ltr'><strong>discrimen</strong></span> <span class='ocrx_word' id='word_1_404' title='bbox 1629 3083 1950 3138; x_wconf 87' lang='lat' dir='ltr'><strong>nominatim</strong></span> <span class='ocrx_word' id='word_1_405' title='bbox 1996 3083 2200 3138; x_wconf 88' lang='lat' dir='ltr'><strong>citasse</strong></span> <span class='ocrx_word' id='word_1_406' title='bbox 2249 3083 2462 3154; x_wconf 86' lang='lat' dir='ltr'><strong>juvabit</strong></span> <span class='ocrx_word' id='word_1_407' title='bbox 2512 3099 2543 3140; x_wconf 88' lang='lat' dir='ltr'><strong>c</strong></span> <span class='ocrx_word' id='word_1_408' title='bbox 2582 3083 2716 3139; x_wconf 88' lang='lat' dir='ltr'><strong>solis</strong></span> <span class='ocrx_word' id='word_1_409' title='bbox 2757 3082 2976 3140; x_wconf 89' lang='lat' dir='ltr'><strong>duobus</strong></span> <span class='ocrx_word' id='word_1_410' title='bbox 3010 3084 3162 3140; x_wconf 86' lang='lat' dir='ltr'><strong>libris</strong></span> <span class='ocrx_word' id='word_1_411' title='bbox 3201 3099 3343 3155; x_wconf 89' lang='lat' dir='ltr'><strong>quos</strong></span> <span class='ocrx_word' id='word_1_412' title='bbox 3382 3100 3529 3139; x_wconf 91' lang='lat' dir='ltr'><strong>nunc</strong></span> 
     </span>
    </p>
   </div>
   <div class='ocr_carea' id='block_1_33' title="bbox 262 3188 1858 3336">
    <p class='ocr_par' dir='ltr' id='par_1_33' title="bbox 262 3188 1858 3336">
     <span class='ocr_line' id='line_1_33' title="bbox 262 3188 502 3242; baseline -0.017 1"><span class='ocrx_word' id='word_1_413' title='bbox 262 3188 502 3242; x_wconf 77' lang='lat' dir='ltr'><strong>edimus.</strong></span> 
     </span>
     <span class='ocr_line' id='line_1_34' title="bbox 336 3266 1858 3336; baseline -0.009 -2"><span class='ocrx_word' id='word_1_414' title='bbox 336 3281 540 3336; x_wconf 85' lang='lat' dir='ltr'><strong>Jerem.</strong></span> <span class='ocrx_word' id='word_1_415' title='bbox 571 3277 687 3332; x_wconf 82' lang='lat'><strong>1.8.</strong></span> <span class='ocrx_word' id='word_1_416' title='bbox 714 3276 777 3330; x_wconf 95' lang='lat' dir='ltr'><strong>Il.</strong></span> <span class='ocrx_word' id='word_1_417' title='bbox 811 3276 896 3330; x_wconf 90' lang='lat' dir='ltr'><strong>I7.</strong></span> <span class='ocrx_word' id='word_1_418' title='bbox 921 3274 1011 3328; x_wconf 77' lang='grc'><strong>29.</strong></span> <span class='ocrx_word' id='word_1_419' title='bbox 1046 3271 1134 3327; x_wconf 92' lang='lat' dir='ltr'><strong>III.</strong></span> <span class='ocrx_word' id='word_1_420' title='bbox 1167 3273 1222 3327; x_wconf 75' lang='lat'><strong>3.</strong></span> <span class='ocrx_word' id='word_1_421' title='bbox 1258 3270 1349 3326; x_wconf 91' lang='lat' dir='ltr'><strong>IV.</strong></span> <span class='ocrx_word' id='word_1_422' title='bbox 1381 3271 1432 3324; x_wconf 87' lang='lat' dir='ltr'><strong>I.</strong></span> <span class='ocrx_word' id='word_1_423' title='bbox 1467 3268 1532 3322; x_wconf 91' lang='lat' dir='ltr'><strong>V.</strong></span> <span class='ocrx_word' id='word_1_424' title='bbox 1573 3268 1662 3322; x_wconf 82' lang='grc'><strong>15.</strong></span> <span class='ocrx_word' id='word_1_425' title='bbox 1703 3266 1789 3322; x_wconf 88' lang='grc'><strong>16.</strong></span> <span class='ocrx_word' id='word_1_426' title='bbox 1817 3267 1858 3320; x_wconf 70' lang='grc'><strong>21</strong></span> 
     </span>
    </p>
   </div>
   <div class='ocr_carea' id='block_1_34' title="bbox 1929 3188 3525 3336">
    <p class='ocr_par' dir='ltr' id='par_1_34' title="bbox 1942 3265 3525 3327">
     <span class='ocr_line' id='line_1_35' title="bbox 1942 3265 3525 3327; baseline 0.005 -8"><span class='ocrx_word' id='word_1_427' title='bbox 1942 3265 2026 3321; x_wconf 88' lang='lat' dir='ltr'><strong>VI.</strong></span> <span class='ocrx_word' id='word_1_428' title='bbox 2061 3267 2114 3322; x_wconf 86' lang='grc'><strong>2.</strong></span> <span class='ocrx_word' id='word_1_429' title='bbox 2147 3268 2229 3321; x_wconf 81' lang='grc'><strong>15.</strong></span> <span class='ocrx_word' id='word_1_430' title='bbox 2271 3267 2360 3322; x_wconf 90' lang='grc'><strong>22.</strong></span> <span class='ocrx_word' id='word_1_431' title='bbox 2391 3268 2496 3322; x_wconf 90' lang='lat' dir='ltr'><strong>VII.</strong></span> <span class='ocrx_word' id='word_1_432' title='bbox 2532 3269 2618 3325; x_wconf 84' lang='lat' dir='ltr'><strong>I0.</strong></span> <span class='ocrx_word' id='word_1_433' title='bbox 2652 3269 2736 3326; x_wconf 91' lang='lat' dir='ltr'><strong>II.</strong></span> <span class='ocrx_word' id='word_1_434' title='bbox 2769 3270 2905 3326; x_wconf 92' lang='lat' dir='ltr'><strong>VIII.</strong></span> <span class='ocrx_word' id='word_1_435' title='bbox 2929 3271 2984 3326; x_wconf 86' lang='grc'><strong>2.</strong></span> <span class='ocrx_word' id='word_1_436' title='bbox 3017 3271 3068 3327; x_wconf 87' lang='grc'><strong>7.</strong></span> <span class='ocrx_word' id='word_1_437' title='bbox 3105 3270 3189 3326; x_wconf 85' lang='lat' dir='ltr'><strong>I9.</strong></span> <span class='ocrx_word' id='word_1_438' title='bbox 3225 3271 3312 3326; x_wconf 94' lang='lat' dir='ltr'><strong>IX.</strong></span> <span class='ocrx_word' id='word_1_439' title='bbox 3337 3271 3429 3327; x_wconf 86' lang='grc'><strong>26.</strong></span> <span class='ocrx_word' id='word_1_440' title='bbox 3456 3271 3525 3327; x_wconf 81' lang='grc' dir='ltr'><strong>Χ.</strong></span> 
     </span>
    </p>
   </div>
   <div class='ocr_carea' id='block_1_35' title="bbox 263 3357 1859 3426">
    <p class='ocr_par' dir='ltr' id='par_1_35' title="bbox 263 3357 1859 3426">
     <span class='ocr_line' id='line_1_36' title="bbox 263 3357 1859 3426; baseline -0.008 0"><span class='ocrx_word' id='word_1_441' title='bbox 263 3371 321 3426; x_wconf 82' lang='grc'><strong>9.</strong></span> <span class='ocrx_word' id='word_1_442' title='bbox 356 3369 442 3426; x_wconf 89' lang='grc'><strong>18.</strong></span> <span class='ocrx_word' id='word_1_443' title='bbox 472 3367 614 3422; x_wconf 84' lang='lat' dir='ltr'><strong>XIII.</strong></span> <span class='ocrx_word' id='word_1_444' title='bbox 644 3368 730 3422; x_wconf 87' lang='lat' dir='ltr'><strong>IO.</strong></span> <span class='ocrx_word' id='word_1_445' title='bbox 758 3365 992 3420; x_wconf 80' lang='lat' dir='ltr'><strong>XIV.I5.</strong></span> <span class='ocrx_word' id='word_1_446' title='bbox 1028 3366 1116 3420; x_wconf 83' lang='lat' dir='ltr'><strong>I5.</strong></span> <span class='ocrx_word' id='word_1_447' title='bbox 1148 3361 1264 3417; x_wconf 91' lang='lat' dir='ltr'><strong>XV.</strong></span> <span class='ocrx_word' id='word_1_448' title='bbox 1289 3363 1379 3416; x_wconf 90' lang='grc'><strong>11.</strong></span> <span class='ocrx_word' id='word_1_449' title='bbox 1410 3359 1552 3416; x_wconf 86' lang='lat' dir='ltr'><strong>XVI.</strong></span> <span class='ocrx_word' id='word_1_450' title='bbox 1581 3360 1637 3414; x_wconf 73' lang='grc'><strong>4.</strong></span> <span class='ocrx_word' id='word_1_451' title='bbox 1673 3357 1859 3414; x_wconf 85' lang='lat' dir='ltr'><strong>XVIII.</strong></span> 
     </span>
    </p>
   </div>
   <div class='ocr_carea' id='block_1_36' title="bbox 1931 3357 3527 3426">
    <p class='ocr_par' dir='ltr' id='par_1_36' title="bbox 1931 3359 3527 3424">
     <span class='ocr_line' id='line_1_37' title="bbox 1931 3359 3527 3424; baseline 0.009 -14"><span class='ocrx_word' id='word_1_452' title='bbox 1931 3359 1992 3411; x_wconf 68' lang='grc' dir='ltr'><strong>ιθ.</strong></span> <span class='ocrx_word' id='word_1_453' title='bbox 2022 3359 2115 3414; x_wconf 77' lang='grc'><strong>25.</strong></span> <span class='ocrx_word' id='word_1_454' title='bbox 2149 3359 2291 3414; x_wconf 89' lang='lat' dir='ltr'><strong>XIX.</strong></span> <span class='ocrx_word' id='word_1_455' title='bbox 2326 3362 2412 3415; x_wconf 89' lang='grc'><strong>11.</strong></span> <span class='ocrx_word' id='word_1_456' title='bbox 2446 3361 2591 3416; x_wconf 87' lang='lat' dir='ltr'><strong>XXI.</strong></span> <span class='ocrx_word' id='word_1_457' title='bbox 2626 3364 2679 3418; x_wconf 81' lang='grc'><strong>5.</strong></span> <span class='ocrx_word' id='word_1_458' title='bbox 2710 3362 2870 3420; x_wconf 85' lang='lat' dir='ltr'><strong>XXII.</strong></span> <span class='ocrx_word' id='word_1_459' title='bbox 2903 3365 2988 3421; x_wconf 84' lang='lat' dir='ltr'><strong>I8.</strong></span> <span class='ocrx_word' id='word_1_460' title='bbox 3011 3365 3101 3422; x_wconf 83' lang='grc'><strong>29.</strong></span> <span class='ocrx_word' id='word_1_461' title='bbox 3132 3365 3220 3421; x_wconf 78' lang='grc'><strong>50.</strong></span> <span class='ocrx_word' id='word_1_462' title='bbox 3256 3365 3441 3421; x_wconf 85' lang='lat' dir='ltr'><strong>XXIII.</strong></span> <span class='ocrx_word' id='word_1_463' title='bbox 3471 3367 3527 3424; x_wconf 86' lang='lat'><strong>8.</strong></span> 
     </span>
    </p>
   </div>
   <div class='ocr_carea' id='block_1_37' title="bbox 271 3453 3525 3520">
    <p class='ocr_par' dir='ltr' id='par_1_37' title="bbox 271 3453 3525 3520">
     <span class='ocr_line' id='line_1_38' title="bbox 271 3453 3525 3520; baseline -0 -1"><span class='ocrx_word' id='word_1_464' title='bbox 271 3467 359 3520; x_wconf 82' lang='lat' dir='ltr'><strong>I0.</strong></span> <span class='ocrx_word' id='word_1_465' title='bbox 387 3463 581 3520; x_wconf 79' lang='lat' dir='ltr'><strong>XXIX.</strong></span> <span class='ocrx_word' id='word_1_466' title='bbox 616 3465 702 3518; x_wconf 88' lang='grc'><strong>15.</strong></span> <span class='ocrx_word' id='word_1_467' title='bbox 744 3460 985 3516; x_wconf 83' lang='lat' dir='ltr'><strong>XXXIII.</strong></span> <span class='ocrx_word' id='word_1_468' title='bbox 1039 3461 1122 3515; x_wconf 85' lang='lat' dir='ltr'><strong>I6.</strong></span> <span class='ocrx_word' id='word_1_469' title='bbox 1157 3457 1376 3514; x_wconf 87' lang='lat' dir='ltr'><strong>XXXV.</strong></span> <span class='ocrx_word' id='word_1_470' title='bbox 1409 3457 1464 3512; x_wconf 90' lang='lat'><strong>5.</strong></span> <span class='ocrx_word' id='word_1_471' title='bbox 1501 3454 1742 3512; x_wconf 86' lang='lat' dir='ltr'><strong>XXXVI.</strong></span> <span class='ocrx_word' id='word_1_472' title='bbox 1771 3455 1824 3509; x_wconf 88' lang='lat' dir='ltr'><strong>I.</strong></span> <span class='ocrx_word' id='word_1_473' title='bbox 1865 3453 2002 3510; x_wconf 86' lang='lat' dir='ltr'><strong>XLI.</strong></span> <span class='ocrx_word' id='word_1_474' title='bbox 2041 3457 2096 3511; x_wconf 91' lang='lat'><strong>9.</strong></span> <span class='ocrx_word' id='word_1_475' title='bbox 2128 3456 2214 3512; x_wconf 84' lang='lat' dir='ltr'><strong>I5.</strong></span> <span class='ocrx_word' id='word_1_476' title='bbox 2246 3455 2474 3511; x_wconf 89' lang='lat' dir='ltr'><strong>XLVIII.</strong></span> <span class='ocrx_word' id='word_1_477' title='bbox 2523 3459 2607 3514; x_wconf 81' lang='lat' dir='ltr'><strong>I5.</strong></span> <span class='ocrx_word' id='word_1_478' title='bbox 2645 3461 2828 3516; x_wconf 70' lang='lat'><strong>50.45.</strong></span> <span class='ocrx_word' id='word_1_479' title='bbox 2861 3459 3096 3518; x_wconf 82' lang='lat' dir='ltr'><strong>Hezeclt.</strong></span> <span class='ocrx_word' id='word_1_480' title='bbox 3131 3460 3192 3516; x_wconf 91' lang='lat' dir='ltr'><strong>V.</strong></span> <span class='ocrx_word' id='word_1_481' title='bbox 3223 3461 3310 3518; x_wconf 83' lang='lat' dir='ltr'><strong>I5.</strong></span> <span class='ocrx_word' id='word_1_482' title='bbox 3345 3461 3432 3517; x_wconf 92' lang='lat' dir='ltr'><strong>VI.</strong></span> <span class='ocrx_word' id='word_1_483' title='bbox 3470 3464 3525 3520; x_wconf 87' lang='lat'><strong>6.</strong></span> 
     </span>
    </p>
   </div>
   <div class='ocr_carea' id='block_1_38' title="bbox 268 3551 1378 3612">
    <p class='ocr_par' dir='ltr' id='par_1_38' title="bbox 268 3551 1378 3612">
     <span class='ocr_line' id='line_1_39' title="bbox 268 3551 1378 3612; baseline -0.002 -2"><span class='ocrx_word' id='word_1_484' title='bbox 268 3558 324 3610; x_wconf 90' lang='lat'><strong>9.</strong></span> <span class='ocrx_word' id='word_1_485' title='bbox 361 3557 448 3612; x_wconf 87' lang='lat' dir='ltr'><strong>I0.</strong></span> <span class='ocrx_word' id='word_1_486' title='bbox 472 3551 633 3611; x_wconf 85' lang='lat' dir='ltr'><strong>XVII.</strong></span> <span class='ocrx_word' id='word_1_487' title='bbox 665 3556 756 3610; x_wconf 86' lang='grc'><strong>20.</strong></span> <span class='ocrx_word' id='word_1_488' title='bbox 783 3555 873 3608; x_wconf 89' lang='grc'><strong>21.</strong></span> <span class='ocrx_word' id='word_1_489' title='bbox 902 3551 1086 3608; x_wconf 87' lang='lat' dir='ltr'><strong>XVIII.</strong></span> <span class='ocrx_word' id='word_1_490' title='bbox 1117 3554 1168 3608; x_wconf 71' lang='grc' dir='ltr'><strong>ι.</strong></span> <span class='ocrx_word' id='word_1_491' title='bbox 1208 3551 1292 3608; x_wconf 92' lang='lat' dir='ltr'><strong>LI.</strong></span> <span class='ocrx_word' id='word_1_492' title='bbox 1324 3553 1378 3608; x_wconf 88' lang='grc'><strong>6.</strong></span> 
     </span>
    </p>
   </div>
   <div class='ocr_carea' id='block_1_39' title="bbox 344 3734 3532 3810">
    <p class='ocr_par' dir='ltr' id='par_1_39' title="bbox 344 3734 3532 3810">
     <span class='ocr_line' id='line_1_40' title="bbox 344 3734 3532 3810; baseline 0.001 -20"><span class='ocrx_word' id='word_1_493' title='bbox 344 3736 706 3810; x_wconf 42' lang='lat' dir='ltr'><strong>(lilii-mcum</strong></span> <span class='ocrx_word' id='word_1_494' title='bbox 740 3734 1032 3810; x_wconf 80' lang='lat' dir='ltr'><strong>articulum</strong></span> <span class='ocrx_word' id='word_1_495' title='bbox 1064 3734 1491 3810; x_wconf 70' lang='lat' dir='ltr'><strong>praepositivum.</strong></span> <span class='ocrx_word' id='word_1_496' title='bbox 1544 3751 1704 3810; x_wconf 84' lang='lat' dir='ltr'><strong>quem</strong></span> <span class='ocrx_word' id='word_1_497' title='bbox 1747 3734 2013 3810; x_wconf 73' lang='lat' dir='ltr'><strong>Origenes</strong></span> <span class='ocrx_word' id='word_1_498' title='bbox 2032 3739 2210 3810; x_wconf 83' lang='lat' dir='ltr'><strong>textui</strong></span> <span class='ocrx_word' id='word_1_499' title='bbox 2260 3737 2560 3793; x_wconf 76' lang='lat' dir='ltr'><strong>LXXvirali</strong></span> <span class='ocrx_word' id='word_1_500' title='bbox 2595 3737 2888 3809; x_wconf 84' lang='lat' dir='ltr'><strong>aliquando</strong></span> <span class='ocrx_word' id='word_1_501' title='bbox 2935 3740 3219 3810; x_wconf 64' lang='lat' dir='ltr'><strong>praemisso</strong></span> <span class='ocrx_word' id='word_1_502' title='bbox 3264 3741 3532 3796; x_wconf 81' lang='lat' dir='ltr'><strong>asterisco</strong></span> 
     </span>
    </p>
   </div>
   <div class='ocr_carea' id='block_1_40' title="bbox 271 3804 3530 3878">
    <p class='ocr_par' dir='ltr' id='par_1_40' title="bbox 271 3804 3530 3878">
     <span class='ocr_line' id='line_1_41' title="bbox 271 3804 3530 3878; baseline 0.003 -20"><span class='ocrx_word' id='word_1_503' title='bbox 271 3805 716 3878; x_wconf 78' lang='lat' dir='ltr'><strong>addidit,_no_ster</strong></span> <span class='ocrx_word' id='word_1_504' title='bbox 745 3819 840 3873; x_wconf 85' lang='lat' dir='ltr'><strong>per</strong></span> <span class='ocrx_word' id='word_1_505' title='bbox 861 3805 1106 3878; x_wconf 81' lang='lat' dir='ltr'><strong>litteram</strong></span> <span class='ocrx_word' id='word_1_506' title='bbox 1147 3804 1352 3878; x_wconf 78' lang='lat' dir='ltr'><strong>Lomad</strong></span> <span class='ocrx_word' id='word_1_507' title='bbox 1381 3804 1671 3875; x_wconf 75' lang='lat' dir='ltr'><strong>expressit,</strong></span> <span class='ocrx_word' id='word_1_508' title='bbox 1703 3804 1870 3878; x_wconf 84' lang='lat' dir='ltr'><strong>quam</strong></span> <span class='ocrx_word' id='word_1_509' title='bbox 1914 3808 2158 3876; x_wconf 82' lang='lat' dir='ltr'><strong>Norberg</strong></span> <span class='ocrx_word' id='word_1_510' title='bbox 2206 3826 2300 3878; x_wconf 87' lang='lat' dir='ltr'><strong>per</strong></span> <span class='ocrx_word' id='word_1_511' title='bbox 2329 3812 2420 3872; x_wconf 88' lang='lat' dir='ltr'><strong>ad,</strong></span> <span class='ocrx_word' id='word_1_512' title='bbox 2454 3810 2537 3864; x_wconf 90' lang='lat' dir='ltr'><strong>vel</strong></span> <span class='ocrx_word' id='word_1_513' title='bbox 2570 3811 2639 3873; x_wconf 82' lang='lat' dir='ltr'><strong>is,</strong></span> <span class='ocrx_word' id='word_1_514' title='bbox 2668 3804 2753 3875; x_wconf 53' lang='lat' dir='ltr'><strong>e&#39;a,</strong></span> <span class='ocrx_word' id='word_1_515' title='bbox 2801 3812 2877 3873; x_wconf 82' lang='lat' dir='ltr'><strong>id.</strong></span> <span class='ocrx_word' id='word_1_516' title='bbox 2908 3804 3163 3875; x_wconf 77' lang='lat' dir='ltr'><strong>reddidit,</strong></span> <span class='ocrx_word' id='word_1_517' title='bbox 3202 3827 3304 3867; x_wconf 89' lang='lat' dir='ltr'><strong>nos</strong></span> <span class='ocrx_word' id='word_1_518' title='bbox 3338 3812 3530 3869; x_wconf 69' lang='lat' dir='ltr'><strong>litteris</strong></span> 
     </span>
    </p>
   </div>
   <div class='ocr_carea' id='block_1_41' title="bbox 271 3873 3526 3954">
    <p class='ocr_par' dir='ltr' id='par_1_41' title="bbox 271 3873 3526 3954">
     <span class='ocr_line' id='line_1_42' title="bbox 271 3873 3526 3954; baseline 0.004 -28"><span class='ocrx_word' id='word_1_519' title='bbox 271 3875 476 3954; x_wconf 68' lang='lat' dir='ltr'><strong>Graecis</strong></span> <span class='ocrx_word' id='word_1_520' title='bbox 503 3873 706 3954; x_wconf 77' lang='lat' dir='ltr'><strong>Latinae</strong></span> <span class='ocrx_word' id='word_1_521' title='bbox 732 3874 969 3954; x_wconf 70' lang='lat' dir='ltr'><strong>versioni</strong></span> <span class='ocrx_word' id='word_1_522' title='bbox 1007 3875 1376 3954; x_wconf 61' lang='lat' dir='ltr'><strong>inser-nimus;</strong></span> <span class='ocrx_word' id='word_1_523' title='bbox 1412 3873 1557 3954; x_wconf 82' lang='lat' dir='ltr'><strong>quod</strong></span> <span class='ocrx_word' id='word_1_524' title='bbox 1587 3873 1786 3934; x_wconf 79' lang='lat' dir='ltr'><strong>rectius</strong></span> <span class='ocrx_word' id='word_1_525' title='bbox 1812 3893 1932 3936; x_wconf 80' lang='lat' dir='ltr'><strong>esse</strong></span> <span class='ocrx_word' id='word_1_526' title='bbox 1971 3879 2086 3951; x_wconf 88' lang='lat' dir='ltr'><strong>ipse</strong></span> <span class='ocrx_word' id='word_1_527' title='bbox 2118 3873 2325 3939; x_wconf 73' lang='lat' dir='ltr'><strong>codicis</strong></span> <span class='ocrx_word' id='word_1_528' title='bbox 2362 3882 2536 3938; x_wconf 87' lang='lat' dir='ltr'><strong>editor</strong></span> <span class='ocrx_word' id='word_1_529' title='bbox 2570 3873 2805 3954; x_wconf 80' lang='lat' dir='ltr'><strong>ingenue</strong></span> <span class='ocrx_word' id='word_1_530' title='bbox 2839 3882 3020 3940; x_wconf 76' lang='lat' dir='ltr'><strong>lassus</strong></span> <span class='ocrx_word' id='word_1_531' title='bbox 3068 3873 3156 3939; x_wconf 82' lang='lat' dir='ltr'><strong>est</strong></span> <span class='ocrx_word' id='word_1_532' title='bbox 3178 3897 3236 3938; x_wconf 88' lang='lat' dir='ltr'><strong>se</strong></span> <span class='ocrx_word' id='word_1_533' title='bbox 3278 3882 3526 3940; x_wconf 84' lang='lat' dir='ltr'><strong>animad-</strong></span> 
     </span>
    </p>
   </div>
   <div class='ocr_carea' id='block_1_42' title="bbox 267 3944 1495 4015">
    <p class='ocr_par' dir='ltr' id='par_1_42' title="bbox 267 3944 1495 4015">
     <span class='ocr_line' id='line_1_43' title="bbox 267 3944 1495 4015; baseline 0.002 -15"><span class='ocrx_word' id='word_1_534' title='bbox 267 3944 502 4000; x_wconf 73' lang='lat' dir='ltr'><strong>vertisse</strong></span> <span class='ocrx_word' id='word_1_535' title='bbox 527 3945 790 4015; x_wconf 87' lang='lat' dir='ltr'><strong>impresso</strong></span> <span class='ocrx_word' id='word_1_536' title='bbox 821 3945 936 4015; x_wconf 88' lang='lat' dir='ltr'><strong>jam</strong></span> <span class='ocrx_word' id='word_1_537' title='bbox 956 3959 1118 4015; x_wconf 88' lang='lat' dir='ltr'><strong>opere</strong></span> <span class='ocrx_word' id='word_1_538' title='bbox 1142 3962 1261 4002; x_wconf 88' lang='lat' dir='ltr'><strong>suo.</strong></span> <span class='ocrx_word' id='word_1_539' title='bbox 1298 3944 1495 4003; x_wconf 84' lang='lat' dir='ltr'><strong>Dracli.</strong></span> 
     </span>
    </p>
   </div>
   <div class='ocr_carea' id='block_1_43' title="bbox 554 5737 2150 5812">
    <p class='ocr_par' dir='ltr' id='par_1_43' title="bbox 554 5737 1168 5801">
     <span class='ocr_line' id='line_1_44' title="bbox 554 5737 1168 5801; baseline 0.01 -6"><span class='ocrx_word' id='word_1_540' title='bbox 554 5737 819 5798; x_wconf 69' lang='grc' dir='ltr'><strong>Ρηιιοι..</strong></span> <span class='ocrx_word' id='word_1_541' title='bbox 848 5739 961 5799; x_wconf 75' lang='lat' dir='ltr'><strong>(in.</strong></span> <span class='ocrx_word' id='word_1_542' title='bbox 1000 5740 1168 5801; x_wconf 73' lang='grc' dir='ltr'><strong>ΧΠ.</strong></span> 
     </span>
    </p>
   </div>
   <div class='ocr_carea' id='block_1_44' title="bbox 1615 5737 3211 5812">
    <p class='ocr_par' dir='ltr' id='par_1_44' title="bbox 3128 5748 3211 5812">
     <span class='ocr_line' id='line_1_45' title="bbox 3128 5748 3211 5812; baseline 0.036 -3"><span class='ocrx_word' id='word_1_543' title='bbox 3128 5748 3211 5812; x_wconf 78' lang='lat'><strong>73</strong></span> 
     </span>
    </p>
   </div>
  </div>
