4042 6194
583 261 728 318 9606

1748 264 1978 320 CODEX
2023 265 2697 324 SYRO-HEXAI’LARIS.

3658 281 3769 338 9501

1241 403 3757 446 ww

1577 544 2266 638 PROPHETIA
2338 551 2900 640 JEHEMIAE

1547 713 1931 808 SECUNDUM
1994 750 2394 808 vsusmnsu
2430 749 2572 806 Lxx
2612 751 2941 808 VIRALEM.

657 1065 792 1136 Cap.
818 1063 986 1122 l.-—-1.
1009 1061 1335 1136 (ajV'erbum
1369 1082 1427 1124 -ε-
1455 1067 1552 1123 Dei
1570 1071 1714 1140 quod
1730 1068 1929 1125 factum
1953 1075 2034 1122 est
2054 1066 2076 1134 ζ
2097 1065 2161 1119 ad

577 1159 878 1215 Jeremiam
929 1160 1094 1214 ﬁlium
1145 1160 1364 1225 ﬂelciae,
1400 1177 1468 1216 ex
1521 1163 1919 1227 saeerdoribns,
1957 1175 2016 1216 σε·
2071 1159 2167 1229 qui

592 1252 873 1307 habitabat
903 1253 926 1321 ζ
957 1252 1009 1306 in
1040 1249 1312 1308 Auathoth
1345 1253 1399 1308 in
1427 1265 1570 1309 terra
1592 1255 1876 1324 Benjamin
1908 1253 1997 1308 εἳ.
2022 1251 2167 1321 quod

589 1343 792 1398 factum
827 1351 913 1398 est
943 1344 1168 1397 verbum
1221 1342 1292 1413 (ὁ)
1345 1341 1558 1398 Domini
1591 1345 1656 1398 ad
1701 1359 1824 1398 eum
1872 1343 1925 1396 in
1977 1341 2168 1395 diebus

588 1432 754 1490 Josize
786 1432 882 1489 ﬁlii
923 1435 1100 1488 Amon
1149 1435 1290 1505 regis
1323 1429 1497 1502 Judae,
1556 1449 1700 1489 anno
1740 1435 1902 1488 tertio
1953 1433 2168 1487 decimo

591 1527 644 1581 in
678 1542 845 1596 regno
881 1528 1021 1597 ejus.
1077 1526 1131 1580 5.
1165 1525 1225 1580 Et
1273 1523 1472 1581 factum
1509 1535 1593 1582 est
1629 1528 1683 1580 in
1720 1523 1912 1579 diebus
1958 1522 2165 1578 .loacim

589 1616 686 1670 ﬁlii
717 1617 883 1672 Josire
927 1617 1069 1686 regis
1117 1615 1291 1682 Judze,
1325 1632 1501 1688 usque
1534 1618 1599 1672 ad
1648 1617 1808 1671 ﬁnem
1843 1617 1968 1670 anni
1999 1616 2167 1669 unde-

590 1705 718 1760 cimi
749 1704 990 1760 Sedecize
1021 1706 1112 1759 lilii
1140 1704 1306 1761 Josize
1338 1706 1484 1777 regis
1518 1702 1696 1770 Judm,
1751 1719 1925 1774 usque
1977 1703 2041 1757 ad
2096 1703 2167 1771 (c)

590 1798 959 1868 captivitatem
1013 1795 1315 1853 Jerusalem
1367 1798 1422 1852 in
1484 1813 1671 1853 mense
1721 1797 1930 1866 quinto.
1981 1794 2033 1848 4.
2101 1792 2167 1847 Et

591 1891 794 1946 factum
851 1900 935 1945 est
987 1893 1212 1945 verbum
1250 1889 1469 1944 Domini
1517 1890 1583 1944 ad
1636 1903 1744 1954 me,
1801 1888 1989 1942 dicens
2044 1905 2056 1938 :
2110 1885 2162 1938 5.

589 1981 916 2050 Priusquam
953 1979 1210 2051 ﬁngerem
1252 1989 1303 2035 te.
1349 1979 1403 2033 in
1440 1989 1615 2044 utero,
1665 1977 1791 2033 novi
1831 1988 1903 2040 te,
1932 1983 1984 2031 et
2009 1988 2166 2030 ante-

591 2089 755 2144 quam
793 2073 1042 2142 prodires
1081 2083 1111 2127 e
1142 2071 1326 2135 vulva,
1355 2067 1689 2127 sanctiﬁcavi
1733 2078 1806 2134 te,
1845 2071 2165 2138 prophetam

591 2170 645 2221 in
676 2165 928 2236 gentibus
963 2160 1224 2218 constitui
1262 2171 1333 2217 te.
1379 2161 1434 2216 6.
1479 2160 1544 2215 Et
1587 2162 1696 2216 dixi
1756 2179 1769 2214 :
1819 2158 1896 2229 (d)
1943 2161 2036 2214 ille
2075 2159 2166 2228 qui

589 2267 672 2311 cst
703 2252 989 2321 Dominus,
1027 2252 1274 2319 Domine,
1312 2265 1440 2307 ecce
1466 2265 1574 2306 non
1608 2252 1908 2308 instructus
1947 2263 2064 2305 sum
2099 2249 2165 2303 ad

591 2344 949 2416 loquendum,
993 2343 1254 2413 quoniam
1292 2355 1427 2412 puer
1458 2355 1558 2412 ego
1604 2356 1747 2395 sum.
1803 2339 1853 2393 7.
1918 2341 1982 2394 Et
2027 2339 2165 2393 dixit

593 2437 860 2492 Dominus
894 2435 962 2490 ad
1008 2450 1096 2489 me
1142 2453 1154 2488 :
1213 2432 1291 2488 Ne
1335 2433 1508 2498 dicas,
1541 2432 1688 2504 quod
1722 2449 1856 2503 puer
1880 2450 1982 2503 ego
2009 2448 2164 2498 sum;

591 2527 720 2598 quia
765 2526 834 2580 ad
865 2540 1057 2580 omnes
1097 2539 1215 2590 eos,
1251 2523 1318 2578 ad
1365 2538 1504 2592 quos
1563 2523 1767 2578 misero
1817 2534 1889 2584 te.
1941 2521 2063 2585 ibis,
2115 2532 2168 2575 et

587 2617 747 2687 juxta
783 2615 989 2677 omni,
1037 2625 1161 2682 qua:
1201 2625 1512 2682 praecepero
1554 2611 1675 2676 tibi,
1708 2611 1966 2680 loqueris.
2000 2611 2054 2665 8.
2091 2609 2169 2666 Ne

593 2707 794 2762 timeas
825 2720 856 2758 a
881 2703 1020 2759 l'acie
1041 2715 1254 2768 eorum,
1291 2716 1362 2746 αι
1393 2710 1454 2755 et
1480 2715 1548 2756 ne
1570 2703 1966 2758 Commoveat-is
1985 2717 2166 2758 coram

591 2799 676 2854 eis
707 2799 766 2867 ﬁ;
789 2797 916 2867 quia
952 2804 1133 2851 tecum
1165 2807 1266 2865 ego
1291 2809 1436 2858 sum,
1473 2794 1539 2848 ad
1573 2795 1914 2863 eripiendum
1939 2804 2013 2860 te,
2036 2795 2169 2849 dicit

593 2891 881 2948 Dominus.
925 2887 978 2945 9.
1017 2885 1082 2944 Et
1127 2888 1370 2942 extendit
1422 2887 1689 2942 Dominus
1738 2903 1958 2942 manum
2009 2903 2168 2944 suam

595 2982 664 3037 ad
693 2995 802 3044 me,
833 2988 888 3035 et
915 2978 1369 3048 appropinquavit
1392 2977 1474 3032 ori
1504 2993 1645 3043 meo,
1676 2987 1730 3034 et
1748 2979 1886 3032 dixit
1911 2979 2170 3034 Dominus

593 3073 664 3128 ad
700 3087 789 3128 me
827 3089 843 3126 :
877 3068 1018 3126 Ecce
1062 3069 1184 3125 dedi
1229 3069 1394 3125 verba
1440 3083 1561 3124 mea
1605 3069 1660 3123 in
1709 3082 1773 3125 os
1824 3077 1976 3123 tuum
2014 3088 2029 3124 :
2081 3068 2167 3125 1'0.

593 3165 736 3220 Ecce
769 3163 1028 3219 constitui
1063 3172 1115 3216 te
1149 3161 1219 3232 (ρ)
1259 3162 1418 3216 hodie
1463 3176 1627 3230 super
1665 3170 1872 3231 gentes.
1905 3170 1959 3215 et
1983 3177 2167 3232 regna,

591 3256 663 3312 ad
688 3254 1098 3325 extirpandum,
1130 3259 1185 3310 et
1213 3255 1280 3309 ad
1309 3253 1689 3318 cvertendum,
1730 3259 1796 3323 x
1835 3263 1890 3308 et
1928 3255 1994 3308 ad
2035 3269 2171 3323 per-

593 3350 856 3414 dendum,
886 3357 938 3402 et
969 3346 1038 3400 ad
1068 3345 1462 3401 destruendum
1490 3345 1514 3415 ζ
1539 3385 1554 3408 ,
1583 3355 1639 3400 ει
1667 3347 1730 3401 ad
1766 3346 2166 3411 aaditicamlum,

591 3451 650 3496 et
681 3440 749 3498 ad
778 3439 1156 3511 plantandum.
1189 3438 1276 3492 11.
1310 3436 1372 3492 Et
1419 3435 1624 3491 factum
1656 3447 1742 3492 est
1781 3439 2004 3491 verbum
2062 3436 2166 3490 Do-

593 3531 730 3586 mini
771 3533 839 3586 ad
889 3546 996 3594 me,
1033 3528 1221 3583 dicens
1253 3547 1266 3583 :
1302 3527 1440 3593 Quid
1494 3535 1554 3582 tu
1601 3528 1772 3593 vides,
1801 3527 2075 3582 Jeremia?
2107 3529 2170 3581 Et

593 3623 707 3679 dixi
747 3639 761 3676 :
811 3621 1070 3676 Baculum
1127 3621 1194 3690 (ι’)
1241 3622 1397 3675 nucis
1449 3623 1515 3688 x
1561 3636 1661 3691 ego
1711 3622 1869 3674 video
1901 3624 1946 3691 ζ.
1986 3622 2068 3674 12.
2106 3621 2169 3676 Et

591 3715 731 3769 dixit
752 3714 821 3768 ad
859 3729 946 3768 me
982 3713 1286 3767 Dominus:
1317 3712 1462 3766 Bene
1490 3712 1708 3776 vidisti;
1755 3713 1883 3781 quia
1919 3714 1992 3782 (9)
2037 3715 2170 3782 νίςὶο

595 3807 701 3860 lavi
735 3819 838 3872 ego
873 3818 1038 3874 super
1063 3804 1225 3858 verba
1257 3817 1398 3864 mea,
1433 3804 1499 3856 ad
1529 3802 1835 3857 iaciemlum
1869 3820 1951 3858 ea.
1993 3805 2078 3858 15.
2104 3803 2167 3858 Et

595 3897 799 3952 factum
839 3905 925 3952 est
973 3895 1197 3962 verbum
1243 3893 1458 3949 Domini
1506 3895 1572 3949 ad
1622 3909 1709 3949 me
1751 3895 1986 3950 secunda
2028 3896 2164 3960 vice,

592 3991 786 4047 dicens
817 4009 830 4045 :
867 3989 1010 4055 Quid
1043 3998 1098 4043 tu
1135 3987 1329 4043 vides?
1359 3986 1424 4040 Et
1447 3987 1561 4042 dixi
1599 4004 1614 4042 :
1647 3985 1820 4042 Ollam
1847 3987 1924 4059 (II)
1953 4004 2169 4042 succen-

591 4099 710 4138 sam
748 4085 816 4151 >κ
845 4097 947 4152 ego
982 4083 1140 4136 video
1174 4081 1224 4148 ζ,
1256 4090 1312 4135 et
1357 4079 1552 4135 faciem
1585 4081 1708 4150 ejus
1733 4095 1761 4134 a
1793 4079 1928 4134 facie
1958 4082 2169 4149 aquilo-

591 4175 701 4230 nis.
734 4174 822 4228 14.
861 4171 928 4226 Et
956 4173 1094 4227 dixit
1124 4172 1389 4238 Dominus
1427 4171 1496 4226 ad
1531 4187 1618 4226 me
1649 4190 1663 4226 :
1693 4171 1738 4224 Α
1772 4170 1910 4226 facie
1957 4172 2170 4240 aquilu-

594 4264 682 4320 nis
712 4265 780 4335 (ἱ)
812 4264 1173 4318 exardescent
1223 4265 1365 4319 mala
1412 4279 1575 4333 super
1618 4278 1811 4318 omnes
1863 4262 2169 4317 habitantes

594 4356 650 4408 in
677 4363 842 4409 terra.
878 4353 964 4407 15.
1001 4351 1270 4419 Quoniam
1303 4368 1431 4407 ecce
1466 4366 1567 4422 ego
1608 4364 1852 4406 convoco
1879 4350 2061 4405 omnia
2097 4349 2168 4420 (k)

595 4460 762 4515 regna
793 4447 862 4514 >κ
891 4460 1079 4513 regum
1131 4445 1154 4512 ζ
1193 4445 1262 4498 ab
1308 4448 1374 4511 χ
1415 4442 1675 4512 aquilone
1724 4443 1745 4511 ζ
1799 4451 1976 4506 terrae,
2035 4440 2171 4495 dicit

598 4537 880 4592 Dominus.
910 4534 972 4588 Et
997 4536 1234 4600 venient,
1259 4545 1312 4589 et
1335 4542 1531 4604 ponent
1565 4534 1947 4602 unusquisque
1969 4532 2166 4586 solium

595 4642 754 4682 suum
796 4642 960 4696 super
996 4627 1279 4681 vestibulis
1317 4637 1598 4696 portarum
1629 4624 1956 4686 Jerusalem,
1989 4631 2044 4677 et
2074 4639 2168 4677 su-

596 4732 690 4786 per
711 4719 968 4773 omnibus
997 4719 1150 4784 viris,
1182 4718 1277 4788 qui
1313 4719 1456 4772 circa
1485 4733 1626 4783 eam,
1651 4727 1703 4770 et
1728 4732 1888 4786 super
1911 4714 2167 4770 omnibus

597 4807 824 4862 urbibus
847 4807 1023 4862 .ludzn.
1054 4809 1140 4862 lli.
1170 4807 1234 4863 Et
1269 4809 1464 4878 loquar
1498 4823 1620 4862 cum
1664 4808 1725 4878 (Ι)
1752 4807 1962 4877 judicio
1985 4807 2049 4860 ad
2072 4821 2167 4860 eos

595 4902 662 4956 de
704 4899 854 4954 omni
888 4901 1093 4954 malitia
1141 4917 1360 4966 eorum,
1414 4903 1557 4968 quod
1611 4900 2019 4968 dereliquerunt
2059 4912 2166 4962 me,

595 5003 649 5048 et
679 4993 1062 5048 sacriﬁcarunt
1091 4993 1201 5048 Diis
1228 4995 1324 5064 (m)
1356 4992 1574 5056 alienis,
1607 5001 1660 5046 et
1682 4991 1983 5046 adorarunt
2001 5006 2166 5060 opera

665 5175 747 5246 (a)
784 5171 1014 5246 lictiqui,
1055 5185 1338 5228 sermones
1376 5169 1760 5246 gleremimtilii
1802 5167 2018 5246 lleleite.
2088 5170 2168 5246 μ)

598 5239 847 5306 Βοίιὶἱηε,
870 5239 1119 5304 Domine,
1153 5257 1185 5294 ο
1208 5257 1241 5295 o
1271 5257 1321 5296 ο.
1367 5240 1524 5311 Hebr
1557 5240 1602 5292 Α
1629 5239 1671 5292 Δ
1698 5239 1762 5311 Α.
1841 5239 1910 5311 (c)
1950 5241 2042 5311 A.,
2078 5239 2160 5304 S.,

599 5317 688 5377 Α.,
723 5313 804 5379 8.,
835 5313 1185 5369 insulllatatn.
1263 5312 1324 5381 (i)
1363 5307 1553 5375 A.,S.,
1590 5307 1922 5381 aperientur.
2002 5310 2072 5381 (lt)
2116 5312 2180 5364 Α.

2197 1071 2235 1126 Α
2269 1080 2527 1119 manuum
2561 1081 2806 1122 suarum.
2841 1068 2928 1120 17.
2967 1068 3032 1122 Et
3063 1081 3120 1124 tu
3166 1071 3434 1142 praecinge
3465 1073 3599 1132 latus
3636 1088 3780 1145 tuum,

2267 1165 2321 1210 et
2355 1171 2535 1226 surge,
2572 1167 2627 1211 et
2655 1158 2745 1212 dic
2785 1159 2850 1211 ad
2877 1174 2974 1212 eos
3003 1161 3211 1224 omnia,
3261 1177 3601 1234 quazcumque
3625 1172 3681 1234 31(
3705 1185 3782 1238 ego

2275 1249 2294 1316 ζ
2333 1264 2642 1319 praecepero
2671 1250 2786 1304 tibi.
2825 1250 2902 1321 (η)
2932 1250 3008 1305 Νε
3040 1252 3233 1306 timeas
3275 1269 3304 1306 a
3337 1253 3472 1307 facie
3498 1272 3688 1323 eorum,
3725 1261 3781 1328 (ο)

2269 1357 2336 1394 ne
2377 1341 2720 1395 terrefaciam
2759 1352 2811 1395 te
2836 1357 3024 1396 coram
3057 1345 3175 1408 eis;
3205 1345 3332 1412 quia
3366 1353 3536 1398 tecum
3565 1362 3652 1415 ego
3669 1364 3783 1416 sunt,

2268 1431 2333 1484 ad
2371 1431 2714 1501 eripiendum
2757 1441 2826 1496 te,
2855 1433 2986 1488 dicit
3012 1432 3303 1491 Dominus.
3353 1436 3436 1489 18.
3475 1441 3536 1502 >θί
3575 1438 3672 1506 Ego
3712 1456 3784 1494 au-

2268 1531 2375 1576 tem
2413 1522 2434 1590 ζ
2470 1538 2598 1578 ecce
2623 1525 2776 1594 posui
2813 1534 2862 1580 te
2896 1527 2948 1579 in
2975 1524 3064 1580 die
3099 1526 3384 1590 hodierno,
3423 1537 3480 1581 ut
3507 1528 3673 1582 urbem
3695 1547 3785 1585 uiuo

2269 1615 2462 1677 uitam,
2499 1617 2566 1684 >θ<
2601 1625 2656 1670 et
2710 1617 2764 1670 in
2819 1616 3129 1672 columnam
3184 1616 3315 1672 ferri
3350 1618 3406 1686 ζ,
3438 1627 3490 1674 et
3523 1629 3576 1673 ut
3608 1637 3784 1676 murum

2270 1704 2538 1758 munitum
2570 1706 2698 1760 atris
2731 1705 2807 1775 (ρ)
2833 1705 3092 1762 omnibus
3125 1707 3346 1778 regibus
3366 1707 3532 1774 .luda‘,
3555 1718 3602 1764 ct
3622 1712 3785 1780 princi-

2268 1795 2425 1864 pibus
2447 1798 2586 1866 ejus,
2628 1801 2695 1866 >ε<
2737 1808 2791 1852 ει
2817 1799 3196 1855 sacerdotibus
3240 1816 3426 1854 eorum
3455 1803 3508 1870 ζ,
3541 1815 3589 1856 ει
3629 1805 3787 1872 populo

2271 1897 2449 1944 terrae.
2491 1889 2575 1945 19.
2607 1887 2672 1944 Et
2703 1890 3022 1961 pugnabunt
3050 1907 3173 1946 cum
3217 1902 3292 1958 te,
3339 1902 3393 1946 ct
3432 1908 3537 1946 non
3579 1895 3787 1962 przevale-

2269 1977 2406 2032 bunt
2435 1981 2696 2034 adversus
2728 1991 2813 2048 te;
2853 1981 2980 2051 quia
3029 1992 3207 2036 tecum
3250 1997 3372 2036 sum
3404 1997 3518 2052 ego,
3558 1981 3678 2037 dicit
3711 1983 3787 2038 Do-

2270 2072 2472 2136 minus,
2505 2074 2572 2126 ad
2606 2073 2950 2142 eripiendum
2981 2083 3052 2129 te.

2340 2161 2472 2232 Cap.
2500 2163 2706 2218 ll.—-1.
2742 2166 2808 2231 >ε<
2838 2161 2904 2217 Ει
2925 2162 3130 2219 factum
3157 2174 3244 2220 est
3274 2165 3496 2220 verbum
3529 2164 3712 2220 Domini
3736 2167 3786 2220 ad

2271 2266 2378 2314 me,
2441 2251 2629 2306 dicens
2665 2270 2677 2306 :
2715 2251 2768 2306 2.
2816 2250 2964 2308 Vade
3030 2253 3102 2324 (q)
3140 2265 3195 2309 et
3241 2255 3356 2324 lege
3409 2256 3462 2309 in
3505 2255 3704 2310 auribus
3747 2254 3788 2309 li-

2270 2342 2468 2397 liorum
2497 2341 2827 2407 Jerusalem,
2875 2351 2929 2398 et
2963 2344 3052 2400 dic
3100 2347 3120 2414 ζ
3149 2387 3163 2412 ,
3191 2343 3324 2401 Περ
3362 2346 3492 2401 dicit
3522 2346 3742 2402 Dominus
3775 2368 3783 2402 :

2199 2428 2238 2482 Β
2269 2432 2609 2489 Recordatus
2641 2449 2762 2489 sum
2812 2435 2909 2489 tibi
2957 2435 3400 2491 misericordiam
3435 2439 3661 2507 pueritia:
3687 2447 3785 2500 tute.

2269 2531 2322 2576 et
2351 2537 2596 2577 amorem
2641 2524 2708 2592 tr)
2737 2523 3091 2593 perfectionis
3120 2535 3250 2589 tuae,
3297 2535 3352 2580 et
3395 2526 3650 2582 adhzesisti
3681 2524 3788 2580 San-

2269 2620 2357 2666 cto
2391 2627 2451 2668 +
2488 2612 2727 2678 lsraelis,
2782 2615 2916 2671 dicit
2967 2614 3234 2671 Dominus
3286 2615 3348 2684 ζ,
3402 2618 3454 2671 in
3497 2616 3702 2683 deserto,
3744 2617 3786 2670 in

2270 2711 2412 2758 terra
2467 2721 2573 2759 non
2615 2707 2946 2762 semiuabili.
2992 2707 3047 2762 5.
3091 2706 3336 2765 Sanctus
3383 2709 3498 2779 ipse
3533 2709 3677 2765 Israel
3712 2709 3787 2763 Do-

2270 2794 2441 2859 mino,
2480 2796 2550 2863 is)
2581 2797 2910 2867 principium
2943 2808 3316 2868 proventuum
3343 2800 3459 2868 ejus
3484 2818 3498 2856 :
3522 2800 3787 2868 omnes,qui

2273 2887 2564 2941 comedunt
2608 2903 2758 2950 eum,
2793 2890 2996 2959 injuste
3029 2903 3188 2960 agent
3222 2911 3234 2945 :
3275 2893 3417 2944 mala
3447 2891 3640 2946 Venienl
3661 2907 3789 2960 super

2270 2992 2389 3039 eos.
2419 2979 2556 3032 dicit
2591 2977 2876 3035 Dominus.
2903 2982 2958 3035 4.
2989 2981 3186 3036 Audite
3229 2983 3454 3037 verbum
3491 2982 3699 3047 Domini,
3718 2982 3789 3034 do~

2271 3084 2395 3123 mus
2425 3067 2628 3135 Jacoh;
2663 3081 2715 3124 et
2740 3085 2931 3126 omnes
2961 3073 3025 3141 (ι)
3058 3073 3417 3140 paternitates
3444 3073 3623 3127 domus
3648 3071 3790 3126 Israe-

2271 3160 2360 3214 lis.
2387 3160 2439 3214 5.
2473 3159 2596 3214 Haec
2635 3162 2766 3215 dicit
2799 3161 3065 3216 Dominus
3102 3180 3116 3216 :
3160 3163 3321 3230 Quod
3356 3166 3432 3233 (τι)
3463 3166 3692 3218 delicwtn
3723 3163 3790 3214 in-

2273 3261 2536 3306 venerunt
2586 3254 2638 3306 in
2688 3267 2776 3308 me
2826 3263 3008 3321 patres
3066 3256 3258 3320 vestri,
3315 3257 3458 3326 quod
3509 3257 3786 3309 transierunt

2271 3343 2458 3411 procul
2491 3358 2518 3396 a
2549 3359 2653 3408 me,
2685 3352 2739 3398 ct
2778 3343 3125 3399 ambularunt
3155 3355 3281 3414 post
3315 3363 3470 3412 rana,
3516 3356 3566 3400 et
3607 3345 3712 3398 vani
3737 3345 3790 3396 fa-

2271 3433 2342 3488 cti
2374 3433 2542 3488 sunt?
2569 3435 2622 3490 6.
2661 3433 2725 3489 Et
2767 3451 2874 3489 non
2927 3437 3183 3491 dixerunt
3227 3457 3239 3491 :
3281 3437 3382 3494 Ubi
3428 3449 3506 3495 est
3547 3439 3786 3496 Dominus.

2271 3526 2363 3592 qui
2400 3525 2583 3579 eduxit
2613 3541 2712 3579 nos
2741 3541 2807 3580 ex
2837 3535 2983 3581 terra
3013 3525 3262 3598 Egypti,
3307 3532 3385 3601 (:c)
3422 3532 3510 3600 qui
3544 3531 3680 3585 duxit
3709 3545 3787 3583 nos

2274 3615 2327 3668 in
2357 3614 2596 3680 deserto,
2623 3616 2676 3669 iu
2703 3629 2846 3670 terra
2876 3634 2982 3671 non
3026 3629 3252 3685 tentata,
3290 3637 3390 3676 nec
3435 3623 3572 3684 trita,
3603 3623 3785 3675 interra

2274 3707 2393 3760 sine
2429 3722 2590 3776 aqua,
2644 3722 2704 3762 σε·
2754 3719 2809 3763 et
2862 3711 2981 3764 sine
3027 3709 3304 3788 fructibus
3341 3713 3394 3780 ζ,
3441 3715 3504 3780 >><
3543 3723 3590 3766 et
3630 3712 3783 3765 umbra

2272 3796 2465 3850 mortis
2509 3797 2571 3864 ξ,
2617 3799 2670 3851 in
2716 3808 2880 3866 terra,
2925 3815 3046 3870 quze
3087 3817 3196 3856 non
3245 3805 3499 3859 transivit
3537 3805 3586 3858 in
3633 3819 3683 3858 ea
3725 3803 3783 3871 ly)

2267 3887 2367 3947 vir.
2411 3903 2586 3956 neque
2618 3891 2881 3946 habitavit
2926 3894 3001 3963 (ῃ)
3052 3893 3195 3949 ﬁlius
3241 3896 3480 3950 hominis
3532 3897 3630 3950 ibi?
3661 3896 3703 3948 7.
3734 3893 3785 3946 lit

2267 3976 2542 4032 introduxi
2581 3996 2678 4036 vos
2725 3982 2800 4052 (κ)
2850 3983 2902 4037 in
2947 3986 3285 4050 Carmelum,
3325 3988 3392 4042 ad
3439 3989 3680 4042 edendum
3723 3987 3783 4055 (ο)

2267 4068 2478 4125 fruetus
2502 4072 2645 4142 ejus,
2671 4084 2726 4127 et
2759 4076 2898 4128 bona
2927 4077 3066 4145 ejus.
3099 4077 3162 4130 Et
3184 4078 3417 4148 ingressi
3447 4081 3590 4143 estis,
3626 4088 3672 4132 et
3703 4079 3786 4147 pol-

2270 4167 2451 4222 luistis
2496 4177 2696 4224 terrain
2730 4185 2932 4235 meam,
2961 4181 3014 4224 et
3049 4172 3422 4229 limrcditatem
3454 4191 3616 4230 meam
3640 4172 3786 4244 posui-

2267 4258 2368 4310 stis
2398 4257 2450 4311 in
2477 4257 2963 4314 abominationem.
2997 4262 3049 4315 8.
3074 4261 3399 4320 Sacerdotes
3429 4281 3531 4319 non
3554 4266 3781 4322 dixerunt,

2268 4347 2370 4402 Ubi
2417 4359 2501 4404 est
2548 4348 2847 4406 Dominus?
2893 4361 2947 4406 et
2995 4363 3240 4410 tenentes
3297 4357 3462 4425 legem
3503 4371 3659 4408 meam
3695 4369 3778 4408 non

2267 4440 2517 4496 instructi
2549 4439 2766 4495 fuerunt
2789 4443 2855 4496 de
2891 4459 2978 4498 me
3019 4463 3031 4498 :
3060 4455 3112 4499 et
3143 4458 3387 4515 pastores
3417 4450 3571 4516 impie
3598 4453 3783 4516 egerunt

2269 4530 2321 4582 iu
2353 4545 2460 4592 me,
2486 4539 2540 4583 et
2567 4531 2847 4600 prophetae
2877 4535 3272 4601 prophetarunt
3309 4537 3382 4606 (b)
3423 4537 3582 4599 Baali,
3619 4543 3661 4588 et
3689 4539 3783 4602 post

2271 4635 2376 4673 non
2417 4622 2549 4674 utile
2593 4622 2827 4677 iverunt.
2879 4624 2932 4678 9.
2983 4622 3214 4695 Propter
3265 4628 3367 4682 hoc
3407 4627 3575 4682 adhuc
3614 4623 3782 4695 judicio

2269 4711 2591 4764 contendam
2622 4711 2886 4769 adversus
2925 4730 3044 4779 vos,
3077 4717 3211 4771 dicit
3234 4718 3515 4784 Dominus,
3555 4727 3602 4771 et
3625 4716 3781 4769 adver-

2271 4817 2366 4856 sus
2424 4801 2564 4857 ﬁlios
2613 4804 2848 4860 ﬁliorum
2898 4817 3206 4863 vestrorum
3243 4809 3447 4878 judicio
3479 4807 3777 4864 contendam.

2272 4894 2359 4948 10.
2396 4893 2603 4950 Idcirco
2640 4898 2867 4952 transite
2896 4899 2947 4952 in
3001 4899 3209 4955 insulas
3247 4901 3620 4963 Chithasorum,
3648 4906 3693 4950 et
3720 4895 3780 4946 vi-

2270 4987 2411 5051 dete,
2445 4997 2498 5041 et
2535 4988 2586 5040 iu
2641 4987 2816 5042 Ceslar
2852 4990 3066 5054 mittite,
3115 5003 3167 5046 et
3202 5004 3377 5047 mente
3412 4991 3608 5048 utimini
3649 4987 3780 5039 veho-

2206 5171 2361 5252 lictu,
2426 5170 2711 5226 Dominus.
2788 5172 2859 5294 se)
2902 5174 2993 5239 A.,
3037 5177 3579 5258 trans-migrationem.
3648 5167 3776 5243 ((1)0

2206 5243 2279 5294 lle
2317 5242 2436 5294 hoc.
2515 5243 2583 5294 (fl
2622 5242 2712 5294 Α..
2745 5241 2866 5294 Τι..
2893 5248 3185 5294 amvudalt.
3263 5249 3335 5294 (al
3375 5246 3452 5294 S..
3488 5245 3649 5294 \‘lL'llO.
3715 5240 3774 5294 lhl

2191 5243 2279 5317 die
2317 5242 2477 5317 ho«.-_._
2515 5243 2583 5310 (f)
2622 5242 2712 5317 4.,
2745 5240 2866 5305 Τιιξ,
2893 5248 3185 5314 aniygdali.
3263 5240 3335 5317 (ξι)
3375 5240 3660 5317 δηχίςίιρέ
3715 5240 3774 5305 (In

2191 5351 2206 5376 ,
2227 5309 2310 5374 8.,
2339 5309 2793 5380 pulchritudinem
2826 5309 3064 5386 generis“.
3144 5318 3204 5386 (ι)
3247 5309 3333 5378 Ᾰῖ,
3364 5309 3642 5382 S.,judicia
3662 5325 3772 5364 mea.

598 5387 692 5453 (νη)
736 5378 820 5448 8.,
876 5384 1048 5437 falsis.
1126 5384 1203 5454 (np)
1243 5378 1332 5444 Ᾱζ,
1381 5395 1448 5434 ne
1483 5394 1681 5454 paveas
1727 5393 1754 5432 a
1809 5378 2196 5454 facie‘e’orum,
2237 5397 2303 5454 ne
2338 5378 2637 5454 pe_rctttiam
2674 5393 2744 5435 te.
2823 5378 2895 5453 (ο)
2936 5383 3046 5439 Nec
3096 5378 3294 5454 paveas
3327 5402 3354 5440 a
3395 5378 3558 5439 fronte
3601 5394 3772 5454 eorum.

599 5449 683 5522 (pl
718 5455 809 5516 A.,
845 5468 1008 5526 super
1040 5449 1408 5526 omni_terra._
1456 5449 1531 5520 (q)
1573 5449 1655 5514 S.,
1697 5458 1749 5503 et
1774 5450 2054 5526 _p_rzedica.
2096 5521 2103 5526 .
2136 5451 2178 5526 (τ

2255 5449 2462 5526 A.,'_S_.,
2521 5449 2885 5526 sponsorum'
2919 5449 3160 5510 tuorum.
3238 5460 3308 5526 (ε)
3352 5458 3438 5517 Α..

1147 5522 1211 5592 (ι)
1251 5521 1342 5585 Α.,
1487 5521 2010 5592 consanguinitates.
2085 5519 2164 5590 (α)
2189 5519 2294 5587 Ἀ.,
2344 5519 2694 5592 iniustitiam.

597 5588 869 5662 desertum
914 5588 1126 5648 Arabia:
1156 5588 1292 5647 ‘s'ine
1325 5591 1627 5662 habitante.
1685 5588 1910 5662 _(!Il__A.,
1960 5588 2045 5654 8.,
2083 5588 2178 5646 bon

2255 5631 2264 5645 .
2343 5588 2416 5662 (ι)
2460 5591 2586 5647 Ηανε
2631 5588 2951 5662 explicantes

599 5534 893 5593 proventus
927 5523 1068 5591 ejus.

598 5666 686 5727 41.,
717 5660 800 5724 8.,
835 5662 1066 5716 fructum
1101 5665 1241 5733 ejus.
1317 5662 1392 5731 (ὁ)
1433 5660 1524 5723 Α.,
1558 5657 1648 5724 8.,
1681 5658 1737 5712 in
1773 5658 1920 5714 Baal.

3497 5451 3772 5524 principium

2774 5524 2852 5591 (π)
2890 5525 2984 5588 Λ.,
3044 5526 3154 5588 ille,
3190 5524 3282 5595 qui
3319 5527 3498 5582 eduxit
3529 5529 3773 5595 nossupet

3003 5611 3022 5649 :
3070 5586 3149 5650 ini
3176 5586 3371 5651 terram
3416 5593 3647 5651 Carmeli.
3710 5586 3772 5657 (α)
