4042 6194
241 252 380 337 2m

1505 284 1826 343 JEREMIAE
1867 284 2098 345 CAPUT
2139 289 2251 349 VII.

3355 288 3511 365 est:

242 407 345 464 tur,
375 398 562 455 senior
586 414 709 455 cum
728 400 889 471 pleno
908 400 1154 457 dierum:
1192 401 1275 456 I2.
1296 412 1347 458 et
1370 416 1700 473 evertentur,
1723 411 1845 474 θα(
1875 412 1923 472 Α
1951 423 2235 484 argentum
2267 407 2546 472 conﬁsus;
2575 412 2797 469 malum:
2827 427 3019 469 eorum
3060 424 3169 468 non
3196 410 3277 481 (α)
3324 410 3504 480 nque.

243 489 525 560 capientur
553 491 575 560 ζ
603 491 799 545 domus
830 506 1019 547 eorum
1047 491 1114 562 (ε)
1142 492 1209 547 ad
1236 493 1515 566 alios,agri
1541 508 1594 552 et
1624 512 1823 554 uxores
1924 507 2085 564 facta;
2123 516 2268 573 sunt,
2296 506 2386 562 50.
2428 506 2724 578 Argentum
2769 505 3119 577 reprobatum
3145 512 3335 561 vocate
3370 516 3502 568 eos;

242 596 425 636 eorum
460 583 696 650 pariter;
723 582 850 655 quia
877 583 1165 638 extendam
1198 600 1418 640 manum
1453 603 1628 643 meam
1662 604 1824 659 super

240 686 334 727 eos
363 672 452 741 qui
492 671 736 727 habitant
770 674 823 727 in
869 683 1012 730 terra
1039 673 1163 743 bac,
1205 675 1339 731 dicit
1369 676 1697 735 Dominum:
1740 682 1821 736 15.
1864 738 1868 745 ,

241 762 442 833 quonia
470 785 496 811 η
526 780 557 818 a
589 780 757 833 parvo
789 780 979 820 eorum
1014 782 1188 837 usque
1223 770 1290 823 ad
1315 784 1573 840 magnum
1606 771 1670 841 (f)
1701 786 1824 827 om-

245 869 341 909 nes
370 853 727 924 expleverunt
758 856 979 928 iniqua:
1025 873 1055 910 a
1092 860 1350 930 propheta
1377 861 1622 917 mendaci
1653 878 1827 934 usque

243 945 308 998 ad
341 946 677 999 sacerdotem
714 947 788 1018 (g)
830 964 1022 1007 omnes
1071 949 1320 1006 fecerunt
1377 954 1681 1009 mendacia.
1736 956 1824 1011 14.

245 1033 312 1087 Ει
353 1045 619 1089 curarunt
660 1035 980 1094 fractionetn
1020 1042 1088 1108 χ(
1131 1041 1253 1096 filiae
1290 1045 1312 1112 ζ
1351 1044 1534 1114 populi
1585 1044 1711 1110 mei,
1748 1045 1824 1116 (Ιι)

247 1133 676 1193 contemnentes,
695 1136 748 1182 et
773 1127 1034 1195 dicentes,
1064 1130 1195 1196 Pax.
1226 1147 1366 1202 pax:
1392 1142 1444 1188 et
1469 1134 1560 1189 ubi
1579 1146 1665 1191 est
1686 1136 1830 1205 pax?

244 1215 332 1269 15.
370 1213 743 1284 Erubuerunt,
786 1220 914 1289 quia
945 1221 1263 1278 defecerunt
1293 1226 1363 1292 Χ
1395 1224 1641 1280 fecerunt
1682 1228 1728 1296 ξε
1776 1235 1831 1283 et

245 1319 353 1359 non
387 1314 546 1359 erant
575 1307 717 1362 sicut
748 1310 1158 1377 erubescentes,
1194 1313 1553 1382 erubuernnt,
1599 1325 1653 1370 et
1692 1330 1827 1370 con-

245 1396 560 1451 temtionem
589 1414 743 1453 suam
776 1416 885 1455 non
916 1411 1315 1472 cognoverunt.
1352 1402 1580 1477 Propter
1611 1403 1714 1461 boc
1739 1420 1832 1460 ca-

243 1486 377 1541 dent
406 1477 460 1542 in
492 1488 651 1544 ruina
694 1506 815 1558 sua,
869 1503 924 1547 et
964 1492 1016 1547 in
1057 1502 1300 1565 tempore
1347 1495 1675 1551 visitationls
1716 1510 1832 1552 suae

241 1578 647 1646 exinanientur,
682 1583 816 1638 dicit
854 1582 1141 1642 Dominus.
1169 1587 1256 1641 16.
1301 1586 1425 1643 llaec
1472 1589 1603 1644 dicit
1648 1586 1827 1643 Domi-

242 1685 406 1725 mus:
447 1670 598 1728 State
634 1688 797 1744 super
830 1675 955 1742 viis,
991 1686 1045 1732 et
1074 1677 1271 1742 videte,
1310 1688 1363 1734 et
1404 1680 1731 1751 interrogate
1762 1681 1829 1736 de

1926 599 2055 669 quia
2088 597 2403 668 reprobavit
2433 612 2527 653 eos
2563 594 2851 655 Dominus.

1995 687 2149 744 CAP.
2180 686 2291 745 VII.
2311 718 2382 729 —
2404 687 2456 743 1.
2493 690 2562 755 )K
2597 685 2859 752 Verbum,
2887 685 3035 757 quod
3067 684 3277 741 factum
3310 691 3397 740 est
3435 680 3505 738 ad

1925 776 2213 833 Jeremiam
2250 791 2280 831 a
2323 776 2577 840 Domino,
2611 776 2827 832 dicente
2860 798 2873 833 :
2907 776 2964 831 2.
2999 774 3095 831 Sta
3126 775 3182 829 in
3217 783 3372 845 porta
3404 773 3507 827 do-

1930 885 2052 925 mus
2092 868 2332 934 Domini,
2358 878 2412 925 et
2436 869 2555 940 lege
2590 867 2664 924 ibi
2693 869 2918 924 verbum
2940 868 3065 931 hoc,
3096 876 3152 922 et
3175 866 3324 923 dices
3352 883 3368 920 :
3395 865 3511 922 Au-

1930 961 2039 1018 dite
2072 961 2297 1017 verbum
2348 960 2591 1026 Domini,
2644 960 2825 1016 omnis
2882 957 3092 1024 Iudaea,
3142 956 3512 1029 ingredientes

1929 1070 2025 1125 per
2049 1063 2235 1125 portas
2265 1053 2385 1116 has,
2422 1052 2489 1108 ad
2541 1052 2881 1108 adorandum
2922 1050 3212 1106 Dominum
3249 1049 3270 1118 ζ
3303 1063 3366 1106 -ι-
3394 1048 3513 1104 Διι-

1929 1130 2039 1201 dite
2069 1144 2292 1200 verbum
2330 1144 2562 1209 Domint,
2593 1143 2774 1198 omnis
2802 1141 2988 1200 Iudaea
3017 1142 3063 1211 ζ.
3112 1143 3167 1198 5.
3206 1141 3333 1199 Hac
3375 1140 3510 1196 dicit

1931 1235 2198 1292 Dominus
2231 1235 2492 1291 virtutum
2530 1234 2672 1291 Deus
2701 1233 2918 1291 Israelis
2946 1252 2961 1289 :
2989 1233 3217 1305 Dirigite
3259 1233 3379 1289 vias
3408 1247 3492 1286 ve-

1930 1336 2095 1392 stras,
2122 1334 2176 1382 et
2190 1325 2371 1382 studia
2396 1336 2613 1382 vestra:
2639 1326 2716 1398 (ὁ)
2740 1336 2791 1383 et
2825 1326 3073 1382 habitare
3096 1323 3293 1381 faciam
3324 1338 3422 1380 vos
3448 1323 3504 1378 in

1932 1420 2050 1475 loco
2080 1418 2204 1476 hoc.
2245 1419 2301 1474 4.
2338 1418 2416 1474 Ne
2446 1419 2738 1475 confldatis
2768 1419 2926 1476 vobis
2949 1434 3115 1491 super
3140 1417 3325 1475 verbis
3355 1432 3511 1473 men-

1931 1509 2189 1575 dacibus;
2240 1521 2305 1565 -εκ
2350 1510 2478 1580 quia
2525 1508 2751 1565 omnino
2797 1523 2907 1564 non
2952 1508 3253 1580 proderunt
3307 1505 3510 1575 vobis:

1932 1618 2058 1660 eum
2083 1602 2267 1658 dicitis
2300 1601 2628 1674 :Templnm
2681 1600 2922 1668 Domini,
2963 1601 3225 1670 templum
3272 1596 3514 1661 Domini,

1938 1696 2198 1766 templum
2244 1693 2460 1750 Domini
2501 1702 2604 1751 est.
2651 1693 2706 1748 5.
2754 1689 3026 1760 Quoniam
3054 1690 3124 1760 (ε)
3154 1688 3201 1746 si
3229 1684 3517 1758 dirigenda

244 1762 457 1818 semitis
489 1763 709 1819 aeternis
740 1765 955 1821 Domini
992 1782 1043 1824 +
1086 1777 1140 1824 et
1197 1769 1373 1825 videte
1421 1773 1471 1841 ζ,
1518 1746 1697 1840 qualis
1744 1779 1830 1826 est

1932 1788 2239 1845 direxeritis
2270 1787 2389 1841 vias
2418 1794 2652 1849 vestras.
2680 1793 2735 1840 et
2766 1782 2948 1841 studia
2980 1789 3179 1846 vestra,
3225 1782 3295 1848 Χ
3336 1787 3392 1834 et
3416 1777 3462 1834 si
3491 1777 3515 1846 ζ

247 1855 331 1909 via
357 1872 482 1924 qua!
528 1856 693 1925 bona,
730 1866 784 1914 et
818 1859 1092 1916 ambulate
1135 1862 1188 1916 in
1227 1878 1327 1928 ea;
1363 1874 1417 1917 et
1450 1862 1736 1919 invenietis
1765 1863 1827 1933 (ἱ)

244 1948 534 2017 puritatem
569 1951 855 2007 animabus
886 1953 1101 2010 vestris.
1157 1953 1223 2010 Et
1253 1956 1537 2011 dixerunt:
1579 1953 1700 2011 Non
1733 1955 1831 2010 ibi-

244 2055 384 2094 mus.
417 2040 505 2095 I7.
538 2040 814 2097 Constitui
849 2059 1017 2114 super
1056 2060 1151 2101 vos
1204 2047 1615 2117 speculatores:
1648 2048 1831 2103 audite

244 2145 429 2185 vocem
464 2132 536 2201 (Ir)
577 2133 742 2188 tubae.
776 2128 839 2188 Et
871 2135 1160 2191 dixerunt:
1208 2136 1327 2192 Non
1379 2140 1686 2195 audiemus.
1741 2140 1827 2196 I8.

244 2222 470 2292 I’t-Opter
496 2224 598 2278 bee
629 2226 920 2281 audierunt
948 2239 1157 2297 gentes,
1192 2227 1254 2300 (ι)
1279 2241 1332 2284 et
1361 2230 1449 2300 qui
1466 2239 1700 2299 pascunt
1719 2247 1834 2301 gre-

242 2330 335 2385 ges
369 2317 425 2369 in
450 2316 552 2371 eis.
590 2316 677 2370 I9.
723 2318 888 2385 Audi,
922 2331 1101 2375 terra:
1136 2318 1274 2377 Ecce
1305 2337 1405 2390 ego
1442 2322 1655 2378 adduco
1690 2324 1828 2381 mala

243 2422 408 2477 super
433 2408 696 2478 populum
717 2410 881 2478 hunc,
913 2411 1150 2468 fructum
1180 2412 1273 2484 (ιη)
1293 2415 1596 2470 aversionis
1616 2430 1828 2481 eorum,

246 2499 379 2567 quia
432 2500 487 2555 in
525 2516 834 2557 sermonem
869 2519 1051 2559 meum
1087 2521 1198 2560 non
1230 2507 1603 2571 attenderunt,
1646 2516 1700 2563 et
1756 2508 1833 2562 Ie-

244 2605 365 2658 gem
401 2607 577 2645 meam
615 2593 950 2663 repulerunt.
992 2586 1081 2649 20.
1119 2593 1229 2650 Cur
1252 2600 1321 2666 Χ
1344 2601 1446 2653 hoc
1478 2599 1501 2668 ζ
1538 2598 1672 2652 mihi
1705 2598 1834 2653 tltus

244 2700 310 2740 ex
345 2685 436 2740 Sal
458 2701 489 2741 a
516 2685 745 2752 offertis,
778 2698 831 2744 et
854 2688 933 2759 (η)
964 2689 1318 2745 einanomum
1352 2708 1418 2746 ex
1449 2700 1596 2748 terra
1626 2691 1836 2762 longin-

244 2776 388 2848 qua?
419 2776 749 2841 Ilolocausta
793 2790 976 2836 vestra
1006 2796 1116 2836 non
1153 2789 1283 2836 sunt
1313 2792 1557 2853 accepta,
1586 2790 1640 2838 et
1660 2780 1836 2837 sacri—

246 2868 368 2923 licia
397 2879 575 2925 vestra
605 2870 667 2942 (‘)
706 2886 812 2926 nou
845 2872 1180 2942 voluptatem
1213 2874 1516 2930 attulerunt
1544 2875 1699 2930 mibi.
1740 2876 1831 2933 21.

1932 1879 2185 1936 faciendo
2229 1877 2473 1933 feceritis
2519 1876 2789 1946 judicium
2835 1875 2978 1929 inter
3025 1872 3226 1933 virum,
3276 1878 3332 1925 et
3377 1870 3521 1925 inter

1932 1973 2245 2044 proximum
2294 1970 2436 2041 ejus,
2482 1968 2537 2023 6.
2577 1976 2634 2023 et
2668 1965 3041 2039 peregrinum,
3071 1973 3123 2018 et
3151 1961 3439 2032 pupillum,
3465 1966 3521 2013 et

1933 2065 2152 2119 viduam
2191 2076 2301 2118 non
2333 2062 2411 2132 (ά)
2463 2061 2517 2114 in
2571 2058 2893 2117 servitutem
2936 2053 3275 2125 redegeritis,
3306 2059 3362 2106 et
3400 2065 3526 2107 san-

1933 2152 2152 2224 guinem
2178 2152 2528 2208 innocentem
2563 2164 2670 2206 non
2705 2146 3009 2205 eﬂuderitis
3052 2148 3107 2201 in
3152 2146 3274 2201 loco
3305 2144 3430 2207 hoc,
3465 2151 3521 2197 et

1934 2254 2056 2311 pOSt
2076 2240 2206 2297 deos
2239 2240 2449 2295 alienos
2491 2252 2600 2292 non
2629 2235 3041 2291 ambulaveritis
3088 2234 3143 2291 in
3187 2233 3394 2287 malum
3422 2244 3522 2286 vo-

1932 2333 2039 2399 bis;
2074 2332 2126 2387 7.
2157 2332 2322 2387 etiam
2348 2328 2596 2385 habitare
2625 2326 2825 2382 faciam
2849 2341 2948 2382 vos
2975 2325 3030 2379 in
3060 2324 3182 2380 loco
3212 2322 3283 2393 (ε)
3312 2331 3518 2384 vestro,

1935 2426 1988 2479 in
2020 2434 2189 2491 terra,
2222 2437 2389 2494 quam
2431 2420 2555 2476 dedi
2593 2418 2841 2491 patribus
2882 2414 3078 2472 vestris
3121 2430 3154 2470 a
3206 2413 3432 2480 saeculo,
3466 2420 3523 2468 et

1934 2529 2110 2585 usque
2141 2514 2194 2569 in
2243 2510 2527 2568 szeculum.
2577 2508 2633 2565 8.
2665 2508 2731 2580 (ί)
2775 2507 2834 2563 Si
2881 2515 3063 2562 autem
3112 2520 3209 2563 vos
3249 2503 3525 2561 confiditis

1937 2607 2091 2661 vobis
2121 2619 2287 2675 super
2318 2602 2500 2659 verbis
2532 2599 2914 2661 mendacibus,
2940 2598 3085 2653 unde
3124 2612 3235 2652 non
3269 2595 3524 2669 prolicie-

1936 2699 2029 2762 tis,
2056 2697 2109 2753 9.
2145 2696 2220 2768 (g)
2244 2703 2297 2751 et
2326 2690 2609 2761 foramini,
2640 2702 2695 2748 et
2727 2688 3001 2755 occiditis,
3041 2697 3093 2749 et
3144 2687 3524 2753 mmcbamini,

1936 2802 1991 2847 et
2014 2789 2218 2862 iuratis
2252 2788 2305 2842 in
2339 2786 2565 2857 injuste,
2597 2792 2652 2840 et
2687 2782 3003 2839 adolevistis
3051 2778 3220 2848 Baali,
3249 2788 3305 2836 et
3331 2779 3529 2835 ambu-

1938 2884 2096 2942 lastis
2123 2890 2244 2954 post
2265 2881 2398 2937 deos
2419 2878 2644 2944 alienos,
2668 2890 2809 2948 quos
2837 2890 2947 2930 non
2972 2873 3226 2939 novistis,
3254 2872 3344 2928 I0.
3378 2886 3442 2928 σι-
3467 2882 3528 2928 ut

246 2960 475 3031 Propter
505 2962 610 3018 hoc
635 2962 750 3020 haec
781 2963 910 3019 dicit
947 2965 1236 3021 Dominus:
1277 2963 1414 3023 Ecce
1442 2981 1545 3038 ego
1572 2967 1644 3022 do
1668 2983 1831 3038 super

1939 2974 2083 3031 male
2123 2974 2196 3029 sit
2233 2971 2392 3038 vobis
2422 2968 2472 3037 ζ,
2511 2979 2564 3023 et
2598 2967 2849 3031 venistis,
2879 2975 2935 3021 et
2958 2964 3189 3023 stetistis
3218 2980 3408 3021 coram
3440 2979 3535 3018 me

248 3051 509 3122 populum
547 3050 695 3110 bune
735 3055 810 3127 (ο)
846 3056 1252 3123 infirmitatem:
1304 3067 1360 3113 et
1408 3058 1831 3116 inﬁrmabuntur

1942 3068 1997 3122 in
2032 3066 2199 3122 domo
2234 3064 2302 3131 3K
2335 3061 2438 3117 hac
2467 3060 2516 3130 ζ,
2547 3059 2638 3115 ubi
2668 3058 2979 3113 invocatum
3002 3063 3088 3112 est
3111 3068 3312 3110 nomen
3342 3067 3526 3109 meum

248 3145 303 3196 ίη
351 3142 429 3198 θεῖ
466 3150 669 3215 Puris:
719 3155 773 3202 οι
815 3146 909 3205 mli
951 3146 1150 3204 Simul:
1193 3148 1409 3214 ViCiﬂus
1447 3157 1501 3205 ει
1546 3152 1837 3222 Ρνοκίωιιε
1939 3175 2104 3232 super
2131 3173 2218 3219 ea.
2250 3154 2555 3213 etdixistis:
2579 3153 2656 3224 (Ia)
2682 3150 3034 3208 Recessimus
3064 3148 3136 3207 ab
3163 3147 3376 3218 agendo
3405 3161 3528 3205 om-

246 3236 369 3307 ejus
395 3238 673 3307 peribunt.
711 3239 802 3295 22.
838 3235 966 3296 Haec
995 3241 1128 3297 dicit
1162 3239 1429 3299 Dominus
1455 3260 1467 3296 :
1493 3238 1632 3299 Ecce
1660 3257 1836 3313 pepu-

249 3330 338 3386 Ius
377 3330 522 3385 venit
553 3332 622 3386 ab
650 3332 939 3403 aquilone:
985 3341 1040 3389 et
1073 3347 1206 3405 gens
1239 3349 1435 3405 magna
1470 3334 1538 3402 )a(
1579 3341 1634 3387 ιιι
1678 3350 1831 3405 reges

1939 3355 2069 3397 num
2098 3343 2165 3408 >ε<
2198 3337 2301 3393 fuit
2334 3337 2356 3405 ζ
2415 3341 2612 3395 domus
2655 3349 2798 3402 mea,
2822 3330 2916 3390 ubi
2957 3333 3271 3389 invocatum
3302 3339 3388 3389 est
3429 3346 3531 3387 no-

248 3421 409 3476 multi
445 3422 468 3491 ζ
502 3424 886 3480 excitabuntur
915 3424 985 3480 ab
1016 3425 1364 3480 extremitate
1391 3433 1551 3480 terrae
1578 3444 1590 3480 :
1622 3424 1714 3479 25.
1748 3440 1837 3480 ar-
1941 3442 2065 3482 men
2100 3441 2281 3481 meum
2311 3440 2476 3496 super
2502 3438 2565 3478 ea
2602 3437 2661 3479 -ι-
2701 3422 2778 3478 ibi
2813 3422 2835 3492 ζ
2881 3437 3070 3479 coram
3116 3421 3315 3478 vobis?
3341 3421 3407 3477 Et
3426 3436 3531 3492 ego

249 3529 403 3579 cum,
435 3523 492 3569 et
514 3515 592 3585 (ρ)
624 3514 835 3571 hastam
863 3516 1148 3572 tenebunt.
1185 3517 1281 3587 (q).
1306 3515 1489 3572 Durus
1511 3526 1616 3577 est.
1644 3528 1697 3573 et
1729 3532 1839 3576 non
1941 3535 2068 3574 ecce
2099 3517 2232 3583 vidi,
2269 3518 2403 3574 dicit
2442 3516 2729 3576 Dominus.
2783 3515 2869 3573 l2.
2921 3515 2980 3585 (ὅ)
3023 3513 3297 3584 Quoniam
3352 3513 3531 3569 ivistis

249 3606 641 3664 miserebitur:
692 3624 794 3665 vox
849 3608 991 3680 ejus,
1019 3618 1077 3664 ut
1124 3624 1277 3665 mare
1322 3607 1627 3667 fluctuans:
1677 3625 1841 3681 super
1942 3611 1995 3665 in
2029 3612 2206 3666 locum
2245 3624 2450 3673 meum,
2482 3608 2575 3679 qui
2608 3608 2663 3663 in
2710 3606 2849 3676 Silo,
2894 3602 2984 3661 ubi
3025 3604 3291 3665 collocavi
3330 3619 3530 3661 nomen

251 3701 411 3770 cquis
438 3710 494 3754 et
515 3699 769 3757 curribus
793 3717 851 3756 se
876 3701 1128 3767 instruet,
1155 3710 1211 3755 ut
1243 3699 1311 3771 (ν)
1348 3700 1511 3771 ignis,
1540 3701 1607 3756 ad
1638 3700 1841 3758 bellum
1943 3719 2125 3760 meum
2162 3703 2237 3758 ibi
2273 3684 2345 3775 (1:)
2377 3717 2443 3757 ex
2477 3700 2707 3773 antiquo
2739 3717 2754 3756 :
2796 3707 2853 3755 et
2883 3699 3083 3762 videte,
3126 3712 3249 3771 qua:
3278 3695 3383 3753 feci
3419 3695 3468 3752 ei
3500 3711 3532 3750 a

250 3793 521 3849 adversus
548 3803 620 3859 te,
658 3793 767 3849 lilia
798 3790 1003 3849 Sionis.
1031 3793 1121 3848 24.
1155 3793 1485 3849 Audivimus
1519 3794 1722 3850 famam
1749 3809 1845 3850 eo-
1945 3795 2083 3850 facie
2116 3794 2332 3851 malitia:
2372 3792 2559 3866 populi
2592 3793 2698 3848 mei
2730 3790 2919 3867 Israel.
2951 3790 3036 3847 15.
3069 3788 3137 3844 Et
3168 3805 3316 3845 nunc
3339 3805 3440 3860 pro
3463 3803 3533 3843 eo

251 3899 403 3949 rum,
426 3884 707 3941 dissoluta:
737 3895 1082 3940 suntmanus
1111 3894 1335 3952 nostras;
1362 3885 1581 3940 afﬂictio
1605 3900 1845 3956 oceupa-
1945 3889 2091 3958 quod
2124 3885 2333 3945 fecistis
2364 3886 2547 3941 omnia
2580 3900 2747 3956 opera
2784 3884 2919 3952 haec,
2948 3886 3020 3952 Χ
3064 3881 3200 3939 dicit
3242 3880 3532 3944 Dominus,

250 3973 332 4029 vit
357 3990 476 4041 nos,
511 3976 727 4031 dolores
757 3979 913 4048 quasi
953 3976 1327 4047 parturientis.
1362 3975 1452 4031 25.
1482 3974 1561 4030 Ne
1591 3977 1843 4047 egredia-
1945 3990 2000 4037 et
2041 3981 2259 4036 loeutus
2310 3990 2434 4032 sum
2478 3975 2547 4031 ad
2595 3992 2730 4041 vos,
2778 3975 3117 4045 praeveniens
3169 3981 3224 4026 et
3259 3972 3449 4026 dicens
3479 3970 3530 4038 ζ,

253 4065 393 4121 mini
424 4067 477 4120 in
501 4082 713 4138 agrum,
746 4068 876 4123 etin
904 4069 1006 4124 viis
1029 4084 1097 4124 ne
1120 4068 1446 4134 ambuletis;
1472 4067 1602 4138 quia
1630 4069 1845 4140 gladius
1945 4078 2001 4124 et
2032 4084 2141 4122 non
2177 4063 2412 4121 audistis
2447 4078 2555 4129 me,
2586 4073 2642 4118 et
2681 4060 2869 4118 vocavi
2901 4077 3020 4127 vos,
3064 4069 3119 4115 et
3163 4074 3270 4113 non
3306 4072 3534 4128 respon-

255 4157 608 4214 inimicorum
638 4160 916 4215 babitatin
945 4160 1199 4215 circuitu.
1222 4160 1314 4215 26.
1346 4158 1481 4216 Filia
1505 4161 1688 4231 populi
1716 4162 1844 4228 mei,
1946 4158 2107 4214 distis
2145 4176 2158 4212 :
2205 4156 2294 4210 M.
2325 4157 2488 4210 etiam
2518 4153 2715 4210 faciam
2748 4153 2937 4209 domui
2978 4153 3130 4219 buie,
3170 4152 3259 4207 ubi
3309 4153 3532 4206 invoca-

254 4246 483 4321 accinge
521 4261 570 4305 te
597 4250 797 4319 cilicio,
833 4261 886 4306 et
910 4251 1091 4307 voluta
1120 4262 1170 4306 te
1197 4252 1251 4306 in
1279 4251 1491 4306 cinere:
1530 4252 1736 4308 luctum
1773 4252 1844 4323 (ε)
1948 4263 2063 4307 tum
2095 4257 2183 4317 est
2205 4264 2402 4305 nomen
2432 4263 2614 4301 meum
2644 4261 2808 4317 super
2833 4261 2918 4312 ea,
2942 4259 3106 4315 super
3132 4259 3241 4315 qua
3271 4258 3370 4299 vos
3402 4257 3533 4299 eon-

254 4342 445 4405 dilecti
500 4343 585 4400 fac
630 4345 749 4410 tibi,
794 4344 1073 4415 planctum
1112 4344 1547 4415 gemebundum:
1590 4344 1721 4415 quia
1758 4359 1846 4398 re-
1950 4344 2117 4401 ﬁditis
2146 4356 2312 4413 super
2344 4356 2433 4408 ea;
2459 4348 2512 4396 et
2532 4336 2673 4403 loco,
2697 4352 2861 4409 quem
2883 4338 3002 4393 dedi
3022 4335 3196 4404 vobis,
3215 4346 3269 4392 et
3286 4335 3532 4408 patribus

255 4450 423 4509 pente
463 4439 643 4494 veniet
675 4437 738 4510 (t)
774 4439 990 4493 miseria
1043 4453 1209 4507 super
1241 4452 1358 4492 vos.
1391 4436 1482 4491 27.
1522 4436 1844 4506 Explorato-
1873 4420 1924 4482 υ
1951 4422 2168 4499 vestris,
2220 4441 2279 4489 ut
2319 4431 2421 4487 feci
2466 4429 2610 4486 Silo:
2645 4428 2733 4485 15.
2779 4438 2834 4484 et
2869 4427 3151 4499 projiciatn
3182 4443 3282 4485 vos
3320 4443 3351 4483 a
3393 4425 3535 4482 facie

258 4545 378 4588 rem
424 4531 545 4586 dedi
583 4531 713 4588 tein
746 4531 961 4601 populis
987 4529 1064 4601 (ιι)
1097 4528 1326 4584 inclusis
1375 4538 1476 4584 :et
1515 4542 1838 4598 cognosces,
1951 4543 2096 4593 mea,
2156 4533 2215 4580 ut
2280 4521 2485 4594 projeci
2549 4519 2748 4577 fratres
2817 4530 3070 4584 vestros,
3124 4534 3287 4574 omne
3343 4532 3531 4573 semen

260 4635 387 4676 cum
428 4622 743 4694 probaveris
777 4623 918 4677 viam
951 4635 1183 4677 eorum:
1234 4616 1326 4674 28.
1382 4634 1573 4674 omnes
1615 4617 1693 4689 (ac)
1738 4634 1831 4674 nor

1951 4616 2222 4691 prraem.
2254 4614 2343 4671 16.
2376 4611 2443 4669 Et
2473 4621 2528 4668 tu
2565 4628 2632 4668 ne
2660 4627 2785 4669 ores
2815 4626 2913 4681 pro
2940 4610 3141 4681 popqu
3178 4610 3302 4672 hoc,
3329 4604 3393 4680 (Ι)
3438 4622 3536 4663 ne-

260 4715 603 4780 obedientes,
647 4715 988 4770 ambulantes
1034 4727 1310 4784 perverse.
1361 4709 1482 4776 Ais,
1526 4720 1580 4765 et
1617 4711 1847 4775 ferrum,
1949 4726 2057 4782 que
2094 4708 2387 4780 supplices,
2418 4716 2479 4761 ut
2514 4704 2582 4761 sit
2614 4700 2991 4761 misericordia
3026 4700 3106 4758 eis
3142 4720 3154 4757 :
3202 4710 3257 4756 et
3284 4716 3352 4755 ne
3382 4715 3532 4767 ores,

262 4821 459 4863 omnes
483 4808 559 4877 (ν)
585 4808 827 4877 corrupti
858 4817 1005 4863 sunt.
1036 4807 1126 4862 29.
1162 4803 1366 4860 Defeeit
1407 4803 1553 4860 follis
1586 4805 1655 4859 ab
1689 4804 1846 4876 igne:
1953 4802 2049 4874 (m)
2085 4813 2261 4869 neque
2290 4796 2698 4869 appropinques
2728 4795 2859 4849 mibi
2885 4809 2950 4851 -ι-
2977 4808 3078 4865 pro
3098 4792 3179 4850 eis
3200 4793 3248 4863 ες
3272 4792 3403 4863 quia
3425 4807 3534 4847 non

265 4900 467 4957 defecit
513 4901 819 4972 plumbum.
868 4901 922 4954 In
958 4915 1157 4955 vanum
1199 4898 1274 4970 (κ)
1316 4895 1518 4952 conﬁat
1562 4906 1850 4968 argentum
1950 4892 2238 4950 exaudiam
2270 4891 2338 4961 χ
2380 4898 2431 4945 te
2460 4890 2482 4958 ζ
2508 4928 2522 4943 .
2554 4888 2644 4943 17.
2675 4887 2785 4943 Aut
2831 4902 3015 4943 nonne
3063 4885 3236 4950 vides,
3268 4884 3396 4956 quid
3430 4883 3535 4953 ipsi

337 5022 410 5091 (ε)
441 5023 532 5083 Δ..
560 5019 790 5091 alienps.
818 5017 884 5087 (Ι)
914 5016 1005 5079 Α..
1027 5015 1361 5091 quicumque
1380 5007 1831 5091 ipsedefraudam

1932 5008 1998 5091 te.)
2040 5006 2127 5091 διο
2162 5005 2501 5091 quicquam
2528 5002 2736 5091 ίθφίεηε
2768 5000 3533 5091 .i!l°9i°'!9'!':_<_','l-é.-:.ﬁt???

260 5069 924 5150 οοῖἷιέίῖίῖοῆξῗέξᾶιῖη
955 5069 1199 5140 mollitie.
1234 5069 1299 5152 (i')
1329 5069 1706 5135 Saitctitatem.
1737 5081 1831 5139 Α..
1853 5069 2292 5153 respirationem.
2313 5077 2386 5153 (lt)
2413 5069 2505 5143 8.,
2536 5089 2732 5153 cornu.
2763 5074 2827 5144 (Ι)
2854 5073 3027 5153 Amet
3043 5069 3535 5153 cogngsciteltesti-

263 5138 1031 5232 Edtiiiiﬁfiﬁbdésiareis;
1049 5154 1134 5218 S.,
1152 5163 1206 5208 et
1235 5138 1540 5207 innotescat
1564 5154 1925 5222 congregatio
1943 5138 2009 5204 'in
2038 5149 2138 5206 eis.
2205 5138 2431 5219 (mfAI,
2460 5138 2874 5217 cogitationum.
2951 5142 3030 5216 (η)
3062 5138 3154 5209 ΑΓ,
3172 5139 3258 5206 8.,
3285 5138 3534 5196 calamus

264 5272 473 5325 bonus.
575 5269 640 5351 ς’)
691 5266 899 5321 Textns
948 5263 1072 5334 Syr.
1105 5259 1289 5320 habet,
1347 5265 1397 5309 et
1425 5257 1697 5326 sacriﬁcia
1723 5272 1927 5325 eorum,
1957 5246 2219 5338 mmi'n.
2259 5252 2412 5308 Haud
2453 5252 2618 5308 dubie
2652 5252 2839 5320 lapsus
2870 5256 2957 5305 est
3001 5249 3084 5305 vel
3104 5246 3409 5351 graphicus
3446 5244 3533 5299 vel

541 5339 555 5351 .
754 5336 796 5351 ..ι
870 5345 883 5351 -
948 5335 984 5351 η
1032 5348 1094 5351 .-η
1176 5326 1330 5351 sur...
1394 5325 1573 5351 at..-"
1674 5328 1744 5351 [Α
1795 5328 1817 5351 Α
1926 5326 2243 5351 ...ι-..-ηιιηηιρ
2346 5323 2420 5351 1..\
2467 5325 2490 5351 Α
2585 5320 2619 5351 ο
2701 5322 2948 5351 dum...“
3048 5322 3101 5351 ι-
3163 5317 3190 5351 Δ
3279 5315 3525 5351 opm-Iun,

266 5272 473 5325 bonus.
575 5269 640 5351 ς’)
691 5266 899 5321 Textus
948 5263 1072 5334 Syr.
1105 5262 1289 5338 habet2
1347 5265 1397 5309 et
1425 5262 1697 5326 sacriﬁcia
1723 5272 1831 5312 con

266 5339 718 5411 typographtcus.
754 5336 907 5390 Text.
945 5335 1143 5393 Graec,
1176 5329 1352 5397 ὑμων.
1394 5325 1596 5381 υιυιςιι.
1672 5328 1746 5397 (ο)
1780 5328 1819 5381 Α

266 5411 347 5450 lr\
385 5411 440 5450 A,
502 5408 538 5450 Ω
573 5447 583 5450 Α
611 5410 693 5450 vir
789 5408 858 5450 (xl
894 5404 1070 5450 Simtl-
1147 5402 1210 5450 HI
1239 5398 1326 5450 Α..
1354 5396 1446 5450 (IIII
1474 5398 1723 5450 deportat
1754 5414 1831 5450 Stll

1957 5262 2219 5338 mm'n.
2260 5262 2412 5308 Haud
2453 5262 2618 5308 dubie
2652 5262 2839 5320 lapsus
2870 5262 2957 5305 est
3001 5262 3084 5305 vet
3104 5262 3409 5391 prapotens
3446 5262 3530 5299 vc:

1932 5326 2267 5385 otfendicula.
2346 5323 2540 5450 (ρὶΑη
2580 5320 2663 5420 8.,
2700 5322 2972 5446 clypgum.
3048 5322 3101 5391 (ᾳ
3152 5317 3245 5403 Α.,
3278 5315 3530 5398 acerbus.

1948 5413 2064 5450 vos.
2144 5396 2223 5450 (ul
2248 5396 2339 5450 Α..
2367 5410 2401 5449 o
2442 5393 2695 5447 vallatum
2727 5407 2758 5447 a
2863 5390 2954 5445 Ilo.
3034 5390 3113 5450 (at)
3145 5388 3237 5450 Α..
3260 5398 3530 5450 pnnctpel

764 5388 1086 5482 "(sbiSicntz
1130 5388 1326 5482 ’ωἈη
1354 5396 1446 5482 qui
1474 5388 1831 5482 dsportat'sul

1948 5413 2064 5482 Yos-
2144 5388 3011 5482 (αλιὶυνζδδνέ¹¹³ἓὶ¹¹¹ιὲξέθ¹ίο;,.
3034 5388 3113 5482 (ἐξ)
3145 5388 3534 5482 ἦξΡῙΞῖἘΞΕῬ

267 5456 856 5547 l'écéle'énié;,'£{.nné;’
874 5456 1267 5547 fraudulenter.
1313 5456 1341 5547 'l
1484 5456 1712 5547 Reliqui,
1751 5456 2115 5547 corruptores.
2150 5456 2162 5468 ’
2204 5456 2298 5547 ’ςῆ
2326 5456 2427 5547 ’Δί-,ο
2456 5461 2543 5526 8.,
2560 5462 2869 5547 βξριιίξίιιοιςΣ
2892 5456 3530 5547 ᾂέρςιθςιξρι-εξιξ.

268 5522 1029 5652 ξξῖἶιξῦἷιῖὖο-
1040 5522 1246 5597 dvo—bis.
1321 5522 1452 5606 (6)74
1467 5576 1505 5604 .,
1531 5537 1575 5592 si
1606 5522 1746 5594 bene
1782 5538 1831 5593 fa

271 5629 289 5652 ι
405 5623 432 5652 Α
532 5633 659 5652 nnnn
697 5633 793 5652 um.
855 5616 892 5652 κ
985 5627 1174 5652 Iros-nan
1217 5616 1399 5652 tamen
1442 5621 1558 5652 vos-
1634 5606 1711 5652 (τὴ
1756 5609 1819 5652 Α-

1932 5522 2029 5596 inde
2057 5539 2196 5593 bene
2223 5522 2481 5621 feceritis.
2529 5522 2636 5603 '(d)
2671 5530 2762 5597 Α.,
2807 5522 3215 5652 ολιρτέἐεεςῆίε.
3290 5522 3530 5608 (ιῌὶοᾳ.

1932 5625 1994 5652 tr-
2033 5616 2088 5652 pl
2119 5622 2354 5652 nnc-tenta
2389 5612 2447 5652 el.
2476 5602 2734 5652 adulteri.
2809 5600 2829 5652 (
2867 5600 2885 5652 1
2918 5600 3012 5652 Α..
3046 5596 3136 5652 δ..
3167 5598 3380 5652 liberati
3422 5594 3530 5650 [υἱ-ι

271 5553 331 5623 (b
395 5554 488 5616 A.,
525 5559 579 5604 et
615 5553 872 5604 ba'bitabo
903 5559 1029 5600 cum
1065 5553 1246 5597 vonts.
1321 5553 1391 5606 te)
1413 5553 1505 5604 3.,
1531 5553 1575 5592 st
1606 5553 1746 5594 nene
1782 5553 2029 5596 taetenuo
2057 5553 2196 5593 nene
2223 5553 2481 5621 tecertus.
2557 5553 2636 5603 ψ)
2671 5553 2762 5597 ιι.,
2807 5553 3215 5652 υἱψτιτδδσςιιιδ.
3290 5553 3530 5608 tet-we.

271 5553 355 5692 (fl
392 5623 484 5686 Α.,
515 5633 660 5692 ecce
697 5633 814 5692 vos.
854 5616 938 5692 8.,
985 5627 1175 5692 verum
1217 5616 1558 5692 tamennvos.
1634 5606 1711 5691 (9)
1739 5609 1847 5692 Α..
1885 5606 2003 5692 fur,
2033 5616 2088 5692 e‘t
2119 5622 2355 5692 occisor,
2380 5612 2458 5692 et,
2474 5600 2829 5692 adulterin
2845 5594 3532 5692 3‘14-2-33JI‘W3E‘ﬂgv

272 5663 437 5747 3.1.;
446 5663 484 5686 ”
503 5663 686 5760 (ὂῗίῖ,
710 5663 968 5757 ὶίὶῖεῖἰὶἑ.
997 5663 1206 5754 ’8ξ,”ίῖὲ.
1281 5673 1356 5747 (ιι,
1388 5674 1469 5743 s.,
1498 5676 1550 5732 in
1579 5663 1831 5751 pr‘iin'cipit

1946 5663 2007 5751 (ί)
2040 5678 2129 5745 A.,
2156 5686 2210 5731 et
2243 5693 2310 5732 ne
2335 5663 2586 5731 assumas
2615 5687 2713 5743 pro
2736 5663 2829 5727 εἰς’
2845 5663 3238 5742 precationem.
3311 5665 3410 5739 (ut)
3446 5663 3536 5735 8.,

272 5772 335 5820 ct
364 5778 433 5818 ne
481 5770 592 5819 8183
627 5772 812 5814 coram
844 5770 949 5813 I118.

1940 3267 2037 3307 nes
2068 3246 2508 3305 abominationes
2545 3245 2666 3301 bas.
2719 3243 2807 3298 11.
2854 3240 3000 3298 Num
3047 3241 3309 3312 spelunca
3354 3239 3528 3296 latro-
3605 3298 3611 3305 ,
