4042 6194
520 268 668 328 ’23ιῦ

1706 278 1932 337 CODEX
1979 281 2654 339 SYRO-HEXAPLHIIS.

3607 297 3726 352 2.3M

529 384 739 443 faciunt
784 389 836 444 in
884 391 1113 453 urbibus
1160 389 1316 448 Judze
1341 433 1355 456 ,
1401 401 1455 448 et
1505 394 1557 449 in
1606 396 1711 453 viis
1763 396 2108 453 Jerusalem?
2137 406 2177 461 Α
2212 399 2330 454 Filii
2360 399 2521 466 Num,
2551 401 2644 455 sed
2677 400 2770 455 sed
2806 400 2868 470 (')
2907 400 3064 456 vallis
3091 402 3168 473 (a)
3212 404 3541 463 occisorum:
3577 423 3624 466 et
3659 431 3729 472 se-

532 481 619 535 18.
667 481 790 535 Filii
839 497 1029 537 eorum
1070 485 1335 554 colligunt
1377 486 1546 555 ligna,
1596 496 1652 542 et
1696 498 1878 558 patres
1915 506 2103 545 eorum

533 572 872 627 succendunt
901 575 969 642 χ
1003 574 1179 646 ignem
1204 575 1253 643 1,
1279 584 1334 631 et
1365 578 1620 634 mulieres
1647 594 1839 636 eorum
1871 583 1947 647 (η)
1979 584 2110 638 sub-

531 661 688 734 igunt
721 681 954 721 massam
977 712 990 733 ,
1024 669 1089 722 ad
1128 667 1434 724 faciendmn
1482 672 1760 740 placentas
1792 675 1866 743 (ο)
1904 676 2110 732 militia:

532 756 654 811 emli
692 775 705 810 :
739 767 791 811 et
831 759 1069 813 libarunt
1100 761 1356 815 libamina
1388 763 1492 816 diis
1529 764 1745 829 alienis,
1777 775 1829 819 ut
1867 768 1932 821 ad
1972 769 2106 822 iram

535 858 829 916 provocent
862 866 966 904 me.
1001 851 1085 905 f9.
1123 850 1260 905 Num
1297 869 1382 908 me
1406 854 1504 922 ipsi
1530 857 1597 910 ad
1628 857 1761 909 iram
1788 861 2107 927 provocant,

534 939 665 993 dicit
702 940 1000 996 Dominus?
1056 959 1235 998 nonne
1280 947 1626 1015 semetipsos,
1681 957 1741 1001 ut
1785 949 2113 1004 erubescant

537 1033 704 1087 facies
734 1035 960 1088 eorum?
987 1036 1075 1088 20.
1119 1035 1345 1106 Propter
1381 1040 1481 1093 hoc
1519 1041 1632 1094 haec
1663 1041 1794 1094 dicit
1824 1043 1890 1108 χ(
1925 1041 2112 1096 Domi-

536 1139 637 1179 nus
668 1124 688 1191 1
719 1143 732 1180 :
773 1123 911 1179 Ecce
941 1126 1017 1179 ira
1048 1137 1097 1182 et
1137 1128 1288 1183 furor
1319 1145 1472 1184 meus
1507 1131 1580 1200 (p)
1625 1130 1922 1184 effunditur
1952 1148 2115 1200 super

537 1215 716 1270 locum
751 1218 916 1283 hunc,
944 1229 997 1273 et
1029 1237 1190 1290 super
1219 1222 1488 1283 homines.
1529 1233 1582 1276 et
1632 1239 1794 1292 super
1841 1223 2110 1291 jumenta,

535 1317 590 1360 et
618 1323 781 1378 super
811 1326 974 1366 omne
1001 1313 1206 1382 lignum
1239 1314 1375 1383 agri,
1406 1322 1459 1368 et
1485 1329 1649 1383 super
1671 1330 1862 1368 omnes
1895 1315 1966 1384 (q)
1993 1330 2116 1383 pro-

536 1409 731 1456 ventus
768 1411 961 1458 terrm:
998 1415 1050 1459 et
1094 1405 1434 1473 incendetur,
1472 1417 1526 1460 et
1569 1423 1674 1460 non
1713 1408 2111 1476 exstinguetur.

536 1489 627 1543 2|.
666 1488 790 1545 Haec
810 1492 943 1546 dicit
978 1493 1240 1550 Dominus
1270 1500 1338 1564 )9:
1365 1498 1626 1550 virtutum
1663 1495 1807 1552 Deus
1844 1496 2112 1564 lsraelis1:

543 1580 864 1640 lloloeausta
893 1596 1072 1640 vestra
1099 1596 1426 1658 congregato
1451 1605 1573 1643 cum
1598 1589 1881 1644 sacriliciis
1900 1588 2114 1649 vestris.

537 1683 592 1728 et
629 1676 898 1730 comedite
929 1693 1148 1732 carnem
1183 1696 1196 1732 :
1242 1679 1330 1732 εει.
1387 1679 1515 1748 quia
1568 1694 1678 1732 non
1738 1679 1954 1733 locutus
1993 1693 2113 1732 sum

539 1767 604 1820 ad
637 1776 820 1835 patres
860 1779 1093 1832 vestros,
1148 1787 1324 1839 neque
1371 1774 1597 1841 prmeepi
1645 1772 1725 1826 eis
1772 1771 1824 1824 in
1858 1771 1964 1835 die,
2012 1785 2120 1840 quo
2155 1751 2194 1807 Β

539 1861 700 1915 eduxi
733 1879 826 1917 eos
856 1880 918 1918 ex
967 1873 1107 1918 terra
1148 1865 1389 1936 Egypti,
1418 1867 1484 1920 de
1510 1869 1577 1933 Χ
1611 1866 1772 1918 verbo
1805 1864 1824 1931 ζ
1856 1864 2084 1919 holocau
2105 1892 2117 1904 -

540 1961 773 2019 stomun,
807 1965 858 2010 et
891 1957 1142 2011 sacrificii
1177 1974 1189 2009 :
1221 1955 1311 2011 23.
1352 1958 1445 2012 sed
1482 1958 1527 2010 si
1562 1957 1790 2010 verbum
1840 1957 1941 2009 hoc
1977 1969 2116 2024 pra:-

541 2046 656 2115 cepi
683 2049 781 2108 eis,
812 2047 999 2101 dicens
1025 2065 1038 2102 :
1069 2047 1266 2102 Audite
1302 2064 1488 2103 vocem
1525 2063 1722 2112 meam,
1756 2057 1810 2102 et
1842 2063 1936 2101 cro
1967 2047 2122 2101 vobis

542 2136 595 2190 in
637 2137 826 2198 Deum,
863 2146 915 2193 et
948 2154 1046 2194 vos
1090 2141 1245 2194 eritis
1289 2141 1421 2194 mihi
1467 2141 1518 2194 in
1561 2141 1817 2210 populum
1863 2159 1877 2194 :
1919 2149 1974 2194 et
2005 2154 2121 2194 am-

543 2233 724 2286 bulate
747 2233 798 2286 in
827 2233 1082 2288 omnibus
1113 2233 1216 2288 viis
1249 2234 1405 2298 meis,
1445 2234 1498 2288 in
1538 2235 1604 2289 iis
1643 2249 1780 2303 quas
1812 2248 2122 2305 praecepero

541 2325 798 2390 vo!»is,ut
827 2325 964 2379 bene
1000 2327 1070 2381 sit
1107 2327 1282 2381 vobis.
1327 2327 1416 2380 24.
1459 2326 1522 2380 Et
1557 2343 1662 2381 non
1698 2327 2026 2380 audiverunt
2053 2329 2121 2393 χ(

542 2433 627 2471 me
657 2417 702 2485 1,
739 2433 912 2488 neque
941 2417 1008 2488 (ν)
1040 2419 1270 2473 attendit
1302 2419 1449 2473 auris
1484 2433 1706 2484 eorum;
1747 2420 1840 2473 sed
1871 2419 2121 2471 ambula-

541 2509 740 2561 runtin
773 2509 1197 2580 cegitationihus
1234 2510 1415 2563 cordis
1455 2511 1539 2563 sui
1575 2510 1725 2572 mali,
1751 2519 1804 2563 et
1832 2509 1958 2564 facti
1993 2519 2122 2563 sunt

541 2607 867 2666 retrorsum,
901 2609 955 2654 et
988 2616 1092 2654 non
1132 2600 1257 2656 facti
1285 2610 1412 2655 sunt
1440 2610 1780 2664 antrorsum,
1814 2601 1904 2656 25.
1939 2617 2002 2654 ex
2035 2601 2124 2655 die

542 2703 654 2757 quo
691 2691 894 2758 egressi
927 2699 1056 2745 sunt
1090 2701 1272 2760 patres
1301 2707 1489 2745 eorum
1520 2707 1584 2746 ex
1622 2701 1764 2746 terra
1801 2691 2042 2762 Egypti,
2069 2700 2125 2746 et

543 2796 720 2850 usque
766 2783 820 2836 in
873 2783 1016 2837 diem
1069 2783 1234 2838 hunc.
1273 2782 1338 2836 Et
1390 2782 1514 2838 misi
1555 2783 1621 2836 ad
1662 2799 1757 2837 vos
1789 2798 1978 2836 omnes
2009 2798 2124 2837 ser-

544 2887 642 2926 vos
675 2888 826 2927 meos
853 2874 1164 2943 prophetas,
1191 2873 1278 2929 die
1309 2873 1379 2943 (a)
1403 2882 1455 2928 et
1481 2888 1674 2927 mane:
1705 2883 1760 2928 et
1790 2873 1932 2935 misi,
1955 2871 2044 2926 26.
2068 2880 2122 2926 et

547 2980 654 3018 non
734 2966 1060 3020 audiverunt
1107 2981 1214 3033 me,
1259 2975 1314 3020 et
1371 2983 1477 3020 non
1546 2966 1897 3020 attenderunt
1963 2981 2125 3020 aures

544 3074 755 3113 eorum:
781 3067 834 3113 et
862 3058 1190 3112 indurarunt
1222 3058 1283 3130 (t)
1316 3060 1580 3114 cervicem
1619 3075 1773 3113 suam
1813 3059 1933 3128 plus
1962 3074 2124 3127 quam

546 3158 730 3218 patres
764 3165 976 3203 eorum.
1010 3147 1102 3202 27.
1154 3147 1218 3204 Et
1265 3150 1418 3204 dices
1468 3149 1550 3204 eis
1597 3164 1907 3203 sermonem
1958 3149 2126 3213 hunc,

549 3243 617 3311 Χ
657 3249 711 3294 et
745 3257 853 3294 non
887 3242 1110 3295 audient
1158 3251 1231 3306 te,
1283 3250 1339 3296 et
1393 3242 1617 3296 vocabis
1652 3258 1768 3308 eos,
1799 3250 1852 3295 et
1891 3257 2000 3295 non
2043 3257 2130 3294 re-

549 3333 896 3401 spondebunt
925 3334 1045 3397 tibi,
1071 3334 1160 3388 28.
1189 3345 1242 3388 et
1273 3334 1422 3388 dicrs
1451 3335 1532 3388 eis
1568 3335 1588 3401 1
1620 3353 1632 3388 :
1665 3333 1789 3388 Haec
1821 3349 1976 3403 gens,
2009 3349 2132 3403 qua:

551 3439 657 3478 non
690 3425 898 3479 audivit
928 3441 1114 3482 vocem
1144 3426 1354 3480 Domini
1393 3425 1484 3480 Dei
1518 3441 1732 3492 eorum,
1767 3443 1945 3496 neque
1976 3441 2129 3480 rece-

552 3518 629 3586 pit
657 3518 998 3587 diseiplinam
1031 3538 1043 3574 :
1077 3519 1271 3574 defecit
1300 3519 1451 3582 fides,
1477 3521 1545 3588 Χ
1570 3528 1623 3572 ct
1653 3519 1864 3574 sublata
1890 3529 1974 3574 est
2006 3520 2027 3588 1
2062 3537 2125 3575 ex

553 3627 645 3664 ore
677 3626 891 3666 eorum.
923 3611 1012 3666 29.
1051 3612 1128 3680 (υ)
1169 3610 1356 3666 Tonde
1403 3623 1568 3685 caput
1609 3622 1784 3679 tuum,
1817 3623 1871 3667 et
1906 3615 2129 3683 projice,

553 3710 606 3752 et
644 3714 799 3753 sume
827 3717 991 3768 super
1018 3702 1158 3759 labia
1192 3713 1282 3756 tua
1313 3702 1775 3767 lamentationem;
1800 3705 1925 3771 quia
1953 3719 2135 3774 repro-

557 3791 705 3844 bavit
757 3791 1038 3854 Dotninus,
1092 3801 1145 3845 et
1196 3793 1391 3860 repulit
1433 3794 1836 3862 generationem
1880 3795 1979 3864 (τ),
2013 3812 2135 3865 qme

556 3883 687 3940 facit
711 3883 858 3939 lucc:
887 3883 973 3938 30.
997 3886 1124 3958 quia
1145 3884 1818 3959 feceruntliliiJudatquod
1841 3887 2040 3940 tualum
2058 3887 2132 3957 (ω

557 3983 745 4028 coram
780 3986 888 4039 me,
923 3973 1056 4028 dicit
1091 3973 1376 4040 Dominus,
1413 3975 1817 4030 constituerunt
1845 3976 2134 4031 abomina-

559 4063 734 4118 tioncs
779 4079 910 4120 suas
955 4063 1008 4119 in
1063 4065 1246 4130 dozno,
1294 4081 1400 4138 qua
1443 4066 1752 4120 invocatum
1807 4075 1892 4123 est
1939 4083 2133 4122 nomen

558 4173 738 4214 meum
777 4173 944 4236 super
963 4174 1047 4223 ea,
1086 4169 1143 4214 ut
1177 4161 1482 4229 polluerent
1505 4177 1624 4216 eam
1653 4181 1666 4217 :
1696 4163 1784 4217 5|.
1815 4173 1871 4217 et
1895 4165 2136 4219 aediﬁca-

557 4257 688 4308 runt
704 4249 777 4317 (ι)
800 4264 952 4306 aram
975 4249 1330 4326 Thaphethis,
1353 4267 1473 4320 qua:
1490 4262 1572 4307 est
1595 4253 1646 4307 in
1672 4255 1810 4308 valle
1829 4253 1950 4308 Filii
1971 4253 2135 4319 Num,

560 4339 624 4394 ad
656 4340 1092 4398 combureudum
1131 4342 1270 4396 tilios
1298 4357 1449 4405 suos,
1483 4350 1537 4397 et
1570 4342 1705 4397 lilias
1742 4359 1875 4398 suas
1901 4345 1953 4397 in
1981 4344 2131 4414 igne:

2211 490 2410 560 pelient
2441 492 2493 544 in
2519 490 2828 560 Thapheth,
2855 508 2919 544 eo
2955 491 3101 561 quod
3138 510 3242 548 non
3269 495 3336 549 sit
3372 497 3552 554 locus:
3583 503 3659 556 33.
3687 520 3732 560 cl

2209 590 2372 636 erunt
2396 583 2596 637 mortui
2627 583 2811 653 populi
2842 584 3006 652 hujus
3041 585 3194 640 cibus
3224 587 3520 644 volucribus
3540 594 3666 657 εαξη,
3691 609 3734 650 et

2212 673 2399 728 bestiis
2426 683 2582 728 terra:
2611 694 2624 729 :
2664 685 2718 730 et
2748 691 2855 730 non
2891 677 3014 737 erit.
3067 678 3159 745 qui
3202 678 3408 732 obviam
3447 690 3544 735 eat.
3576 685 3652 738 55.
3686 686 3734 742 Et

2212 779 2430 818 cessare
2470 765 2664 819 faciam
2695 782 2758 820 ex
2787 767 3020 822 urbibus
3044 766 3218 834 Judaa,
3243 779 3297 824 et
3319 786 3379 824 ex
3404 772 3582 841 plateis
3609 776 3736 831 Jeru.

2214 853 2382 907 salem
2421 854 2494 922 tb)
2533 870 2719 908 vocem
2749 856 3072 916 laetantium.
3104 869 3158 911 et
3191 874 3371 913 vocem
3412 865 3736 930 gaudentium,

2216 959 2402 998 vocem
2433 947 2640 1014 sponsi,
2667 958 2720 1000 et
2747 964 2928 1002 vocem
2955 964 3199 1018 sponsae;
3221 952 3342 1020 quia
3361 952 3410 1004 iu
3431 956 3740 1013 vastationem

2213 1039 2318 1091 erit
2357 1047 2523 1091 terra.

2288 1128 2439 1182 CAP.
2470 1127 2604 1183 Vlll.
2629 1162 2696 1170 —
2721 1132 2768 1182 1.
2812 1129 2870 1184 1η
2906 1141 3151 1200 tempore
3194 1133 3305 1197 illo,
3340 1134 3464 1188 dicit
3497 1135 3743 1202 Dominus,

2217 1222 2586 1278 cll‘crentossa
2625 1241 2810 1295 regum
2839 1225 3011 1287 Judre,
3054 1235 3110 1280 et
3149 1243 3272 1283 ossa
3321 1230 3604 1299 principum
3627 1232 3745 1298 ejus.

2217 1323 2271 1367 et
2313 1328 2438 1367 ossa
2470 1315 2816 1369 sacerdotum
2851 1328 2905 1369 et
2949 1331 3071 1368 ossa
3118 1317 3519 1386 prephetarum,
3561 1329 3610 1373 et
3644 1335 3746 1377 ossa

2218 1422 2406 1460 eorum
2434 1406 2525 1475 qui
2569 1406 2815 1460 habitant
2846 1407 2900 1460 itt
2931 1407 3262 1474 Jerusalem,
3303 1425 3364 1463 ex
3405 1413 3648 1480 sepulcris
3675 1429 3728 1468 eo

2219 1513 2362 1560 rum,
2391 1501 2446 1570 2.
2472 1508 2525 1551 et
2553 1497 2865 1566 expandeut
2888 1513 2951 1552 ea
2990 1498 3060 1568 (ε)
3090 1500 3155 1552 ad
3192 1499 3382 1565 solem,
3417 1514 3476 1554 οξ-
3507 1510 3556 1554 et
3592 1503 3648 1554 ad
3683 1504 3751 1557 lu-

2220 1603 2367 1650 nam,
2389 1595 2442 1642 et
2467 1588 2531 1640 ad
2565 1603 2756 1641 omnes
2787 1589 2971 1644 stellas
3000 1591 3045 1658 1,
3087 1599 3142 1642 et
3187 1591 3251 1644 ad
3301 1606 3508 1644 omnem
3541 1594 3751 1648 militiam

2221 1679 2366 1743 coeli,
2389 1694 2510 1748 qua:
2539 1688 2816 1743 amarunt,
2851 1689 2905 1734 et
2943 1682 3146 1749 quibus
3187 1682 3466 1736 eoluerunt
3488 1685 3752 1746 servitium.

2223 1778 2278 1822 et
2306 1783 2447 1838 quos
2472 1769 2824 1824 ambularunt
2859 1781 2981 1840 post
3021 1787 3139 1837 eos,
3173 1783 3227 1826 et
3258 1772 3457 1840 quibus
3491 1774 3564 1842 (d)
3601 1775 3755 1828 adhc:-

2225 1871 2432 1924 scruut,
2455 1869 2510 1914 et
2538 1876 2660 1930 quae
2689 1862 3052 1916 adoraverunt
3082 1877 3168 1917 ea.
3205 1863 3274 1932 (e)
3302 1862 3418 1916 Non
3455 1864 3756 1934 plangentur.

2224 1965 2401 2020 neque
2426 1952 2780 2022 sepelieutur:
2810 1954 2879 2022 (f)
2919 1955 2972 2008 in
3009 1955 3307 2011 ludibrium
3338 1973 3497 2026 super
3526 1956 3651 2014 facie
3673 1967 3761 2012 ter-

2223 2057 2298 2096 rae
2328 2052 2508 2097 erunt.
2544 2043 2596 2097 5.
2631 2042 2768 2110 Quia
2799 2045 2872 2115 (g)
2919 2046 3202 2115 elegerunt
3243 2057 3493 2111 mortem,
3525 2064 3670 2117 quam
3697 2049 3763 2101 vi-

2226 2143 2354 2188 tam.
2393 2133 2458 2190 Et
2507 2137 2765 2191 omnibus
2819 2137 3084 2201 residuis,
3130 2139 3227 2208 qui
3280 2140 3447 2194 relicti
3499 2139 3677 2196 fuerint
3710 2156 3762 2195 ex

2227 2227 2574 2294 generatione
2622 2229 2690 2295 Χ
2729 2229 2869 2282 mala
2911 2229 2934 2298 1
2970 2230 3082 2294 illa,
3142 2231 3219 2300 (Ιι)
3260 2231 3312 2285 in
3370 2233 3512 2285 omni
3564 2233 3763 2297 loco,x

2229 2317 2317 2380 iis,
2361 2317 2455 2385 qui
2508 2318 2681 2372 rt-lieti
2732 2318 2937 2374 fuerint
2983 2320 3032 2387 1,
3074 2321 3134 2391 (i)
3163 2338 3509 2392 quocumque
3549 2323 3773 2390 expulere

2226 2423 2321 2462 eos
2347 2410 2497 2474 illuc,
2528 2413 2594 2477 34
2623 2410 2754 2464 dicit
2785 2408 3054 2466 Dominus
3095 2414 3364 2466 virtutum
3399 2413 3444 2480 1.
3481 2414 3533 2466 4.
3564 2411 3623 2465 Et
3647 2411 3772 2466 dices

2227 2503 2293 2567 κέ
2319 2500 2387 2554 ad
2411 2516 2506 2555 eos
2530 2502 2578 2569 1,
2600 2501 2744 2570 quod
2774 2501 2889 2556 haec
2918 2501 3051 2557 dicit
3087 2502 3398 2559 Dominus:
3426 2503 3554 2558 Num
3581 2505 3661 2574 qui
3695 2519 3773 2557 ca-

2227 2591 2326 2653 dit,
2373 2605 2480 2644 non
2530 2593 2794 2658 resurgit?
2821 2591 2874 2645 5.
2920 2602 3015 2646 aut
3045 2593 3138 2664 qui
3169 2594 3421 2658 dicessit,
3459 2609 3558 2649 non
3596 2611 3647 2648 se
3667 2610 3773 2648 eon-

2228 2691 2398 2736 vertet
2433 2683 2457 2734 ?
2495 2681 2676 2748 Quare
2731 2699 2959 2740 aversus
3014 2697 3097 2740 est
3172 2688 3408 2756 populus
3471 2687 3569 2750 hic,
3622 2688 3679 2751 Ἀ(
3731 2694 3775 2738 et

2225 2772 2529 2829 Jerusalem
2567 2775 2588 2842 1
2633 2777 2920 2832 aversione
2961 2777 3033 2848 (Ir)
3072 2779 3410 2848 importuna,
3449 2787 3500 2833 et
3530 2777 3643 2832 victi
3676 2775 3774 2829 fue-

2229 2875 2358 2919 runt
2387 2867 2440 2920 in
2471 2867 2702 2922 arbitrio
2730 2883 2859 2932 suo,
2900 2878 2954 2923 et
3003 2886 3110 2923 non
3157 2871 3456 2927 voluerunt
3493 2887 3548 2927 se
3585 2884 3776 2924 conver-

2231 2965 2344 3012 tere
2364 2957 2388 3010 ?
2412 2957 2466 3012 6.
2495 2959 2556 3030 (Ι)
2589 2959 2866 3015 Attendite
2902 2978 3069 3029 nunc,
3093 2971 3146 3016 et
3169 2965 3378 3018 audite.
3414 2961 3592 3015 Nonne
3619 2960 3688 3015 sic
3716 2958 3778 3010 lo-

2155 3091 2197 3147 C
2230 3060 2498 3120 quuntur,
2539 3067 2648 3106 non
2691 3061 2776 3107 est
2818 3053 3004 3117 homo,
3054 3054 3148 3124 qui
3205 3056 3578 3124 paenitentiam
3611 3060 3716 3121 agal
3753 3065 3778 3101 ³

2242 3143 2447 3197 malitia
2474 3159 2596 3208 sua,
2626 3144 2815 3200 dicens
2853 3164 2866 3198 :
2911 3143 3049 3211 Quid
3095 3146 3242 3200 feci?
3269 3147 3511 3201 Cessavit
3531 3157 3731 3198 currens
3754 3155 3781 3191 a

2237 3247 2400 3286 cursu
2442 3247 2565 3297 suo,
2601 3233 2743 3288 sicut
2792 3249 2967 3303 equus
3007 3236 3103 3305 (ηρ)
3151 3235 3373 3304 irruens
3405 3240 3490 3307 (θ’)
3518 3235 3569 3288 in
3603 3232 3784 3287 hinnitu

2240 3341 2366 3380 suo.
2403 3325 2452 3380 7.
2490 3325 2555 3380 Et
2585 3328 2662 3397 (η)
2691 3328 2843 3381 asida
2873 3329 2924 3382 in
2958 3332 3099 3384 cwlo
3122 3332 3384 3402 cognovit
3411 3340 3612 3397 tempus
3629 3341 3782 3383 suum.

2243 3426 2442 3482 turtur,
2479 3418 2552 3488 (ο)
2583 3429 2636 3472 et
2671 3419 2923 3478 hirundo.
2966 3435 3015 3476 4
3078 3422 3310 3477 avicula:
3355 3423 3466 3491 agri
3497 3421 3522 3490 1
3554 3416 3784 3473 custodie-

2240 3518 2370 3563 runt
2405 3513 2471 3578 χ(
2503 3519 2744 3580 tempora
2777 3511 2797 3578 1
2863 3513 3210 3580 ingressuum
3273 3528 3534 3568 suorum:
3588 3508 3788 3580 populus

2243 3613 2422 3656 autem
2440 3617 2594 3657 meus
2618 3618 2723 3657 non
2747 3606 3337 3675 cognoveruntjudicia
3358 3606 3585 3661 Domini.
3603 3602 3785 3668 8.Quo-

2245 3696 2407 3750 modo
2433 3695 2614 3750 dicitis
2652 3713 2667 3750 :
2711 3696 2866 3763 Quod
2909 3697 3184 3767 sapientes
3239 3716 3435 3756 sumus
3484 3714 3600 3764 nos,
3645 3705 3690 3748 rt
3718 3694 3788 3747 ιει

2245 3786 2458 3839 Domini
2485 3796 2569 3841 est
2599 3789 2932 3843 nobiscum?
3060 3789 3289 3859 Propter
3325 3793 3428 3846 hoc
3464 3790 3486 3858 1
3533 3791 3583 3843 in
3620 3799 3786 3840 vanum

2245 3875 2422 3932 factus
2448 3887 2532 3933 est
2565 3879 2810 3934 calamus
2842 3884 3074 3935 mendax
3113 3883 3339 3938 scribis.
3392 3883 3445 3938 9.
3482 3881 3789 3935 Erubuerunt

2245 3970 2542 4040 sapientes,
2569 3981 2908 4039 expaverunt
2931 4013 2945 4037 ,
2973 3984 3027 4028 et
3065 3976 3207 4044 capti
3239 3986 3408 4040 sunt;
3447 3973 3572 4045 quia
3598 3969 3793 4024 verbum

2249 4058 2462 4114 Domini
2492 4062 2874 4130 reprobarunt.
2926 4064 3004 4132 (ρ)
3034 4062 3315 4132 Sapientia
3361 4067 3437 4135 (q)
3487 4077 3603 4133 qua:
3641 4067 3716 4115 est
3747 4060 3792 4109 in

2245 4151 2370 4206 eis?
2400 4151 2485 4206 10.
2535 4151 2763 4222 Propter
2804 4154 2910 4208 hoc
2959 4154 3100 4208 dabo
3145 4170 3347 4210 uxores
3375 4169 3561 4210 eorum
3591 4151 3718 4216 aliis,
3750 4157 3793 4198 cl

2247 4260 2408 4316 agros
2433 4260 2622 4300 eorum
2656 4247 2962 4302 lueredibus
2989 4266 3001 4300 :
3039 4249 3106 4314 7v:
3136 4249 3263 4317 quia
3295 4264 3325 4302 a
3370 4263 3537 4317 parvo
3561 4255 3729 4298 eorum
3751 4249 3798 4292 ct

2248 4353 2424 4406 usque
2455 4337 2520 4392 ad
2552 4353 2808 4405 magnum
2840 4353 3030 4391 eorum
3054 4338 3394 4407 quicumque
3421 4333 3592 4389 illudit
3615 4327 3795 4387 fraude.

558 4429 703 4498 quod
736 4445 843 4488 non
873 4431 1104 4504 praecepi
1125 4431 1222 4495 eis,
1249 4447 1425 4501 neque
1454 4432 1683 4504 cogitavi
1715 4433 1768 4486 in
1803 4435 1970 4488 corde
1997 4450 2139 4490 meo.
2178 4444 2220 4498 n
2249 4451 2278 4488 a
2311 4433 2572 4504 propheta
2616 4447 2791 4504 usque
2842 4434 2908 4487 ad
2955 4434 3295 4488 sacerdotem
3343 4435 3665 4503 quicumque
3689 4423 3795 4478 facit

560 4523 649 4576 52.
684 4521 909 4594 l’roptcr
940 4525 1044 4579 hoc
1074 4540 1200 4580 ecce
1240 4525 1357 4581 dies
1398 4526 1644 4592 veniunt,
1681 4525 1814 4580 dicit
1851 4525 2138 4592 Dominus;

559 4625 616 4676 et
645 4633 752 4673 non
797 4617 978 4672 dicent
1011 4617 1267 4692 amplius,
1306 4619 1412 4675 Ara
1470 4614 1830 4690 Thaphethis.
1879 4627 1933 4673 et
1984 4618 2139 4677 vallis

636 4909 713 4979 (ιο)
761 4908 844 4971 8.,
885 4909 1142 4976 depsunt.

1220 4910 1296 4981 (oi
1337 4909 1584 4979 Reliqui,
1618 4910 1816 4981 regitur
1846 4911 1999 4981 rrmli.
2047 4911 2240 4973 Aliter,
2273 4912 2492 4981 reginae.

2248 4527 2563 4595 iniquitates
2594 4545 2606 4580 :
2645 4527 2728 4581 ll.
2759 4534 2812 4580 et
2840 4536 3106 4581 curarunt
3137 4524 3463 4581 fractionem
3495 4523 3611 4578 lilia:
3639 4513 3793 4590 ροριιιί

2248 4620 2352 4676 mei
2401 4633 2562 4690 super
2594 4618 2970 4693 ignominiam,
3003 4619 3266 4685 dicentes,
3303 4617 3440 4684 Par,
3467 4634 3588 4689 pax,
3617 4621 3667 4669 et
3705 4624 3795 4664 non

2574 4910 2652 4979 (ν)
2691 4913 2782 4972 Α..
2819 4910 2901 4975 8.,
2940 4910 3284 4964 redundabit.
3373 4911 3446 4980 (q)
3475 4911 3562 4975 A.,
3590 4905 3668 4969 8.,
3703 4904 3796 4958 fru-

565 4989 735 5053 ctum.
807 4982 875 5047 (r)
903 4979 1129 5050 Reliqui,
1175 4980 1528 5053 inclinarunt.
1549 5051 1573 5053 _
1605 4979 1791 5053 (0A.,
1822 4980 1904 5044 8.,
1940 4997 2065 5034 cum
2103 4979 2373 5050 pracvenio
2403 4991 2458 5036 et
2483 4981 2658 5035 mitto.
2735 4982 2799 5052 (t)
2833 4980 2918 5041 S..
2948 4981 3190 5053 cervices
3219 4979 3389 5044 suas,
3413 4981 3552 5034 male
3579 4981 3796 5031 fecerunt

568 5051 690 5118 plus
715 5067 878 5121 quam
912 5062 1091 5119 patres
1122 5067 1334 5106 eorum.

564 5121 947 5176 rectitudinem
1006 5121 1469 5176 lamentationem.

568 5190 654 5254 S.,
686 5193 902 5247 excelsa
939 5190 1256 5260 Thaphetis.

573 5261 773 5316 DRACJI.
849 5261 926 5332 (a)
961 5264 1049 5325 Α.,
1081 5260 1164 5325 8.,
1203 5260 1564 5319 mactationis.

569 5333 650 5403 (ἀ)
696 5332 785 5389 Α..
827 5349 948 5400 qua:
997 5333 1391 5402 qua-siverunt.

571 5418 720 5458 iners
742 5405 884 5473 plus,
907 5420 1071 5473 quam
1102 5405 1233 5457 vita.

570 5473 632 5541 (ι)
670 5475 761 5535 Α.,
797 5476 881 5534 8.,
922 5477 1151 5530 intuitus
1192 5489 1330 5538 sum,
1358 5485 1411 5528 et
1462 5474 1664 5527 audivi.

1745 5471 1840 5539 (γη)
1888 5474 1975 5536 Α.,
2001 5467 2208 5526 cll'usus
2236 5467 2538 5527 in'liellum.

1414 5051 1490 5121 (υ)
1536 5051 1623 5117 8.,
1659 5052 1821 5104 tonde
1863 5066 2074 5105 comam
2125 5061 2368 5105 sanetam
2435 5053 2743 5106 nazireatus
2784 5051 2897 5115 tui,
2949 5063 3002 5104 et
3047 5051 3318 5121 disperge.
3363 5061 3419 5105 et
3457 5057 3796 5121 sumestlpel‘

1547 5124 1625 5192 (at)
1661 5124 1751 5192 .51.,
1786 5122 1878 5174 irae
1916 5138 2047 5176 sua'.
2086 5122 2169 5185 8.,
2202 5122 2289 5176 cui
2325 5122 2495 5176 iratus
2526 5130 2627 5175 est.

1337 5194 1400 5261 (Ἴ
1438 5191 1510 5246 lta
1544 5193 1629 5247 his
1673 5191 1724 5262 in
1767 5192 1989 5262 Syriaco
2021 5201 2189 5246 textu.

2707 5122 2783 5191 (ll)
2822 5124 2912 5186 Α..
2953 5122 3033 5182 8.,
3071 5117 3347 5175 ita—oculis
3381 5121 3540 5174 meis.
3613 5117 3680 5187 (ι)
3721 5118 3792 5191 Α..

2227 5192 2402 5260 Quam
2441 5193 2778 5248 iterationem
2811 5208 2915 5246 non
2954 5191 3156 5245 habent
3193 5191 3352 5246 Hebr.
3400 5201 3456 5242 et
3489 5206 3599 5260 LXX,
3625 5191 3790 5260 nostri.

1645 5261 1720 5330 (ω
1755 5261 1843 5326 Λζ,
1877 5277 2063 5315 vocem
2103 5265 2308 5331 gaudii,
2339 5273 2392 5316 et
2423 5278 2610 5317 vocem
2651 5263 2968 5326 laetantium.

1497 5333 1691 5403 (a)/1.,
1734 5349 1840 5384 non
1873 5333 2211 5400 colligentur.

1341 5406 1414 5472 (Il)
1442 5402 1533 5468 A.,
1565 5402 1647 5467 S.,
1679 5402 1731 5456 in
1757 5404 2016 5472 omnibus
2058 5404 2208 5472 locis,

3048 5262 3117 5330 (ε)
3156 5262 3247 5326 Α.,
3283 5265 3335 5314 in
3367 5260 3485 5315 sole
3508 5271 3559 5314 et
3589 5258 3773 5330 inluna

2319 5333 2387 5407 (7f)
2416 5333 2649 5407 _A.,_S.,
2696 5335 2747 5384 in
2790 5334 3005 5407 limum.
3059 5328 3065 5330 ⁷
3101 5328 3191 5401 ’(9)
3236 5335 3322 5407 4.,
3358 5328 3793 5407 Τιμζοιςιςεριυι·

2291 5399 2350 5472 (δ)
2395 5404 2481 5463 Au
2518 5401 2600 5470 8-.
2638 5418 2746 5465 quo
2780 5401 3007 5472 dispersi
3043 5399 3180 5455 eos?
3235 5401 3304 5470 (Is)
3338 5401 3431 5462 A.,
3467 5401 3551 5462 s.,
3584 5399 3789 5462 litigusa.

2612 5474 2699 5542 (")
2734 5481 2884 5542 metu
2921 5471 3206 5540 legendum
3237 5481 3387 5541 puto,
3421 5485 3521 5539 pro
3549 5475 3680 5528 amp
3712 5475 3791 5516 co-

570 5544 728 5620 dicis;
763 5541 1024 5620 N_orberg.
1103 5543 1200 5620 (n)_
1223 5544 1311 5608 Α.,
1346 5544 1580 5620 ciconia,
1620 5543 1988 5620 §.,_Inil‘vus._
2041 5543 2113 5611 (ο)

2228 5583 2240 5607 ,
2270 5545 2436 5620 tettix_
2459 5540 2719 5620 [Ycrb‘um
2746 5541 2888 5620 quod
2923 5541 3120 5620 legitur
3147 5543 3199 5595 in
3232 5540 3439 5620 codice,
3465 5545 3789 5620 DP’D‘Piﬂﬂ"

571 5623 652 5683 est
697 5609 1004 5683 Syriacum}
1035 5609 1127 5667 sed
1162 5613 1410 5667 Gnaeum
1461 5612 1662 5683 serue,
1694 5613 1901 5667 cicada.
1954 5611 2056 5664 Pro
2098 5609 2243 5666 toties
2294 5609 2682 5683 quod'Latine
2733 5609 2901 5668 edidit
2931 5609 3193 5683 Norberg,
3223 5609 3584 5681 reposuimus,
3634 5609 3788 5658 κηα-

577 5680 805 5752 llnacu.]
833 5694 886 5735 et
917 5684 1172 5738 hirundo.

1253 5683 1330 5752 lp)
1371 5685 1461 5747 Α..
1501 5681 1579 5746 8.,
1615 5685 1878 5751 sapientia
1913 5683 2070 5752 cujus
2104 5685 2204 5737 eis.

2285 5685 2359 5752 (ᾳ)
2390 5682 2653 5755 Amplius.
