4042 6194
365 279 505 338 2317

1643 294 1960 355 ,ΙΕΒΕΜΙιΕ
1999 302 2229 361 CAPUT
2270 304 2361 360 IX.

3488 311 3635 369 2313

364 403 452 451 est
473 395 723 495 pan-l2.
755 395 1126 495 Erubuerunt,
1155 403 1285 473 quia
1315 404 1775 467 abominationem
1804 413 1940 469 fecc-
1976 419 2017 475 Α
2048 415 2359 486 loquemur.
2398 417 2461 488 (ὅ)
2492 419 2692 476 Didicit
2719 419 2902 493 lingua
2922 436 3110 478 eorum
3141 423 3288 495 loqui
3313 427 3629 484 mendacia:

370 497 517 553 runt,
558 488 723 544 etiam
758 490 1085 548 erubescere
1125 511 1233 549 non
1264 498 1623 568 erubuerunt,
1659 505 1822 559 etiam
1852 521 1949 575 pu-

367 577 556 631 deﬁeri
588 593 696 632 non
740 581 1025 635 sciverunt
1060 601 1075 637 :
1111 595 1332 655 propter
1371 589 1435 658 (‘)
1477 591 1674 647 cadent
1704 609 1826 648 cum
1859 596 1969 658 iis,‘

366 668 460 737 qui
502 670 727 732 cadunt,
766 681 819 725 et
860 672 912 726 in
953 683 1197 744 tempore
1237 678 1568 737 visitationis
1613 699 1727 739 sua:
1752 686 1822 755 (r)
1869 687 1951 741 in-

371 760 756 827 tirn-abuntur,
779 762 911 817 dicit
954 763 1215 820 Dominus
1248 769 1295 837 ζ.
1331 770 1419 825 15.
1462 771 1531 843 (s)
1564 772 1628 828 Et
1654 791 1953 847 congrega-

371 851 503 903 bunt
521 860 817 918 proventus
835 868 1047 915 eorum,
1068 856 1199 911 dicit
1223 856 1506 916 Dominus.
1530 860 1646 917 Non
1669 877 1800 920 sunt
1832 884 1952 922 uvae

368 941 423 993 in
457 942 683 1003 vitibus,
712 952 767 997 et
800 959 907 997 non
935 957 1061 1000 sunt
1084 946 1137 1001 in
1164 949 1280 1004 licis
1312 951 1467 1018 ﬁcus,
1485 961 1540 1006 et
1563 955 1689 1009 folia
1720 956 1953 1012 defluxe-

373 1041 521 1093 runt,
548 1035 615 1099 )ι(
643 1043 696 1089 et
722 1034 843 1089 dedi
872 1037 976 1096 eis,
1007 1047 1061 1092 et
1090 1041 1425 1096 transierunt
1453 1059 1550 1100 eos
1574 1045 1621 1114 ζ.
1651 1048 1736 1102 14.
1777 1048 1953 1119 Super

370 1120 502 1187 quid
540 1136 639 1176 nos
669 1124 960 1179 sedemus?
1002 1126 1445 1199 Congregamini,
1485 1143 1538 1189 et
1583 1137 1953 1206 ingrediamnr

373 1210 425 1263 in
463 1212 626 1267 urbes
655 1213 790 1270 istas
816 1218 1078 1282 munitas,
1111 1219 1178 1290 (ι)
1202 1230 1256 1274 et
1285 1238 1386 1279 nos
1421 1236 1829 1291 prosternamus
1855 1232 1949 1298 ibi;

374 1302 630 1364 quoniam
663 1307 731 1370 χ(
760 1304 1025 1363 Dominus
1057 1310 1079 1379 ζ
1112 1308 1254 1366 Deus
1284 1315 1512 1384 projecit
1537 1333 1658 1383 nos,
1683 1334 1735 1375 et
1766 1321 1954 1376 biben-

373 1392 499 1445 dam
524 1393 672 1448 dedit
705 1398 862 1453 nobis
886 1415 1082 1468 aquam
1117 1400 1287 1471 fellis;
1324 1409 1580 1476 quoniam
1610 1413 1954 1479 peccavimus

374 1497 558 1536 curam
585 1499 672 1539 eo.
708 1486 788 1539 15.
827 1488 1153 1561 Congregati
1185 1511 1378 1551 sumus
1420 1498 1486 1552 ad
1520 1515 1730 1569 pacem,
1757 1513 1810 1559 et
1845 1521 1951 1559 non

379 1570 601 1628 fuerunt
649 1575 785 1629 bona
825 1597 837 1632 :
876 1581 941 1633 ad
988 1591 1206 1652 tempus
1252 1588 1575 1655 curationis,
1615 1601 1669 1646 et
1714 1610 1840 1651 ecce
1876 1595 1952 1653 fe-

377 1664 620 1718 stinatio.
666 1667 753 1720 16.
806 1670 883 1737 (u)
922 1670 1000 1726 Ex
1044 1673 1155 1729 Dan
1201 1678 1487 1736 audiemus
1525 1699 1709 1738 vocem
1761 1688 1956 1742 veloci-

378 1761 507 1815 tatis
538 1777 803 1831 equorum
836 1767 997 1834 ejus:
1040 1786 1069 1822 a
1106 1787 1238 1827 voce
1288 1775 1534 1833 hinnitus
1564 1779 1642 1849 (π)
1690 1798 1954 1853 equorum
1992 1751 2032 1805 Β

375 1849 497 1916 ejus
527 1863 802 1908 counuota
832 1865 915 1910 est
953 1865 1132 1916 omnis
1159 1871 1302 1919 terra
1337 1885 1349 1920 :
1382 1876 1438 1923 et
1472 1872 1668 1935 veniet,
1701 1849 1755 1926 et
1789 1875 1956 1929 devo-

378 1941 519 1994 rabit
546 1949 769 2008 terram,
800 1955 850 1999 et
883 1947 1274 2016 plenitudinem
1302 1958 1442 2025 ejus,
1477 1962 1689 2028 urbem,
1713 1973 1768 2018 et
1799 1967 1958 2019 habi-

378 2040 555 2087 tantes
595 2033 648 2087 in
683 2049 770 2089 ea.
822 2036 909 2091 17.
957 2038 1098 2103 Quia
1148 2059 1275 2100 ecce
1321 2063 1423 2110 ego
1466 2052 1624 2106 mitto
1664 2055 1716 2108 in
1760 2070 1857 2110 vos
1881 2059 1956 2126 (ῃ)

375 2136 652 2192 serpentes
713 2130 1043 2198 mortiferos,
1098 2151 1239 2205 quos
1293 2156 1403 2194 non
1445 2154 1528 2197 est
1577 2144 1956 2216 incantarex

374 2229 471 2266 ros
501 2216 547 2283 ζ,
587 2226 642 2271 et
691 2221 1020 2277 mordebuttt
1058 2241 1176 2289 vos,
1225 2233 1291 2297 )a(
1324 2233 1393 2284 dit
1414 2233 1454 2286 it
1502 2234 1762 2293 Dominus
1798 2239 1846 2306 ζ,
1881 2239 1956 2311 (z)

380 2305 465 2358 18.
494 2308 704 2377 absque
735 2312 1004 2369 medicina
1037 2332 1160 2372 cum
1207 2322 1394 2377 dolore
1432 2326 1617 2382 cordis
1649 2332 1812 2384 vestri
1849 2305 1958 2385 hic;

376 2397 613 2492 sitautis.
665 2399 755 2454 19.
808 2402 943 2460 Ecce
975 2423 1076 2463 vox
1123 2413 1191 2477 )t(
1235 2414 1493 2471 clamoris
1541 2419 1562 2487 ζ
1619 2419 1739 2475 ﬁli.e
1772 2425 1955 2492 papuli

379 2490 483 2543 mei
509 2508 573 2546 ex
624 2502 767 2550 terra
812 2499 1132 2571 longinqua.
1177 2503 1315 2560 Num
1359 2508 1625 2566 Dominus
1656 2530 1762 2568 non
1791 2520 1952 2571 estin

380 2579 579 2635 Smne?
613 2594 708 2638 aut
747 2602 838 2641 rex
876 2602 984 2643 non
1018 2599 1101 2646 est
1145 2594 1223 2664 (a)
1259 2595 1367 2650 ibi?
1395 2596 1575 2664 Quare
1606 2602 1958 2663 irritaverunt

379 2687 466 2726 me
498 2674 548 2727 in
581 2677 926 2747 sculptilibus
953 2682 1087 2745 suis,
1117 2693 1171 2739 et
1201 2686 1254 2740 iu
1288 2688 1442 2744 vanis
1479 2690 1694 2747 alienis.
1720 2694 1810 2750 20.
1836 2697 1959 2752 Cir.

375 2764 549 2819 cuivit
578 2768 650 2836 (ιο)
673 2779 854 2835 aestas,
888 2774 1107 2829 transiit
1134 2773 1205 2846 (ο)
1234 2781 1452 2847 messis,
1481 2792 1536 2836 et
1572 2799 1673 2840 nos
1704 2801 1811 2842 non
1842 2804 1962 2844 ser-

379 2859 490 2914 vati
535 2877 751 2920 sumus.
811 2866 901 2921 21.
946 2868 1121 2940 Super
1168 2871 1437 2931 fractione
1478 2878 1602 2932 tilia:
1633 2881 1816 2949 populi
1850 2884 1956 2937 mei

380 2952 586 3010 fractus
618 2970 740 3012 sum
777 2975 791 3012 :
817 2973 1157 3031 occuparunt
1177 2980 1262 3019 me
1283 2967 1658 3038 caligationcs,
1698 2972 1751 3025 in
1781 2974 1957 3029 ambi-

2052 507 2125 579 (k)
2158 509 2358 580 injuste
2389 522 2639 582 egerunt,
2670 523 2724 569 et
2756 530 2865 569 non
2890 526 3202 580 cessarunt,
3232 526 3293 572 ut
3322 534 3382 574 se
3403 535 3632 576 convcr-

2052 606 2245 653 terent.
2290 602 2344 655 6.
2395 601 2573 657 Usura
2630 618 2795 674 super
2845 621 3036 667 usura.
3079 606 3236 661 dolus
3287 624 3450 678 super
3476 611 3632 678 dolo,

2052 704 2163 743 non
2194 692 2482 747 voluerunt
2506 709 2838 765 cognoscere
2872 712 2980 762 me,
3004 697 3136 753 dicit
3166 697 3450 756 Dominus.
3482 703 3535 756 'l.
3567 703 3635 759 Et

2053 790 2271 850 propter
2316 784 2420 838 hoc
2462 784 2577 841 haec
2610 786 2742 841 dicit
2783 785 3046 845 Dominus
3077 790 3139 859 (ι)
3173 792 3468 849 virtutum:
3501 795 3635 851 Ecce

2051 885 2153 941 ego
2192 872 2489 941 explorabo
2526 891 2651 940 eos,
2700 885 2754 930 et
2797 880 3041 947 prolatio
3084 896 3200 934 eos.
3234 880 3367 947 Quia
3398 886 3465 951 χ
3499 900 3639 955 quo-

2054 965 2218 1018 modo
2252 967 2273 1032 ζ
2309 964 2504 1019 faciam
2549 967 2618 1020 ab
2649 982 2775 1022 ante
2822 969 3017 1024 faciem
3062 973 3130 1040 )a(
3173 974 3395 1029 malitia:
3440 976 3463 1043 ζ
3515 977 3640 1031 ﬁlia:

2054 1055 2235 1124 populi
2256 1058 2388 1111 mei?
2415 1057 2467 1111 8.
2503 1058 2709 1131 Sagitta
2729 1061 2979 1117 lacerans
2999 1063 3183 1133 lingua
3203 1080 3392 1120 eorum
3415 1066 3636 1123 :dolosa

2055 1148 2216 1201 verba
2256 1150 2370 1203 oris
2408 1165 2599 1204 eorum
2634 1170 2646 1205 :
2687 1152 2911 1220 paciﬁca
2947 1154 3199 1223 proximo
3233 1171 3334 1211 suo
3368 1157 3632 1226 loquitur,

2054 1249 2106 1294 et
2134 1239 2186 1292 in
2223 1255 2289 1294 eo
2319 1250 2401 1295 est
2429 1242 2477 1296 ei
2505 1241 2599 1309 (nt)
2628 1242 2933 1298 inimicitia.
2970 1251 3023 1299 υ.
3052 1244 3191 1299 Num
3220 1263 3384 1317 super
3408 1250 3491 1304 his
3524 1266 3633 1305 non

2055 1333 2306 1397 visitabo,
2359 1334 2490 1388 dicit
2543 1334 2846 1391 Dominus?
2895 1349 2985 1391 aut
3043 1338 3097 1392 in
3160 1341 3421 1409 populum
3472 1343 3633 1398 talem

2055 1437 2164 1477 non
2201 1424 2496 1479 ulciscetur
2540 1427 2721 1480 anima
2762 1429 2920 1481 mea?
2967 1429 3055 1483 10.
3108 1430 3287 1500 Super
3318 1443 3531 1489 montes
3555 1434 3635 1503 (η)

2056 1516 2256 1571 sumite
2294 1519 2590 1585 planctum,
2634 1520 2708 1590 (ο)
2756 1529 2810 1575 et
2848 1522 3120 1577 canticum
3173 1524 3532 1594 (lugubrem),
3582 1535 3636 1581 et

2057 1623 2221 1677 super
2241 1610 2466 1663 semitas
2488 1610 2686 1665 deserti
2715 1611 3181 1678 lamentationem,
3215 1616 3344 1684 quia
3378 1616 3452 1685 (ρ)
3485 1616 3639 1670 defe-

2058 1708 2271 1764 cerunt,
2301 1714 2368 1754 eo
2395 1700 2540 1768 quod
2569 1716 2676 1755 non
2705 1703 2813 1756 sint
2848 1703 3102 1758 homines
3129 1706 3195 1771 Ξ(
3221 1712 3561 1758 transeuntes
3587 1703 3634 1771 ζ.

2061 1788 2175 1844 Non
2208 1791 2529 1847 audiverunt
2561 1808 2749 1847 vocem
2772 1793 2845 1863 (ιι)
2866 1795 3186 1849 substantiae
3217 1813 3230 1847 :
3262 1811 3293 1849 a
3324 1795 3640 1850 volucribus

2060 1882 2207 1944 coeli,
2243 1894 2297 1935 et
2341 1899 2514 1951 usque
2553 1885 2619 1938 ad
2653 1885 2898 1951 jtnuenta
2924 1890 2995 1952 (r)
3018 1887 3440 1955 obstupuerunt,
3493 1886 3643 1940 abie-

2060 1983 2209 2028 runt.
2244 1973 2323 2028 11.
2352 1973 2417 2027 Et
2446 1973 2591 2029 dabo
2626 1974 2929 2031 Jerusalem
2978 1977 3031 2031 in
3082 1977 3643 2046 transmigratiouem,

2059 2074 2112 2119 et
2168 2065 2237 2133 (ε)
2288 2064 2344 2117 in
2395 2065 2701 2121 habitacula
2750 2068 3050 2121 draconum
3097 2083 3112 2122 :
3172 2076 3226 2122 et
3281 2069 3442 2123 urbes
3489 2066 3646 2123 Iudae

2059 2170 2258 2224 ponam
2305 2156 2358 2209 in
2409 2157 2662 2221 exitium,
2715 2157 2779 2224 (t)
2820 2173 2884 2211 eo
2936 2158 3081 2226 quod
3143 2173 3250 2212 non
3307 2158 3638 2213 habitentur.

2060 2244 2148 2297 12.
2182 2243 2317 2310 Quis
2353 2245 2516 2299 homo
2542 2245 2619 2315 (tt)
2651 2246 2888 2315 sapiens,
2913 2255 2969 2300 et
3005 2245 3271 2317 intelligat
3298 2246 3441 2300 hoc?
3470 2253 3525 2300 et
3551 2245 3642 2300 cui

2058 2350 2240 2389 sermo
2269 2335 2384 2391 oris
2410 2336 2621 2390 Domini
2649 2337 2714 2391 ad
2747 2352 2896 2401 eum,
2943 2337 3228 2391 annuntiet
3263 2338 3439 2403 vobis,
3468 2352 3644 2406 quare

2060 2426 2215 2495 periit
2254 2436 2422 2488 terra,
2451 2443 2679 2483 accensa
2707 2437 2814 2494 est,
2854 2438 2910 2483 ut
2937 2428 3233 2492 desertum,
3267 2443 3335 2481 eo
3357 2428 3502 2496 quod
3533 2442 3640 2481 non

2061 2527 2373 2573 transeatur
2401 2518 2455 2573 in
2482 2520 2589 2573 ea?
2618 2521 2701 2574 13.
2745 2522 2809 2575 Et
2835 2520 2973 2574 dixit
3005 2518 3274 2573 Dominus
3307 2531 3369 2573 -ι-
3399 2519 3467 2572 ad
3499 2519 3641 2587 mez:

2059 2608 2287 2679 Propter
2321 2611 2372 2665 id
2406 2612 2550 2681 quod
2583 2613 2992 2681 dereliquerunt
3022 2612 3197 2682 legem
3238 2626 3439 2674 meam,
3478 2625 3643 2679 quam

2060 2702 2182 2758 dedi
2220 2711 2347 2757 ante
2381 2702 2579 2758 faciem
2606 2719 2818 2769 eorum,
2849 2714 2904 2758 et
2949 2719 3056 2757 non
3096 2704 3425 2757 audiverunt
3457 2716 3646 2756 vocem

2062 2810 2264 2856 meam,
2302 2794 2378 2865 (at)
2410 2804 2464 2849 et
2490 2796 2842 2850 ambularunt
2873 2799 2940 2864 χ(
2967 2793 3043 2864 (y)
3068 2796 3120 2848 in
3146 2810 3207 2849 ea
3236 2793 3285 2861 ζ,
3339 2792 3426 2847 14.
3452 2801 3507 2847 et
3536 2793 3648 2847 ive-

2063 2893 2187 2938 runt
2219 2895 2339 2955 post
2354 2900 2439 2947 ea,
2469 2900 2592 2955 quae
2620 2886 3101 2955 placueruntcordi
3125 2900 3312 2941 eorum
3340 2885 3572 2949 +malo,
3595 2894 3648 2938 et

2063 2986 2186 3044 post
2215 2978 2291 3045 (χ)
2333 2976 2499 3040 idola,
2545 2991 2668 3045 quae
2713 2976 3018 3030 docuerunt
3064 2990 3162 3030 eos
3203 2985 3386 3044 patres
3430 2988 3645 3029 eorum.

377 3043 588 3112 guilate
636 3049 1039 3116 prazvaluerunt
1087 3067 1253 3122 super
1291 3072 1378 3110 me
1412 3071 1473 3112 -t-
1514 3057 1733 3114 dolores
1783 3073 1842 3115 ut
1875 3078 1960 3131 pa-
1987 3041 2029 3096 ο
2065 3041 2151 3121 15.
2185 3041 2411 3138 Propter
2446 3041 2578 3123 ltoc-
2600 3069 2713 3124 haec
2745 3068 2878 3122 dicit
2909 3067 3169 3121 Dominus
3201 3041 3463 3120 virtutum
3500 3064 3647 3120 Detts

379 3135 573 3190 rientis
607 3136 655 3206 ζ.
698 3138 787 3193 ‘22.
818 3138 961 3194 Num
992 3144 1173 3198 resina
1216 3162 1321 3199 non
1361 3159 1446 3202 est
1492 3148 1545 3201 in
1598 3149 1825 3218 Galaad,
1867 3163 1962 3208 aut

380 3227 626 3283 medicus
645 3244 755 3283 non
776 3240 860 3286 est
887 3232 994 3287 ibi?
1020 3231 1202 3300 Quare
1228 3251 1338 3291 non
1362 3239 1610 3294 ascendit
1638 3241 1716 3312 (ιι)
1746 3244 1961 3300 sanatio

381 3317 505 3372 ﬁlim
538 3321 722 3387 populi
755 3323 903 3377 mei?

451 3409 604 3465 CAP.
642 3411 730 3468 IX.
757 3446 824 3455 —
846 3417 897 3471 1.
946 3417 1080 3485 Quis
1108 3420 1257 3476 dabit
1288 3419 1357 3490 (ε)
1397 3422 1561 3493 capiti
1593 3439 1714 3479 meo
1737 3440 1957 3496 aquam,

379 3514 434 3559 ct
470 3508 646 3564 oculis
690 3513 825 3567 meis
855 3512 1059 3570 fontem
1102 3516 1495 3573 lacrimarum?
1541 3528 1597 3574 et
1635 3520 1863 3575 deﬂeam
1895 3536 1958 3577 ot—

382 3600 643 3669 populum
689 3603 887 3675 hunc:
930 3607 1018 3661 die
1053 3616 1108 3663 et
1157 3621 1338 3672 nocte,
1364 3612 1584 3667 occisos
1612 3613 1736 3667 ﬁliae
1776 3615 1961 3683 populi

384 3689 510 3743 mei.
562 3689 598 3743 2
666 3692 801 3758 Quis
828 3696 919 3749 det
948 3697 1076 3752 mihi
1112 3700 1165 3753 in
1213 3701 1429 3755 deserto
1470 3702 1536 3772 (f)
1592 3703 1961 3759 habitaculum

383 3781 657 3847 ultimum,
685 3795 737 3839 et
768 3787 1065 3857 relinquant
1104 3793 1360 3862 populum
1398 3810 1605 3859 meum,
1631 3805 1684 3850 et
1713 3798 1965 3851 recedam

382 3872 452 3926 ab
472 3874 578 3929 eis?
604 3874 738 3942 Quia
779 3894 972 3934 omnes
1004 3883 1349 3938 mmehantur
1381 3903 1395 3939 :
1430 3895 1609 3941 cmtus
1640 3889 1967 3957 praevarica-

384 3975 597 4020 torum:
630 3970 683 4023 5.
708 3979 762 4023 et
779 3970 1127 4028 intenderunt
1149 3968 1385 4044 linguam
1411 3992 1568 4031 suam
1590 3988 1873 4044 utarcum,
1892 3979 1965 4049 (g)

382 4058 750 4125 mendacium,
781 4069 831 4116 ct
869 4079 975 4117 non
1006 4064 1139 4119 ﬁdes
1167 4065 1395 4121 invaluit
1420 4084 1586 4137 super
1613 4078 1754 4124 terra
1789 4088 1803 4123 °.
1834 4071 1965 4140 quia

380 4161 411 4198 a
447 4148 687 4203 malisin
719 4150 858 4204 mala
890 4154 1098 4222 egressi
1139 4163 1291 4215 sunt.
1320 4164 1376 4210 et
1415 4172 1500 4210 me
1537 4171 1644 4210 non
1688 4172 1965 4227 cognove-

382 4246 532 4305 runt,
557 4240 690 4295 dicit
713 4241 993 4299 Dominus.
1021 4250 1074 4300 4.
1110 4243 1497 4318 Unusquisque
1523 4264 1553 4301 a
1583 4249 1837 4319 proximo
1862 4265 1964 4304 suo

2066 3158 2288 3213 lsraelis
2321 3175 2335 3212 :
2386 3156 2524 3213 Ecce
2561 3172 2662 3228 ego
2694 3158 2888 3211 cibabo
2925 3170 3019 3211 eos
3051 3158 3120 3223 )K
3155 3156 3413 3225 populum
3445 3157 3590 3210 hunc
3618 3156 3641 3225 ζ

2063 3249 2357 3320 angustiis,
2401 3258 2456 3304 et
2502 3248 2791 3302 bibendam
2832 3247 2974 3302 dabo
3002 3247 3083 3302 eis
3112 3262 3308 3316 aquam
3345 3245 3421 3317 (α)
3456 3244 3596 3301 fellis
3627 3263 3644 3300 :

2065 3340 2150 3394 16.
2169 3349 2224 3393 et
2253 3340 2559 3409 dispergam
2586 3354 2682 3394 eos
2706 3339 2760 3392 in
2787 3338 3053 3409 gentibus,
3078 3353 3216 3409 quas
3238 3353 3343 3392 non
3379 3344 3646 3392 noverunt

2064 3431 2187 3501 ipsi,
2209 3439 2264 3484 et
2289 3439 2470 3499 patres
2495 3444 2686 3485 eorum
2709 3450 2723 3484 :
2753 3439 2808 3483 et
2839 3429 3050 3483 mittam
3076 3445 3237 3497 super
3264 3443 3361 3484 eos
3385 3428 3646 3498 gladium,

2063 3524 2238 3577 donec
2269 3536 2587 3576 consumam
2621 3537 2717 3576 eos
2745 3522 2798 3575 in
2830 3536 2917 3575 eo.
2953 3521 3039 3575 17.
3074 3520 3201 3575 llaec
3222 3521 3360 3575 dicit
3385 3520 3648 3574 Dominus

2065 3613 2397 3681 Xvirtutum
2427 3612 2449 3681 ζ
2481 3630 2494 3665 :
2529 3611 2900 3681 lntelligite,et
2928 3619 3116 3666 vocate
3136 3610 3560 3676 Iamentatrices,
3595 3619 3651 3664 et

2064 3707 2285 3759 veniant
2313 3712 2403 3758 :et
2440 3703 2510 3757 ad
2548 3703 2851 3773 (mulieres)
2905 3703 3182 3772 sapientes
3216 3701 3439 3764 mittite,
3474 3698 3546 3771 (ο)
3594 3708 3652 3754 ct

2066 3794 2363 3864 loquantur
2396 3811 2410 3847 :
2446 3792 2532 3846 18.
2569 3794 2637 3861 Χ
2670 3801 2724 3846 et
2752 3790 3005 3847 festinent
3038 3793 3086 3860 ζ,
3136 3799 3189 3845 et
3234 3798 3451 3844 sumant
3486 3803 3652 3858 super

2067 3903 2164 3940 vos
2193 3886 2635 3941 lamentationem
2666 3902 2681 3938 :
2713 3894 2768 3939 et
2800 3885 3089 3938 demittant
3125 3882 3270 3938 oculi
3302 3881 3466 3937 vestri
3494 3879 3653 3935 lacri-

2068 3994 2209 4040 mas,
2262 3986 2319 4033 et
2358 3978 2628 4048 palpebra:
2678 3984 2873 4030 vestrae
2926 3976 3097 4028 ﬂuant
3149 3989 3328 4043 aqua;
3390 3974 3477 4028 19.
3519 3973 3648 4041 quia

2065 4083 2168 4122 vox
2202 4068 2280 4138 (ά)
2313 4068 2548 4137 gemitus
2572 4065 2758 4119 audita
2788 4074 2873 4120 est
2916 4065 2972 4118 in
3015 4063 3180 4118 Sione
3213 4082 3226 4117 :
3260 4062 3547 4129 Quomodo
3576 4065 3648 4134 (ej

2068 4157 2254 4211 miseri
2302 4155 2429 4210 facti
2468 4169 2681 4219 sumus,
2709 4153 3032 4209 erubuimus
3074 4153 3251 4217 valde,
3280 4153 3408 4219 quia
3454 4150 3650 4205 dereli-

2067 4248 2288 4318 quimus
2317 4255 2541 4308 terram,
2583 4246 2650 4315 (f)
2681 4254 2736 4301 et
2766 4245 2995 4315 projecit
3033 4243 3384 4298 tabernacula
3426 4242 3651 4296 nostra?

380 4339 590 4399 cavete,
622 4341 678 4387 et
717 4350 881 4405 super
914 4340 982 4405 31(
1020 4338 1273 4393 omnibus
1305 4338 1327 4407 ζ
1378 4339 1638 4395 fratribus
1669 4341 1871 4396 vestris
1900 4357 1967 4397 ne
2005 4389 2045 4407 η
2068 4342 2159 4395 20.
2200 4340 2398 4394 Audite
2429 4354 2594 4406 nunc,
2622 4338 2903 4400 mulieres,
2935 4336 3163 4392 verbum
3198 4335 3313 4399 Dei,
3343 4342 3399 4389 et
3429 4336 3651 4404 capiant

381 4424 700 4491 conlldatis;
741 4426 868 4497 quia
890 4429 1071 4484 omnis
1106 4430 1275 4485 frater
1290 4433 1691 4504 supplantando
1712 4434 1971 4503 supplan-
2005 4424 2025 4473 τ

382 4516 541 4582 tabit,
568 4526 622 4572 et
645 4520 826 4575 omnis
848 4522 1060 4577 amicus
1085 4523 1275 4579 dolose
1311 4526 1558 4581 incedet:
1593 4526 1644 4581 5.
1676 4527 1970 4596 unusquis-

384 4622 489 4676 que
530 4608 585 4663 in
637 4609 860 4667 fratrem
900 4628 1059 4668 suum
1099 4613 1174 4683 (It)
1211 4613 1401 4669 illudet
1448 4633 1462 4669 :
1522 4615 1807 4671 veritatem
1856 4632 1964 4671 non

489 4832 553 4922 ς’)
582 4831 697 4922 ἴξοξ
746 4845 887 4922 lam,
942 4837 1059 4903 ltoc,
1108 4846 1234 4922 post
1277 4848 1511 4908 propter,
1545 4841 2081 4922 οιηίεεωηχίἁςιυτη
2106 4841 2161 4895 in
2200 4839 2426 4922 codice.
2487 4837 2752 4922 Norberg.

2074 4446 2232 4486 aures
2263 4438 2456 4483 vestra:
2485 4430 2650 4482 verba
2689 4428 2803 4483 oris
2844 4427 2966 4497 ejus
3001 4444 3016 4481 :
3064 4435 3120 4480 et
3165 4426 3357 4481 docete
3388 4425 3525 4479 ﬁlias
3557 4440 3649 4479 ve-

2071 4533 2214 4576 stras
2243 4519 2526 4590 gemitum,
2569 4527 2624 4573 et
2676 4518 2873 4573 mulier
2906 4517 3215 4588 proximam
3249 4532 3405 4571 suam
3441 4516 3650 4571 lamen-

2071 4614 2353 4668 tationem.
2381 4612 2473 4666 21.
2505 4610 2644 4677 Quia
2671 4609 2922 4666 ascendit
2961 4624 3111 4665 mors
3141 4624 3235 4680 per
3263 4608 3532 4664 fenestras
3564 4622 3650 4663 ve-

2864 4840 2936 4910 (r)
2970 4843 3071 4910 7A.,
3101 4838 3422 4910 impingent.
3446 4836 3531 4900 8.,
3569 4834 3647 4889 rei

383 4906 536 4981 ίίίὲηι·
578 4903 686 4981 ,(³)
730 4907 820 4968 Αιο
850 4903 1584 4981 cousumti'oueﬂconjumam
1617 4927 1733 4966 cos.
1813 4910 1878 4980 (t)
1913 4912 2004 4973 A.,
2041 4909 2124 4975 S.,
2161 4919 2216 4965 et
2243 4911 2599 4980 quiescamus
2643 4903 2741 4975 ibi,
2789 4903 2927 4981 quia
2966 4903 3228 4981 Dominus
3260 4906 3414 4981 ‘Deus
3461 4916 3648 4981 noster

381 4991 409 5028 s
434 4975 546 5027 lere
575 4973 703 5028 fecit
733 4989 852 5029 nos.

967 4978 1044 5046 (τι)
1087 4978 1177 5041 A.,
1230 4979 1304 5033 Ex
1340 4978 1460 5050 Dan
1492 4982 1746 5036 audietur
1774 4978 2099 5036 concitatus
2129 4978 2326 5036 cursus
2354 4995 2616 5050 equorum
2643 4981 2782 5048 ejus.

2896 4981 2975 5051 (at)
3017 4973 3105 5044 21η
3142 4977 3225 5042 8.,
3257 4975 3474 5030 fortium
3491 4975 3644 5055 .ejus.

384 5046 462 5113 (ῃ)
488 5044 900 5130 A.,nser.pentes
929 5044 1292 5130 speculantes.
1325 5049 1408 5112 S.,
1447 5051 1641 5113 malos.
1718 5053 1791 5120 (ι)
1821 5053 1912 5115 Α.,
1945 5052 2126 5106 laetitia
2162 5068 2304 5130 mea_
2313 5044 2482 5130 super
2504 5065 2590 5130 _me
2606 5044 2759 5105 dolor
2789 5068 2803 5105 :
2835 5044 3001 5130 super
3038 5063 3243 5130 meror
3276 5061 3455 5099 meum
3491 5044 3643 5130 insaf

387 5112 538 5167 num.
569 5112 654 5191 8.,
680 5113 906 5169 illudere
938 5112 1070 5191 mihi
1073 5119 1263 5191 _dolor
1283 5134 1447 5191 super
1482 5135 1588 5181 me,
1616 5136 1710 5176 cor
1740 5112 1922 5191 meum
1953 5137 2225 5191 pressum.
2262 5112 2551 5191 Th.,'quia
2593 5135 2697 5175 non
2730 5132 2813 5174 est
2842 5112 3172 5191 contumelia
3207 5130 3371 5191 super
3406 5130 3513 5191 me,
3550 5129 3648 5191 cor

388 5198 566 5237 meum
598 5183 876 5240 insanum.

389 5253 511 5328 ΊξΙι..
533 5264 697 5328 caput
710 5269 912 5328 meum.
962 5253 1003 5328 ⁷(

953 5186 1287 5271 (ᾳζηςιίιιιμιὶ,
1317 5186 1370 5242 in
1393 5204 1477 5271 ea.
1554 5191 1637 5271 (ὁ).
1665 5192 1753 5254 Α.,
1785 5189 1869 5256 8.,
1897 5186 2111 5271 messis:
2171 5191 2365 5271 .(c)A.,
2397 5186 2731 5271 _S.,‘fructus.
2799 5189 2886 5271 _(d)
2928 5186 3371 5271 A._,$..rica.t‘ri‘x.

1011 5257 1053 5325 ι’)
1086 5258 1174 5321 Α.,
1201 5258 1559 5313 diversorium
1592 5261 1881 5314 viatorum.
1959 5264 2033 5330 lg)
2067 5260 2151 5322 8.,
2171 5262 2224 5314 in
2244 5257 2553 5322 mendacio,
2581 5271 2635 5313 et
2660 5275 2766 5330 non
2799 5259 2853 5312 in
2870 5257 3124 5313 veritate.

3204 5179 3371 5239 :atrix.
3448 5179 3517 5306 Se)
3553 5183 3644 5247 A.,

3204 5252 3643 5324 (h)A.,Tt..tle-

384 5326 538 5405 cipit.
617 5325 677 5392 (ἕ)
840 5324 971 5410 ﬁt),
996 5324 1303 5410 docuerunt
1327 5330 1573 5410 linguam
1600 5345 1778 5410 suam.
1856 5330 1928 5401 (Β)
1958 5324 2039 5410 Ᾰό
2064 5329 2559 5410 injustenagendum
2590 5327 2905 5410 indicarunt
2938 5325 3445 5410 a‘moremnlaboris.
3477 5325 3648 5410 §edes

387 5403 478 5465 tua
509 5393 567 5447 in
602 5394 929 5465 medioAdoli
964 5414 977 5449 :
1014 5397 1066 5450 in
1096 5396 1242 5452 dolo.
1321 5399 1383 5465 (ι)
1415 5393 1505 5455 Ἀ..
1536 5401 1901 5454 exercituum.

390 5673 631 5726 veniant.
707 5674 784 5740 (d)
839 5672 922 5740 8.,
978 5672 1176 5732 cantici

387 5403 478 5446 tua
509 5399 567 5447 in
602 5399 787 5447 medio
821 5399 929 5449 doli
964 5414 977 5449 :
1014 5399 1066 5450 in
1096 5399 1242 5452 dolo.
1321 5399 1383 5465 (ι)
1416 5400 1505 5455 Α..
1536 5399 1914 5454 exercituum.
1987 5401 2082 5469 (m)
2130 5402 2217 5460 Α..
2261 5399 2343 5465 8.,
2376 5399 2629 5480 insidias.

384 5464 619 5550 dctum:
668 5461 868 5550 (_p)_$-.,
892 5476 957 5550 ut.
979 5481 1087 5520 non
1125 5470 1649 5550 cotnprehens‘ibi‘les
1678 5469 1812 5550 facti
1844 5469 1973 5525 sint.
2026 5470 2127 5550 _tt]_)
2294 5484 2683 5550 possesstoms.

387 5533 646 5613 tumulos,
683 5533 1054 5613 habitaculum
1086 5538 1357 5613 sirenum.
1436 5538 1499 5609 (t)
1541 5540 1630 5613 Α,
1665 5541 1814 5613 quod
1858 5533 2395 5613 nonsit‘habitat'or.

389 5600 521 5656 lant.
541 5603 669 5669 1'h.,
699 5619 890 5672 neque.
973 5608 1050 5674 ly)
1084 5605 1140 5659 In
1171 5607 1218 5660 lc
1257 5623 1289 5662 e
1318 5600 1491 5662 mea?
1532 5600 1830 5677 (ι)Ἀῖ,8.,
1865 5607 1961 5662 Baa

390 5673 631 5726 veniant.
707 5674 784 5740 (d)
839 5672 922 5740 8.,
978 5676 1176 5732 cantici
1223 5623 1436 5733 ﬁuctus.
1513 5680 1581 5749 (ε)
1639 5679 1868 5751 Spoliati
1923 5694 1961 5733 Si

2092 5610 2169 5677 (ιι)
2202 5609 2295 5667 Α..
2325 5600 2605 5662 absinthii.
2626 5606 2709 5669 S.,

2061 5696 2133 5733 its.
2213 5679 2279 5746 (f)
2315 5676 2378 5736 Ει
2410 5677 2731 5747 abjcciutus.

2704 5398 2780 5468 (η)
2816 5398 2912 5476 μιν
2946 5397 3049 5476 S.,_
3076 5396 3341 5476 attollam.
3371 5465 3383 5476 Ι
3416 5393 3504 5476 “(υξ
3550 5394 3644 5473 Α...

2596 5469 2683 5523 iis.
2714 5464 2721 5468 ⁷
2756 5464 2832 5548 .(r)
2864 5472 2953 5527 Α..
2979 5466 3304 5535 migrarunt.
3367 5464 3433 5534 (ε)
3471 5464 3560 5525 Α.,
3592 5464 3646 5515 in

2592 5536 2927 5603 lntelhgens.
2956 5539 3034 5603 (ac)
3068 5539 3154 5597 Α.,
3194 5545 3248 5590 et
3301 5550 3408 5588 nou
3454 5531 3650 5603 auibu-

2100 5540 2395 5615 habitator.
2426 5607 2436 5617 _
2474 5538 2927 5659 (u)uantelliﬁens.
2956 5539 3248 5616 (ac).:t.,.e.t
3301 5550 3408 5588 nou
3454 5538 3650 5586 auibu-

2092 5614 2169 5677 (a)
2202 5609 2295 5667 Α..
2324 5608 2605 5677 absinthii.
2626 5608 2709 5669 8.,
2737 5605 2777 5661 Τ
2819 5643 2859 5672 .,
2885 5606 3285 5661 amaritudinis.
3363 5605 3434 5675 (c)
3466 5601 3565 5669 A.,
3595 5609 3650 5657 et
