4042 6194
424 275 565 335 2³319

1595 283 1828 339 CODEX
1870 276 2524 341 SYRO-HEXAPLAB'IS

3525 288 3657 344 πει)

424 409 589 462 stras,
622 397 867 466 ingressa
915 406 1001 453 est
1038 396 1117 467 (9)
1162 397 1215 451 in
1259 406 1461 453 terram
1508 409 1742 454 vestram
1784 400 1851 453 ad
1885 414 2007 468 per-
2037 406 2082 460 Α
2111 396 2178 450 tis
2215 414 2229 450 :
2275 396 2391 461 dii,
2424 395 2518 466 qui
2553 393 2757 449 ctelnm
2784 403 2840 451 et
2872 403 3071 450 terram
3116 410 3226 451 non
3253 395 3515 461 fecerunt,
3550 413 3667 469 per-

426 489 661 544 dendum
706 487 963 556 parvulos
995 504 1027 543 a
1063 488 1220 551 foris,
1251 498 1307 542 et
1346 488 1577 558 juvenes
1614 489 1682 544 de
1712 489 1904 558 plateis
1938 492 2006 559 χ

427 590 619 632 morte.
653 577 742 631 22.
775 576 902 633 Haec
928 577 1064 633 dicit
1094 578 1357 632 Dominus
1386 577 1409 644 ζ
1440 594 1453 630 z
1482 577 1557 647 (Ιι)
1589 577 1645 631 Et
1675 588 1836 632 erunt
1864 593 2008 631 mor-

425 670 503 723 tui
526 670 811 724 hominum
833 670 1127 725 ludibrium
1146 685 1308 739 super
1325 670 1462 724 facie
1477 670 1654 740 campi
1678 685 1736 725 -ιν
1757 680 1913 724 terra:
1924 686 2007 723 ve-

424 773 550 816 stra:
576 762 624 829 ζ,
650 771 705 816 et
734 772 793 818 ut
820 763 1024 818 ftenum
1055 776 1178 832 post
1202 777 1525 823 messorem.
1554 772 1608 817 et
1631 779 1735 817 non
1763 763 1885 826 erit,
1911 761 2004 831 qui

422 864 740 926 congregat.
775 855 866 908 23.
913 852 1037 908 Haec
1070 853 1201 907 dicit
1230 851 1497 907 Dominus
1537 870 1552 907 :
1593 851 1711 907 Non
1741 853 2007 922 glorietur

424 946 643 1014 sapiens
676 946 730 999 ln
762 944 1030 1013 sapientia
1064 959 1186 1008 sua,
1217 953 1272 998 et
1307 960 1416 998 nun
1457 945 1719 1015 glorietur
1760 942 1920 997 fortis
1950 942 2003 996 in

424 1037 745 1093 fortitudine
789 1050 910 1103 sua,
945 1046 1000 1092 et
1047 1050 1155 1091 non
1207 1034 1470 1105 glorietur
1518 1034 1670 1088 dives
1710 1034 1763 1087 in
1800 1033 2005 1087 divitiis

424 1130 545 1186 suis
574 1147 589 1183 :
618 1128 711 1183 24.
748 1128 843 1182 8rd
871 1127 923 1180 in
955 1128 1061 1181 hoc
1085 1126 1347 1196 glorietur
1373 1125 1465 1194 qui
1490 1124 1776 1195 gloriatur,
1805 1123 2006 1177 intelli-

419 1235 566 1290 gere,
596 1230 646 1273 et
678 1233 842 1273 nosse
864 1232 969 1282 me,
1008 1217 1153 1286 quod
1183 1232 1285 1287 ego
1310 1231 1434 1271 sum
1478 1216 1742 1269 Dominus
1760 1216 1849 1283 qui
1875 1212 2005 1267 facit

420 1310 877 1372 misericordiam,
896 1318 951 1364 et
973 1309 1336 1378 judicium,et
1354 1308 1621 1378 justitiam
1643 1322 1806 1376 super
1838 1316 2000 1373 terra;

418 1404 547 1472 quia
564 1401 618 1456 in
637 1401 722 1456 his
738 1404 992 1456 voluntas
1009 1399 1291 1465 mea,dicit
1310 1399 1590 1454 Dominus.
1614 1399 1703 1454 23.
1727 1398 1864 1455 Ecce
1886 1399 2003 1454 dies

418 1494 666 1556 veniunt,
696 1492 827 1548 dicit
863 1490 1148 1557 Dominus,
1180 1501 1235 1547 et
1274 1491 1507 1547 visitabo
1538 1492 1595 1559 (ί)
1620 1506 1785 1560 Super
1812 1506 2003 1545 omnes

418 1585 776 1640 circumcisus
817 1584 1101 1654 praeputiis
1133 1584 1251 1639 suis
1285 1602 1299 1638 :
1342 1584 1431 1637 26.
1483 1599 1647 1653 super
1682 1582 1998 1653 Egyptum,

417 1668 472 1731 et
496 1691 665 1745 super
691 1674 959 1740 Iudaeam,
986 1686 1041 1731 et
1064 1691 1228 1744 super
1256 1676 1567 1738 ldumtcam,
1592 1685 1648 1730 et
1675 1690 1837 1744 super
1858 1674 2000 1731 illius

2109 498 2235 544 eant
2265 504 2331 543 ex
2365 497 2529 551 terra,
2569 495 2624 542 et
2652 502 2719 541 ex
2756 488 2860 543 sub
2906 488 3047 543 ctelo
3093 492 3216 543 hoc.
3270 489 3357 543 l2.
3402 487 3665 554 Dominus,

2108 581 2200 649 qui
2238 578 2363 634 fecit
2391 588 2591 633 terram
2619 579 2672 632 in
2707 579 2908 634 robore
2935 594 3058 644 suo,
3085 580 3180 648 qui
3211 582 3286 650 (ῃ)
3318 588 3524 634 rectum
3553 580 3669 636 fecit

2059 715 2062 719 .
2107 671 2290 726 orbem
2327 671 2381 724 in
2416 670 2683 739 sapientia
2722 686 2820 725 sua
2848 710 2863 735 ,
2895 679 2949 724 et
2991 672 3042 724 in
3094 671 3279 726 subtili
3332 672 3667 741 intelligentia

2107 779 2205 819 sna
2258 762 2503 817 extendit
2541 763 2766 826 etelum,
2831 763 2911 817 13.
2954 766 3022 831 38(
3054 771 3108 817 et
3153 763 3244 833 qui
3282 762 3356 833 (ι)
3404 763 3455 817 in
3494 778 3664 819 vocem

2107 854 2202 909 dat
2233 854 2257 922 ζ
2289 854 2692 908 multitudinem
2724 870 2880 925 aqua:
2909 856 2963 908 in
2993 856 3136 910 caelo
3174 872 3190 909 :
3222 862 3277 910 et
3302 854 3487 909 eduxit
3510 857 3669 912 nubes

2107 946 2176 1000 ab
2204 954 2448 1000 extremo
2493 954 2651 1001 terra!
2697 962 2713 1001 :
2758 945 2971 1016 fulgura
3015 945 3213 1015 pluviae
3242 944 3394 1011 fecit,
3422 954 3476 1000 et
3496 947 3671 1002 eduxit

2107 1044 2303 1090 ventos
2329 1050 2397 1089 ex
2422 1035 2695 1090 thesauris
2724 1036 2864 1091 suis.
2896 1035 2984 1092 14.
3014 1033 3278 1090 lnsanivit
3311 1036 3489 1092 omnis
3514 1036 3669 1092 homo

2106 1141 2136 1180 a
2176 1127 2402 1181 scientia
2438 1141 2453 1179 :
2501 1127 2723 1181 erubuit
2767 1126 2950 1181 omnis
2993 1126 3242 1181 conflans
3284 1142 3478 1182 aurum
3519 1144 3670 1198 super

2106 1217 2449 1287 sculptilibus
2477 1232 2692 1278 eorum.
2719 1216 2847 1286 quia
2897 1215 3035 1271 falsa
3061 1215 3370 1272 conﬂarunt
3414 1236 3428 1272 :
3471 1233 3572 1273 non
3598 1228 3671 1273 est

2105 1308 2329 1377 spiritus
2362 1308 2416 1362 in
2444 1307 2546 1362 eis.
2580 1308 2668 1361 l5.
2710 1305 2857 1362 Vana
2889 1314 3021 1361 sunt
3049 1291 3250 1377 opera,
3274 1309 3356 1377 (α)
3390 1309 3545 1362 inlisa
3579 1325 3591 1360 :
3619 1308 3668 1362 in

2105 1412 2347 1470 tempore
2385 1400 2717 1455 visitationis
2749 1414 2864 1455 suae
2895 1400 3171 1469 peribunt.
3210 1400 3302 1455 ιε.
3343 1399 3460 1455 Non
3489 1410 3567 1455 est
3592 1402 3671 1455 in-

2103 1505 2216 1552 star
2242 1496 2403 1564 hujus
2437 1511 2563 1564 pars
2592 1492 2822 1558 Iacobo,
2869 1494 3128 1564 quoniam
3158 1494 3255 1563 qui
3285 1494 3539 1549 formavit
3564 1510 3672 1548 om-

2106 1586 2216 1651 nia,
2250 1586 2364 1655 ipse
2395 1588 2463 1654 >κ
2487 1593 2573 1639 est
2602 1585 2676 1655 (b)
2703 1592 2758 1638 et
2797 1583 2961 1639 Israel
3004 1583 3026 1650 ζ
3060 1584 3132 1653 (υ)
3167 1584 3320 1652 virga
3359 1583 3669 1638 hatreditatis

2104 1677 2224 1746 ejus
2250 1696 2264 1731 :
2297 1674 2562 1730 Dominus
2588 1677 2850 1730 virtutum
2884 1689 3081 1729 nomen
3112 1675 3191 1744 (Δ)
3214 1674 3285 1728 ei.
3322 1673 3409 1730 Π.
3441 1674 3509 1745 (e)
3533 1675 3666 1730 Con-

418 1742 677 1831 Amniou,
712 1781 776 1822 -ι-
818 1776 872 1823 et
909 1782 1074 1837 super
1122 1742 1265 1822 filios
1297 1768 1320 1836 ζ
1370 1765 1556 1831 Moab,
1588 1775 1644 1820 et
1679 1742 1842 1836 super
1877 1781 1998 1820 om-
2032 1742 2072 1798 Β
2104 1742 2346 1840 gregavit
2373 1784 2404 1821 ιι
2439 1767 2572 1821 foris
2611 1766 2976 1822 substantiam
3010 1742 3182 1826 tuam,
3222 1767 3290 1835 ((⁵)
3322 1742 3671 1836 ιιιιιιιιιαὶιίιειι

420 1874 543 1913 nem
579 1860 890 1914 tendentem
925 1876 1050 1930 qua
1072 1875 1239 1929 super
1276 1859 1469 1914 faciem
1507 1874 1688 1922 suam,
1721 1859 1814 1928 qui
1847 1859 2001 1913 habi-

419 1955 535 1999 tant
560 1947 615 2001 in
632 1947 847 2003 deserto
864 1964 880 2009 ;
896 1949 1026 2017 quia
1040 1963 1233 2003 omnes
1247 1957 1434 2017 gentes
1456 1948 1526 2016 (k)
1540 1963 1645 2003 non
1665 1948 2003 2003 circumeisze

421 2049 484 2090 -ι-
517 2050 683 2092 carne
715 2037 780 2104 ζ,
842 2047 898 2092 et
928 2038 1111 2092 omnis
1146 2036 1343 2093 domus
1376 2035 1594 2093 lsraelis
1642 2038 1706 2110 (ι)
1744 2052 1853 2092 non
1890 2038 2000 2093 cir-

419 2126 653 2183 cumcisi
689 2128 855 2183 corde
884 2142 1012 2183 suo.
1266 2114 1271 2119 ’

484 2217 619 2289 Cap.
660 2216 1086 2273 X.—-l.Audite
1111 2219 1512 2290 verbum.quod
1537 2220 1753 2273 locutus
1784 2226 1869 2273 est
1891 2217 2001 2271 Do—

414 2311 598 2364 minus
630 2325 795 2377 super
824 2324 944 2372 vos,
968 2309 1167 2364 domus
1197 2307 1438 2364 Israelis.
1471 2308 1527 2363 2.
1570 2308 1694 2364 llzec
1727 2309 1854 2363 dicit
1888 2308 1995 2363 Do-

415 2402 599 2454 minus
631 2401 652 2469 :
681 2417 695 2453 :
722 2399 884 2454 Juxta
916 2401 1035 2455 vias
1056 2400 1297 2469 gentium
1329 2416 1398 2455 ne
1428 2400 1676 2463 diseatis,
1696 2408 1749 2454 et
1769 2415 1798 2452 a
1825 2400 1998 2470 signis

414 2492 538 2547 caeli
568 2507 636 2546 ne
677 2492 935 2546 metuatis
967 2492 1064 2558 (ιιι)
1099 2492 1123 2559 ζ
1157 2492 1285 2561 quia
1319 2498 1572 2546 metuunt
1603 2493 1672 2545 ab
1710 2492 1792 2545 eis
1831 2491 1996 2548 facies

413 2600 605 2639 eorum
645 2586 667 2654 ζ
712 2585 766 2639 3.
802 2585 932 2655 quia
979 2584 1216 2654 legitima
1248 2584 1489 2653 gentium
1536 2599 1673 2637 vana
1722 2593 1871 2638 sunt.
1902 2582 1995 2637 Li-

414 2690 605 2743 gnum,
636 2674 786 2744 quod
825 2691 893 2728 ex
938 2674 1075 2728 silva
1108 2689 1308 2728 caesum
1335 2715 1350 2739 ,
1400 2689 1538 2743 opus
1568 2676 1635 2742 )t(
1667 2689 1925 2728 manuum
1967 2674 1990 2741 ζ

417 2766 556 2820 fabri
585 2765 797 2837 lignarii
818 2806 834 2831 ,
866 2776 920 2820 et
948 2765 1205 2830 conﬂatio
1228 2807 1242 2831 ,
1273 2764 1329 2821 4.
1363 2774 1607 2837 argento,
1642 2775 1695 2820 et
1736 2781 1874 2820 auro
1903 2768 1997 2821 de.

414 2868 597 2915 cerata
639 2867 769 2914 sunt
810 2877 824 2913 :
881 2858 1098 2913 laminis
1135 2856 1326 2913 ferreis
1369 2866 1423 2912 et
1462 2858 1672 2912 malleis
1706 2859 1995 2912 ﬁrmarunt

411 2965 499 3013 ea,
529 2959 583 3006 et
606 2966 713 3004 non
733 2949 1126 3005 movebuntur:
1160 2950 1213 3005 9.
1241 2953 1317 3019 (ιι)
1340 2960 1619 3020 argentum
1648 2951 1722 3022 (ο)
1754 2957 1991 3005 tractum

412 3047 564 3107 sunt,
586 3055 697 3094 non
737 3039 892 3093 ibunt
930 3054 942 3067 ·
984 3052 1048 3094 σι-
1082 3048 1364 3109 argentum
1396 3039 1705 3109 disruptum
1734 3056 1799 3095 ex
1822 3038 1993 3093 Thar-
2018 3068 2062 3123 η

410 3130 490 3186 sis
522 3145 535 3178 :
577 3130 756 3184 veniet
786 3145 979 3184 aurum
1015 3130 1093 3200 (p)
1127 3129 1353 3200 Mophaz
1386 3149 1400 3185 :
1428 3140 1482 3186 et
1509 3148 1704 3187 manus
1745 3132 1991 3187 conﬂan-

413 3222 547 3275 tium
580 3237 817 3276 aurum:
851 3236 1017 3292 opera
1074 3220 1343 3278 artificum
1408 3223 1593 3276 omnia
1633 3240 1646 3276 ;
1699 3224 1995 3295 hyacintho

405 3322 465 3368 et
492 3327 729 3382 purpura
762 3313 990 3367 induent
1018 3328 1080 3366 ea
1124 3313 1147 3381 ζ
1190 3328 1205 3365 :
1236 3314 1289 3368 5.
1317 3315 1582 3383 portando
1610 3314 1990 3383 portabuntur,

403 3405 537 3474 quia
568 3420 674 3458 non
711 3404 983 3460 ineedent.
1018 3403 1096 3460 Ne
1140 3405 1381 3461 timeatis
1420 3421 1506 3468 ea,
1541 3407 1668 3475 quia
1697 3422 1803 3461 non
1832 3407 1996 3462 male-

406 3498 630 3558 facient,
663 3505 719 3552 et
759 3497 961 3551 bonum
999 3512 1106 3551 non
1144 3506 1293 3553 sunt.
1334 3497 1388 3552 6.
1440 3502 1505 3566 >κ
1548 3496 1701 3553 Unde
1741 3497 1816 3568 (q)
1850 3500 1995 3554 sicut

409 3599 489 3651 tu,
523 3586 770 3651 Domine,
801 3603 1036 3655 magnus
1060 3606 1119 3644 rs
1146 3597 1224 3653 tu,
1249 3598 1302 3643 et
1326 3604 1581 3660 magnum
1609 3605 1804 3644 nomen
1837 3598 1989 3644 tuum

408 3676 464 3729 in
497 3676 757 3745 potentia.
793 3675 845 3729 7.
877 3676 1013 3742 Quis
1056 3693 1167 3731 non
1209 3679 1419 3732 timebit
1450 3688 1502 3732 te
1526 3717 1541 3743 ,
1593 3692 1685 3733 rex
1725 3679 1987 3748 gentium,

408 3766 536 3835 quia
571 3764 664 3818 tibi
701 3772 784 3818 est
810 3763 879 3835 (r)
908 3766 1242 3820 conveniens
1274 3768 1530 3832 adorare;
1566 3768 1691 3834 quia
1725 3768 1777 3821 in
1812 3770 1991 3823 omni-

409 3855 510 3909 bus
542 3855 878 3925 sapientibus
904 3855 1170 3925 gentium.
1210 3855 1281 3925 (ε)
1314 3865 1369 3911 et
1395 3857 1448 3909 in
1484 3857 1742 3911 omnibus
1772 3859 1990 3927 regibus

406 3959 596 3999 eorum
627 3945 771 3999 unde
796 3945 940 4000 sicut
962 3954 1038 4008 tu,
1073 3941 1301 3999 Domine
1321 3945 1344 3998 Ἰ
1364 3945 1421 3999 8.
1452 3945 1515 4016 (ι)
1545 3954 1598 4000 et
1627 3947 1679 3999 in
1714 3962 1822 4001 uno
1848 3956 1986 4002 tem-
2028 3957 2031 3959 ‘

409 4052 539 4106 pote
584 4037 963 4098 incendentur,
1004 4045 1059 4091 et
1106 4035 1549 4099 inlirmalmntur,
1595 4039 1672 4109 (tl)
1702 4053 1797 4093 cor
1827 4054 1990 4094 vano-

410 4144 525 4183 rum
556 4128 761 4200 lignum
789 4137 876 4184 est
921 4148 933 4183 :
965 4128 1017 4184 9.
1054 4138 1343 4197 argentum
1373 4131 1719 4199 productum,
1750 4131 1897 4202 quod
1921 4149 1984 4187 ex

407 4219 632 4277 Tharsis
661 4224 832 4283 venit,
861 4232 917 4277 et
941 4237 1137 4276 aurum
1174 4221 1251 4292 (τ)
1279 4236 1347 4276 ex
1378 4220 1586 4291 Uphaz.
1629 4239 1793 4292 opera
1826 4222 1986 4290 fabri,

403 4320 455 4367 et
492 4327 752 4366 manuum
794 4310 1085 4367 conflatilis
1130 4326 1351 4375 aurum,
1397 4311 1727 4382 hyacinthus
1766 4321 1822 4366 et
1856 4327 1987 4382 pur-

2103 1858 2157 1911 in
2193 1858 2403 1913 electis.
2447 1857 2535 1911 18.
2577 1856 2716 1924 Quia
2749 1858 2863 1912 haec
2891 1857 3024 1912 dicit
3058 1856 3329 1912 Dominus
3359 1876 3373 1912 :
3414 1856 3549 1911 Ecce
3578 1872 3670 1927 ego

2103 1946 2177 2016 (g)
2218 1947 2498 2017 projiciam
2531 1963 2625 2002 eos
2658 1948 2751 2017 qui
2789 1948 3037 2002 habitant
3074 1948 3129 2002 in
3179 1957 3326 2004 terra
3369 1949 3553 2004 hacin
3596 1947 3670 2003 af-

2100 2038 2359 2103 ﬂictione,
2394 2047 2448 2093 et
2477 2038 2709 2107 amigam
2758 2053 2873 2100 eos.
2917 2046 2977 2092 ut
3008 2039 3084 2109 (Ιι)
3120 2038 3458 2093 inveniatur.
3488 2038 3571 2093 l9.
3613 2041 3669 2111 (ί)

2100 2128 2194 2183 Va:
2240 2145 2403 2199 super
2457 2130 2723 2184 fraetione
2763 2137 2850 2224 tua
2891 2145 2905 2182 :
2946 2128 3135 2183 dolore
3175 2128 3374 2224 ψεαρ
3418 2138 3497 2185 rst
3528 2129 3670 2199 plaga

2100 2229 2212 2273 tua.
2250 2219 2424 2273 Etiam
2449 2235 2551 2289 ego
2575 2218 2711 2282 dixi,
2743 2216 2883 2272 Vere
2917 2218 3020 2272 hoe
3053 2216 3252 2272 vulnus
3286 2234 3494 2284 meum,
3525 2219 3593 2288 (k)
3622 2228 3669 2273 et

2098 2311 2457 2380 apprehendit
2488 2324 2593 2364 me.
2621 2308 2711 2363 20.
2750 2309 3185 2363 Tabernaculum
3217 2324 3406 2364 meum
3434 2310 3493 2379 (ι)
3519 2310 3669 2365 misc-

2098 2416 2221 2454 rum
2257 2399 2461 2461 factum
2504 2410 2609 2463 est,
2654 2414 2717 2456 σε·
2750 2400 2915 2469 periit
2949 2400 2972 2468 ζ
3003 2441 3019 2466 ,
3054 2409 3110 2455 et
3142 2401 3331 2455 omnia
3363 2402 3527 2455 aulam
3559 2416 3669 2456 mea

2096 2486 2327 2541 discissa
2359 2496 2507 2540 sunt.
2537 2486 2658 2541 Filii
2685 2488 2816 2554 mei,
2840 2495 2896 2541 et
2913 2502 3045 2543 oves
3073 2503 3206 2545 mea:
3233 2504 3349 2544 non
3378 2498 3505 2545 sunt
3535 2507 3549 2543 :
3581 2490 3681 2561 (ιιι)Δ

2096 2594 2205 2633 non
2236 2589 2320 2633 est
2364 2579 2516 2634 locus
2545 2580 2783 2649 amplius
2814 2581 3152 2636 tabernaculi
3205 2582 3316 2638 mei
3343 2623 3362 2648 ,
3394 2582 3543 2638 locus
3582 2598 3673 2636 au-

2097 2670 2318 2725 laeorum
2342 2686 2612 2727 meorum.
2642 2672 2733 2725 2|.
2765 2671 2904 2738 Quia
2936 2672 3298 2743 desipuerunt
3333 2684 3592 2745 pastores,
3622 2682 3667 2728 et

2096 2758 2387 2814 Dominum
2414 2775 2523 2814 non
2559 2761 2948 2826 quaesiverunt.
2984 2761 3214 2830 Propter
3240 2762 3351 2818 hoc
3387 2779 3494 2818 non
3527 2763 3669 2817 intel-

2096 2850 2227 2905 lexit
2273 2866 2436 2905 omne
2477 2865 2740 2920 pascuum
2786 2868 2800 2905 :
2844 2861 2899 2906 et
2942 2852 3181 2921 dispersi
3222 2861 3381 2909 sunt.
3422 2854 3512 2909 22.
3563 2852 3695 2932 Vox.

2093 2943 2337 2996 rumoris
2362 2958 2493 2998 ecce
2537 2944 2704 3010 venit,
2737 2953 2795 2999 et
2844 2945 3145 3000 commotio
3189 2961 3392 3016 magna
3427 2961 3493 3002 ex
3539 2955 3668 3001 terra

2095 3035 2390 3104 aquilonis,
2432 3035 2500 3089 ad
2531 3036 2840 3105 ponendum
2880 3038 3043 3092 urbes
3065 3034 3219 3091 Judae
3246 3039 3305 3092 in
3335 3039 3580 3102 exitium,
3607 3049 3665 3093 αι-

2095 3136 2150 3181 ct
2182 3126 2203 3194 ζ
2243 3127 2296 3179 in
2325 3126 2503 3181 cubile
2541 3126 2617 3198 (ιι)
2649 3128 3249 3183 struthiocamelornm.
3278 3128 3379 3185 23.
3410 3129 3553 3195 Scio,
3579 3127 3669 3183 Do-

2097 3216 2263 3279 mine,
2302 3216 2447 3290 qu_od
2489 3231 2595 3270 non
2634 3216 2871 3271 hominis
2919 3219 3003 3272 via
3055 3218 3196 3287 eius,
3248 3220 3330 3289 (ο)
3383 3234 3556 3290 neque
3596 3218 3669 3272 vir

2096 3306 2195 3360 ibit
2227 3306 2324 3376 (p),
2355 3317 2409 3361 et
2430 3307 2625 3377 diriget
2651 3310 2719 3374 >κ
2756 3307 2862 3362 iter
2891 3324 3051 3364 suum
3088 3308 3110 3376 ζ
3146 3346 3164 3362 .
3190 3308 3281 3365 24.
3316 3309 3537 3380 Castiga
3557 3324 3668 3372 nos,

2096 3394 2347 3458 Domine,
2384 3404 2756 3451 verumtamen
2798 3398 2853 3450 in
2889 3397 3124 3467 judicio,
3164 3407 3220 3452 et
3254 3414 3369 3454 non
3406 3398 3459 3453 ln
3499 3398 3669 3454 furore

2096 3495 2222 3553 tuo;
2255 3489 2382 3558 quia
2418 3504 2527 3543 non
2562 3504 2763 3557 paucos
2804 3487 2974 3545 facies
3021 3505 3122 3545 nos
3158 3507 3173 3543 :
3209 3489 3305 3545 25.
3351 3490 3564 3546 effunde
3592 3489 3669 3543 fu-

2093 3591 2272 3632 rerem
2322 3586 2472 3632 tuum
2517 3595 2682 3648 super
2721 3589 2909 3651 gentes
2951 3579 3071 3635 illas
3097 3622 3113 3646 ,
3156 3595 3281 3645 quae
3326 3598 3438 3637 non
3481 3597 3669 3650 cogno-

2093 3678 2253 3722 scunt
2277 3680 2346 3733 te,
2376 3679 2429 3724 et
2461 3685 2625 3739 super
2648 3673 2723 3741 (q)
2748 3671 3125 3741 generationes
3156 3671 3299 3735 illas,
3327 3687 3452 3742 quae
3482 3686 3667 3725 nomen

2094 3768 2245 3813 tuum
2290 3776 2396 3814 non
2433 3762 2799 3827 invocarunt;
2838 3764 2968 3832 quia
3007 3763 3371 3818 comederunt
3406 3762 3590 3827 Jacob,
3618 3772 3668 3815 et

2093 3865 2312 3918 pessum
2345 3851 2612 3905 dederunt
2638 3868 2784 3919 eum,
2811 3855 2881 3923 >κ
2909 3862 2963 3909 et
3002 3864 3433 3911 censumserunt
3462 3870 3582 3910 eum
3619 3852 3662 3921 ζ,

2091 3949 2144 3995 et
2169 3941 2238 4010 (r)
2264 3956 2463 4009 pascua
2494 3959 2685 3998 eorum
2728 3955 3032 4001 vastarunt.

2161 4032 2294 4100 Cap.
2333 4031 2552 4088 XL—l.
2593 4033 2853 4098 Vrrbum,
2891 4035 3035 4106 quod
3068 4035 3274 4091 factum
3307 4047 3395 4092 est
3432 4037 3497 4093 ad
3530 4034 3667 4091 Jere-

2092 4124 2318 4193 miam,a
2348 4123 2604 4189 Domino,
2636 4124 2820 4182 dicens
2864 4146 2877 4182 :
2918 4127 2973 4181 2.
3012 4128 3210 4181 Audite
3246 4128 3413 4182 verba
3457 4127 3667 4183 fmderis

2091 4214 2257 4283 hujus
2294 4233 2308 4269 :
2352 4226 2408 4272 et
2450 4218 2692 4287 loqueris
2734 4219 2801 4272 ad
2841 4219 2987 4274 viros
3030 4218 3202 4284 Judae,
3249 4228 3305 4274 et
3339 4222 3406 4274 ad
3452 4236 3545 4275 eos
3581 4218 3665 4290 qui

2091 4308 2341 4362 habitant
2370 4310 2422 4363 in
2455 4307 2781 4376 Jerusalem,
2816 4311 2868 4365 5.
2901 4320 2954 4365 et
2984 4311 3135 4367 dices
3160 4310 3226 4365 ad
3256 4327 3353 4365 eos
3398 4330 3412 4366 :
3442 4309 3565 4366 Hzec
3586 4311 3665 4363 di-

407 4418 540 4473 pura
573 4404 957 4459 vestimentum
982 4418 1197 4469 eorum,
1220 4416 1360 4472 opus
1383 4402 1714 4472 sapientium
1743 4403 1931 4458 omnia
1966 4420 1981 4458 :
2020 4396 2060 4450 D
2089 4399 2164 4453 cit
2198 4397 2465 4454 Dominus
2498 4401 2642 4457 Deus
2677 4401 2896 4457 Israelis
2947 4416 2964 4457 :
3001 4402 3323 4458 Maledictus
3360 4401 3542 4467 homo,
3578 4401 3664 4472 qui

406 4495 494 4550 10.
532 4493 799 4549 Dominus
832 4502 1015 4548 autem
1056 4493 1199 4549 Dens
1241 4509 1408 4548 verus
1445 4503 1550 4557 est,
1586 4494 1728 4550 Deus
1771 4495 1981 4561 vivens,

402 4596 457 4641 et
484 4600 579 4639 rex
608 4598 844 4640 mternus
871 4601 884 4637 :
919 4600 949 4638 a
984 4586 1169 4641 furore
1192 4585 1312 4654 ejus
1341 4586 1712 4640 contremiscit
1741 4596 1907 4651 terra,
1931 4597 1985 4642 et

403 4690 514 4733 non
551 4674 900 4729 sustinebunt
942 4684 1130 4744 gentes
1165 4675 1300 4729 iram
1346 4674 1466 4744 cjus
1505 4674 1553 4742 ζ.
1591 4675 1678 4729 tl.
1723 4676 1814 4732 Sic
1845 4677 1986 4731 diee-

2092 4505 2203 4543 non
2239 4491 2423 4546 audiet
2463 4493 2625 4547 verba
2668 4491 2890 4548 ftederis
2920 4493 3105 4562 hujus,
3147 4494 3201 4547 4.
3244 4493 3401 4561 Quod
3443 4493 3661 4565 prmeepi

2090 4584 2338 4653 patribus
2376 4586 2569 4640 vestris
2606 4586 2660 4640 in
2700 4587 2810 4652 die,
2840 4601 2948 4656 quo
2978 4586 3141 4641 eduxi
3172 4601 3266 4641 eos
3300 4604 3361 4642 ex
3399 4597 3541 4643 terra
3572 4584 3660 4640 £-

2090 4679 2261 4749 gypti,
2294 4694 2358 4733 ex
2391 4678 2613 4738 fornace
2658 4661 2788 4734 ferri
2823 4720 2839 4745 ,
2904 4679 3119 4736 dicente
3162 4696 3248 4735 me
3280 4697 3295 4737 :
3330 4681 3529 4735 Audite
3572 4696 3660 4734 vo-

473 4836 547 4912 (g)_
708 4832 763 4887 iu
802 4833 1250 4912 palatia_veStra._
1313 4833 1387 4904 (Ιι)
1439 4832 1674 4912 Beliqui,
1710 4847 1764 4912 et
1790 4838 2032 4912 cadent._
2090 4839 2152 4908 (ἰ)
2181 4837 2265 4902 8.,
2293 4854 2459 4910 super
2487 4854 2681 4912 ningues
2707 4856 2803 4912 per
2835 4855 3058 4912 manum
3097 4856 3194 4910 per
3234 4855 3460 4897 manum
3510 4840 3572 4912 (ι.
3599 4854 3654 4912 γε.

400 4904 685 4981 εἱρῖιιαιίιιι
725 4920 771 4957 s.
799 4904 1253 4981 paullalim),_qui
1279 4916 1419 4981 sunt
1453 4908 1504 4959 in
1535 4904 1853 4981 ιιιδιψιιιίο.Δ
1896 4907 1968 4979 (It)
1998 4904 2466 4981 A.,'pra:putia'ta3.
2544 4911 2608 4981 (ι)
2641 4904 2730 4973 Af,
2757 4910 3063 4980 przeputiati
3097 4904 3154 4964 in
3187 4913 3373 4966 corde.
3454 4904 3547 4980 (ιη’)
3575 4911 3658 4973 Α..

400 4975 763 5062 ciperem?“
781 4976 1230 5062 et'fefﬁbﬁiﬁ:
1264 4976 1348 5062 ιη)
1377 4975 1556 5062 Anz)“
1585 4977 1783 5062 ιξίιὶεοι·
1812 4975 1915 5062 sui
1940 4975 2264 5062 were-.1
2295 4981 2371 5062 (οι
2403 4982 2493 5062 ᾼοε
2519 4975 2931 5062 deusserit...
2954 4989 3142 5062 φρει
3172 4980 3485 5062 “Baream.-
3510 4975 3590 5042 εον
3611 4989 3662 5031 οι

401 5058 642 5104 extracta
672 5054 820 5105 sntit,
848 5053 908 5118 et
936 5059 1043 5098 non
1076 5044 1391 5118 loquentur.
1417 5044 1561 5118 _'l'li.,
1598 5047 1763 5100 inlisa
1790 5057 1940 5101 sunt.
2011 5044 2095 5118 (ρ)

402 5120 469 5189 (ε)
506 5118 573 5173 Et
618 5117 673 5171 in
706 5116 961 5189 euntibus
990 5115 1189 5189 regnis.

2175 5050 2355 5123 pbit‘i.
2415 5051 2493 5123 (q)?
2521 5051 2613 5117 A.,
2645 5051 2737 5116 qui
2769 5050 2985 5123 similis
3007 5050 3152 5123 tibi._
3201 5050 3289 5123 (πέλ
3311 5052 3406 5123 Α..
3443 5051 3655 5123 decens.

1294 5115 1357 5185 (t)
1392 5114 1484 5173 Α..
1522 5124 1578 5168 et
1607 5132 1716 5171 uno
1748 5126 1993 5190 tempore
2026 5114 2313 5174 {ient'sine
2347 5114 2722 5190 int'él'ligentia,
2753 5130 2808 5176 et
2832 5121 2953 5175 sine
2974 5114 3219 5188 ingenio.
3250 5114 3333 5187 8.,
3363 5121 3528 5175 simul
3561 5135 3655 5172 au-

401 5186 508 5244 tem
540 5188 689 5262 stulti
726 5186 1051 5262 videbuntur
1076 5195 1134 5239 et
1165 5186 1546 5262 desipientes._
1579 5188 1813 5262 _(u)__A.,
1846 5186 2107 5243 eruditio.
2148 5260 2153 5262 ἓ
2186 5191 2264 5260 (.r)
2296 5189 2374 5245 Ex
2408 5186 2597 5262 Uphir.
2676 5190 2752 5261 (υ)
2789 5191 2881 5262 A.,
2909 5186 3214 5262 stabiliens.
3246 5190 3330 5262 8.,
3354 5193 3450 5260 qui
3475 5191 3659 5262 conlit-

401 5269 531 5314 mat.

399 5395 521 5466 quae
554 5397 761 5451 habitat
800 5398 854 5449 in
899 5395 1258 5449 inunimento.
1302 5396 1387 5459 8.,
1423 5396 1474 5449 in
1515 5397 1732 5465 oppido.

611 5258 685 5327 (π)
720 5257 808 5321 Α.,
845 5254 899 5327 in
937 5268 1121 5327 vocem
1148 5256 1295 5327 dedit
1322 5256 1404 5311 eis
1435 5254 1839 5311 multitudinem
1882 5274 2059 5327 aquae.

398 5331 565 5412 virga_
588 5324 920 5412 Ita:_retlit_atis
954 5324 1115 5406 ejus:
1162 5324 1433 5412 [ﬁnitiuus
1459 5326 1819 5412 exercituum.
1845 5324 1994 5412 [Z‘KH

2097 5324 2253 5412 .
2330 5331 2421 5412 (ά).
2449 5331 2610 5412 Deus.

1840 5399 1914 5469 (g)
1945 5402 2037 5458 A..
2082 5399 2246 5453 funda
2289 5399 2591 5471 projiciam.

401 5470 463 5539 (Ι)
493 5468 879 5539 [indireptum
909 5477 1012 5530 est,
1040 5477 1094 5518 et
1120 5480 1313 5539 omnes
1345 5467 1529 5534 paxilli
1563 5468 1798 5536 dispersi
1828 5467 1978 5533 sunt,
2016 5470 2110 5524 filii
2141 5471 2246 5523 mei
2280 5467 2551 5539 exierunt,
2576 5481 2632 5525 et
2662 5467 2767 5523 non
2794 5480 2941 5523 sunt.

397 5536 637 5592 extendit
664 5537 898 5608 amplius
927 5538 1226 5608 tentorium
1261 5551 1470 5608 meum,
1504 5546 1560 5590 et
1588 5539 1748 5608 erigit
1785 5541 1955 5593 aulaea
1999 5555 2140 5594 mea.

2768 5331 2775 5338 ,
2811 5260 2886 5338 (ιζ)
2923 5258 3222 5338 Ηξξξτοιιίιιιε
3253 5258 3392 5330 ejus.
3470 5262 3540 5338 (ε)
3571 5259 3654 5338 ειη

2736 5331 2784 5399 e)
2824 5327 3046 5400 A.,_S.,
3080 5327 3367 5400 congrege.
3469 5327 3536 5397 (ι’)
3568 5327 3653 5387 Α.»

2693 5395 2773 5469 (Ιιὶ
2801 5401 2893 5465 Λ.⁹
2931 5395 3053 5464 ΤΙι.,
3105 5409 3159 5453 et
3186 5395 3485 5469 perferam
3517 5395 3653 5452 eain.

2242 5491 2246 5523 l
2280 5473 2551 5538 exierunt,
2576 5481 2632 5550 et
2662 5486 2767 5523 non
2794 5480 2941 5523 sunt.
3027 5471 3122 5539 (ιιι)
3157 5475 3223 5523 Α.
3254 5508 3271 5531 ,
3301 5486 3405 5523 non
3429 5478 3533 5529 est,
3565 5481 3652 5588 ign

2242 5541 2318 5610 (ιι)
2347 5540 2436 5610 Α..
2469 5538 2552 5605 S.,
2589 5554 2856 5610 sirenum.
2898 5539 3018 5605 ΤΙι.⁹
3051 5544 3373 5595 draconum.
3463 5539 3536 5606 (0)
3615 5574 3649 5600 .,

2138 5260 2213 5329 (ιι)
2246 5263 2336 5323 Α..
2372 5260 2735 5316 derisionuni.

398 5620 573 5675 neque
615 5606 713 5657 viri
758 5606 1056 5665 ambulare,
1085 5613 1141 5659 et
1171 5605 1368 5676 dirigat
1395 5622 1617 5677 gressus
1659 5605 1809 5664 suos.
1887 5609 1962 5677 (ρ)
1998 5608 2183 5666 Recte.
2252 5605 2335 5682 ’(ᾁ)
2367 5609 2633 5679 Regnum.
2704 5607 2772 5680 (r)
2807 5610 2897 5674 A.,
2923 5610 3095 5666 decus
3118 5610 3238 5680 ejus
3269 5611 3646 5682 depravarunt.

465 5701 529 5770 Γ)
562 5693 706 5767 [lluc
733 5695 989 5749 translata
1020 5706 1147 5752 sunt
1176 5698 1283 5753 ista
1315 5714 1343 5752 a
1377 5714 1536 5755 versu
1563 5699 1598 5754 9
1632 5716 1747 5773 seq.
1786 5702 2021 5776 Dnacu.]
