4042 6194
431 283 538 339 23'.’
552 283 573 336 i

1702 297 1823 355 JER
1837 301 2023 358 ΕΜΙᾹΞ
2064 302 2295 361 CAPUT
2336 306 2448 363 XII.

3546 321 3690 380 2722

428 416 549 457 cem
584 418 781 467 meum,
813 413 867 459 et
903 406 1062 461 facite
1089 408 1387 464 secundum
1415 411 1622 478 omnia,
1652 430 1774 485 quae
1805 432 2007 487 przece-
2034 427 2075 483 Α
2107 434 2204 491 per
2237 431 2290 477 te
2338 423 2499 490 mala,
2531 434 2631 495 pro
2662 426 2868 483 malitia
2902 429 3098 488 domus
3139 431 3373 501 lsraeiis,
3406 442 3462 490 et
3492 436 3690 493 domus

431 511 558 567 pero
587 497 765 558 vobis,
802 506 858 551 et
885 498 1039 551 eritis
1086 498 1221 553 milii
1260 499 1314 554 in
1359 504 1639 571 populum,
1685 514 1740 560 et
1776 522 1876 578 ego
1913 524 2008 565 ero

431 588 583 641 vobis
616 588 669 640 in
698 586 865 641 Deum
908 600 923 641 ε
956 589 1011 643 ὅ.
1042 600 1101 643 ut
1131 600 1368 646 statuant
1393 592 1765 662 juramentum
1799 614 2004 667 meum,

424 677 568 744 quod
596 676 776 744 juravi
810 678 1056 746 patribus
1086 682 1306 743 vestris,
1334 683 1401 736 ad
1427 685 1666 738 dandum
1693 688 1774 743 eis
1806 701 2004 745 terrain

426 777 737 821 manantem
769 766 908 821 lacte
933 776 989 820 et
1019 769 1196 833 melle,
1222 771 1363 825 sicut
1395 772 1513 826 dies
1542 773 1649 826 hic.
1683 773 1750 828 Et
1778 792 2005 846 respon-

423 857 500 918 di,
540 865 595 911 et
620 856 734 911 dixi
775 872 790 908 :
834 857 902 925 (s)
943 854 1088 922 Fiat,
1119 858 1367 915 Domine.
1398 860 1452 914 6.
1481 863 1544 916 Iit
1574 864 1711 917 dixit
1746 865 2004 923 llominus
2032 893 2036 896 ·

422 948 488 1001 ad
529 963 616 1002 ine
658 962 672 1003 :
701 949 766 1018 (t)
799 949 938 1018 Lege
968 953 1035 1018 Χ
1062 950 1247 1004 omnia
1278 949 1303 1018 ζ
1342 952 1505 1007 verba
1540 953 1656 1008 inec
1694 955 1746 1008 iii
1777 957 2004 1012 urbibus

423 1037 594 1102 indie,
622 1049 679 1094 et
707 1041 786 1109 (ιι)
812 1039 949 1095 foris
976 1040 1303 1107 Jerusalem,
1332 1044 1525 1100 dicens
1562 1066 1574 1100 :
1610 1047 1811 1103 Audite
1836 1053 2031 1106 verba‘

424 1129 500 1199 (at)
539 1129 762 1185 hederis
788 1131 977 1201 hujus,
1017 1135 1085 1201 Χ
1114 1141 1169 1187 et
1217 1132 1380 1189 facite
1403 1151 1468 1191 ea
1503 1138 1550 1205 ζ.
1591 1138 1644 1191 7.
1692 1138 1834 1206 Quia
1865 1156 2002 1196 con-

421 1220 674 1274 testando
716 1222 784 1289 )i(
828 1231 1169 1278 contestatus
1215 1235 1338 1279 sum
1391 1226 1639 1294 patribus
1696 1231 1891 1287 vestris
1945 1233 1999 1287 iii

419 1311 525 1377 die,
572 1328 682 1383 quo
731 1313 892 1368 eduxi
925 1328 1020 1370 eos
1055 1331 1119 1371 ex
1166 1327 1311 1371 terra
1360 1317 1600 1389 Egypti,
1641 1330 1694 1376 et
1728 1338 1904 1393 usque
1930 1325 1999 1380 ad

418 1404 560 1457 diem
603 1404 771 1467 hunc,
814 1407 1151 1476 praeveniens
1183 1417 1238 1462 et
1280 1420 1616 1476 centestans,
1660 1422 1715 1468 et
1761 1414 1994 1472 dicens:

418 1496 612 1551 Audite
642 1508 830 1552 vocem
866 1512 1067 1555 meam.
1102 1501 1154 1555 8.
1205 1500 1271 1556 Et
1308 1518 1415 1557 non
1449 1505 1794 1569 audiverunt,
1831 1506 1907 1578 (ῃ)
1945 1520 2000 1565 et

416 1586 751 1641 deﬂexerunt
797 1603 984 1643 aurem
1022 1604 1201 1656 suam,
1231 1601 1285 1646 et
1314 1591 1569 1647 abierunt
1598 1594 1681 1647 vir
1712 1595 1783 1666 (ι)
1826 1596 1877 1650 in
1912 1607 1998 1651 re-

417 1679 679 1734 ctitudine
701 1680 885 1735 cordis
919 1680 1005 1735 sui
1031 1682 1157 1735 mali
1192 1697 1207 1735 :
1239 1693 1295 1737 et
1327 1684 1524 1738 adduxi
1560 1702 1724 1755 super
1752 1702 1849 1742 eos
1877 1705 1996 1743 om.

2108 512 2281 578 Juilie,
2319 516 2417 585 (m)
2447 517 2576 585 quia
2608 514 2858 573 iecerunt
2890 521 2966 575 illi
2994 523 3096 577 sibi
3129 525 3194 579 ad
3224 525 3550 583 irritandum
3578 544 3685 593 me,

2108 604 2387 660 adolentes
2438 605 2607 661 Bauli.
2651 610 2739 663 l8.
2777 608 3026 676 Domine,
3062 624 3249 671 notum
3297 618 3384 673 i'ac
3440 620 3594 685 milii,
3634 629 3688 675 et

2108 696 2299 751 sciam.
2331 696 2485 753 Tune
2513 698 2618 752 vidi
2652 701 2831 755 studia
2875 716 3090 759 eorum.
3140 707 3226 762 l9.
3277 707 3390 780 Ego
3418 713 3573 778 quasi
3605 711 3686 781 (η)

2107 799 2280 855 agnus
2320 787 2601 851 innocens.
2637 791 2837 848 ductus
2877 793 2943 847 ad
2991 795 3408 866 immolandum,
3448 816 3554 856 non
3595 818 3689 856 co-

2106 878 2436 945 gnoscebam
2471 896 2484 932 :
2518 882 2585 949 )i(
2613 883 2738 951 quia
2772 884 2794 953 ζ
2828 898 2992 955 super
3024 902 3109 941 me
3144 891 3454 960 coxitarunt
3482 895 3688 965 engita-

2108 964 2335 1029 tionem,
2370 968 2614 1024 dicentes
2645 988 2659 1024 :
2711 971 2931 1040 Venite,
2968 986 3020 1030 et
3051 978 3125 1048 (ο)
3161 978 3441 1036 mittamus
3479 984 3685 1054 lignum

2106 1057 2160 1109 in
2188 1071 2382 1126 panem
2405 1058 2548 1128 ejus,
2575 1069 2629 1115 et
2651 1064 2943 1131 perdamus
2967 1081 3091 1121 eum
3113 1081 3177 1123 ex
3197 1077 3339 1124 terra
3363 1073 3684 1136 viventium,

2103 1156 2158 1201 et
2206 1163 2401 1205 nomen
2434 1151 2554 1220 ejus
2585 1166 2690 1208 non
2726 1157 3118 1212 memorabitur
3155 1162 3410 1230 amplius.
3453 1164 3543 1219 20.
3589 1167 3689 1219 Do-

2107 1237 2251 1293 mine
2284 1238 2567 1304 virtutuni,
2595 1234 2853 1312 judicans
2878 1245 3041 1313 iusta,
3076 1249 3151 1319 (p)
3181 1251 3417 1323 probans
3448 1268 3606 1310 renes
3631 1263 3687 1309 et

2101 1330 2288 1396 corda,
2322 1332 2535 1388 videam
2563 1334 2827 1391 ultionem
2857 1350 2980 1407 qua:
3005 1354 3034 1394 a
3077 1352 3130 1397 ie
3159 1328 3343 1408 in‘eis,
3380 1347 3505 1416 quia
3535 1349 3601 1402 ad
3634 1357 3686 1403 te

2103 1422 2333 1477 revelavi
2368 1423 2443 1494 (ᾳ)
2482 1424 2577 1494 jus
2608 1441 2811 1481 meum.
2857 1428 2946 1483 2i.
2993 1429 3220 1502 Propter
3259 1433 3362 1491 hoc
3410 1437 3524 1492 iure
3554 1438 3685 1493 dicit

2102 1510 2368 1570 Dominus
2413 1530 2581 1586 super
2628 1520 2775 1575 viros
2803 1512 3102 1587 A'natlioib,
3149 1523 3244 1594 qui
3279 1536 3530 1596 quaerunt
3562 1531 3683 1583 ani-

2100 1617 2243 1655 mam
2276 1615 2423 1658 tuam
2444 1642 2461 1668 ,
2503 1606 2747 1663 dicentes
2779 1625 2792 1660 :
2841 1608 2960 1664 Non
3002 1604 3350 1682 proplietaliis
3383 1630 3549 1686 super
3582 1632 3685 1672 no-

2102 1692 2246 1746 mine
2273 1692 2513 1757 Domini,
2544 1707 2601 1750 et
2642 1698 2689 1752 si
2717 1714 2849 1753 vero
2890 1715 3022 1767 non,
3059 1703 3309 1759 morieris
3349 1705 3402 1758 in
3435 1708 3689 1763 inanibus

417 1786 511 1824 nes
547 1785 832 1826 sermones
868 1770 1092 1829 l‘tederis
1124 1774 1311 1844 hujus,
1340 1777 1487 1845 quod
1534 1779 1789 1846 praecepi,
1835 1788 1889 1833 ut
1916 1779 1989 1834 l'a-
2032 1768 2071 1822 Β
2104 1783 2325 1838 nostris.
2361 1784 2451 1839 2‘2.
2487 1789 2554 1855 >κ
2596 1786 2824 1858 Propter
2865 1791 2969 1846 hoc
3023 1795 3043 1862 ζ
3093 1795 3209 1850 haec
3265 1808 3325 1852 αι-
3391 1796 3525 1852 dii-it
3581 1794 3685 1854 Do-

414 1871 618 1925 cerent,
668 1872 722 1917 et
749 1878 854 1917 non
890 1864 1137 1920 iecerunt
1167 1866 1215 1933 ζ.
1248 1867 1302 1922 9.
1338 1866 1406 1922 Et
1445 1868 1584 1923 dixit
1625 1868 1888 1925 Dominus
1931 1873 1998 1926 ad

416 1966 502 2005 iiie
532 1969 545 2005 :
585 1950 809 2007 Inventa
846 1964 931 2008 est
957 1956 1036 2019 (ιι)
1082 1955 1362 2025 colligatio
1398 1957 1454 2012 in
1484 1958 1620 2011 viris
1649 1956 1824 2027 Judte,
1858 1970 1913 2015 et
1944 1962 2000 2016 iii

414 2040 483 2098 iis
511 2044 604 2113 qui
634 2044 884 2101 habitant
909 2048 962 2100 iu
989 2045 1291 2103 Jerusalmu
1321 2068 1334 2102 :
1390 2051 1472 2106 ιυ.
1515 2051 1719 2106 reversi
1754 2063 1883 2107 sunt
1903 2069 2001 2108 su-

415 2152 511 2207 per
551 2138 872 2208 iniquitates
915 2150 1130 2209 patrum
1176 2152 1402 2196 suorum
1441 2142 1708 2211 priorum,
1748 2145 1840 2214 qui
1891 2160 1999 2199 non

414 2229 703 2283 voluerunt
734 2231 924 2286 audire
953 2232 1115 2287 verba
1151 2247 1271 2287 mea
1303 2243 1395 2288 :et
1419 2248 1545 2289 ecce
1573 2236 1671 2304 ipsi
1697 2237 1771 2306 (Ii)
1795 2237 1999 2313 abeunt

412 2330 535 2387 post
580 2320 715 2376 deos
748 2323 976 2387 alienos,
1025 2324 1094 2378 ad
1143 2323 1432 2379 colendum
1481 2324 1765 2382 servitium
1794 2328 1895 2384 eis.
1930 2331 1998 2384 Et

415 2411 624 2465 irritum
674 2410 924 2467 fecerunt
966 2414 1164 2470 domus
1211 2413 1450 2480 lsraelis,
1500 2426 1555 2472 et
1598 2418 1796 2475 domus
1839 2419 1995 2475 Juda:

415 2500 590 2558 [indue
629 2517 836 2570 meum,
870 2504 940 2571 (c)
986 2506 1131 2573 quod
1166 2507 1424 2562 constitui
1465 2509 1530 2563 ad
1561 2520 1741 2579 patres
1776 2527 1989 2567 eorum.

415 2592 497 2646 il.
537 2591 769 2662 Propter
806 2594 911 2649 hoc
941 2595 1057 2651 haec
1084 2597 1215 2652 dicit
1248 2597 1515 2656 Dominus
1548 2619 1561 2653 :
1601 2600 1739 2658 Ecce
1764 2616 1868 2672 ego
1906 2606 1990 2659 iii-

406 2679 549 2739 duro
580 2696 749 2754 super
773 2699 870 2740 eos
902 2686 1065 2751 mala,
1096 2703 1160 2741 ex
1187 2690 1391 2759 quibus
1421 2707 1527 2746 non
1558 2699 1816 2761 poterunt
1845 2696 1995 2752 exire

407 2791 471 2829 es
499 2776 581 2831 eis
609 2792 623 2829 :
659 2776 739 2847 (Α)
785 2786 842 2832 et
871 2777 1188 2833 clamabunt
1228 2779 1300 2834 ad
1330 2797 1437 2844 me,
1473 2789 1524 2836 et
1556 2798 1664 2838 non
1697 2787 1991 2840 exaudiam

406 2882 523 2933 eos,
560 2869 647 2922 Β.
678 2880 734 2924 et
761 2870 921 2924 ibunt
954 2872 1117 2925 urbes
1145 2870 1319 2937 Iudae,
1350 2881 1404 2928 et
1435 2874 1471 2928 ii
1499 2875 1593 2944 qui
1643 2877 1893 2932 habitant
1938 2879 1992 2932 in

418 2958 743 3023 Jerusalem.
779 2971 833 3017 et
867 2963 1185 3018 clamabunt
1212 2964 1277 3019 ad
1318 2966 1472 3031 deos,
1508 2970 1710 3037 quibus
1735 2970 1837 3039 ipsi
1861 2971 1997 3025 adeo

407 3056 517 3107 leni
548 3053 650 3115 eis,
702 3055 770 3121 »ζ
817 3065 871 3108 et
918 3055 1179 3110 salvando
1224 3057 1245 3125 ζ
1300 3068 1404 3111 non
1449 3059 1740 3113 salvabunt
1788 3076 1885 3115 eos
1935 3062 1987 3115 in

403 3154 649 3214 tempore
674 3147 941 3201 malorum
968 3161 1178 3203 eorum.
1215 3148 1301 3203 15.
1343 3148 1482 3216 Quia
1507 3149 1664 3220 juxta
1693 3167 1983 3208 numerum

408 3236 623 3291 urbium
652 3245 871 3293 tuarum
896 3250 1050 3295 erant
1086 3241 1162 3295 dii
1197 3243 1298 3306 tui,
1324 3242 1489 3305 Juila,
1522 3256 1575 3297 et
1601 3244 1758 3313 juxta
1792 3259 1986 3299 nume—

410 3343 526 3383 rum
558 3329 626 3400 (e)
669 3330 915 3385 exitiium
940 3330 1244 3387 Jerusalem
1286 3334 1551 3403 posuistis
1579 3334 1646 3405 (f)
1675 3335 1889 3389 excelsa
1918 3336 1986 3403 λ(

407 3420 599 3487 pudori
631 3422 821 3475 altaria
862 3423 883 3490 ζ
918 3422 984 3476 ad
1017 3423 1343 3478 adoleiidiim
1382 3425 1553 3479 Baali.
1590 3426 1676 3479 Η.
1728 3425 1792 3481 Et
1831 3435 1888 3480 tu
1919 3441 1989 3480 ne

406 3526 531 3566 ores
562 3526 659 3581 pro
685 3513 885 3583 pepiilo
920 3514 1042 3578 lioc,
1074 3530 1248 3585 neque
1274 3516 1349 3586 (g)
1389 3516 1664 3585 supplices
1690 3532 1789 3587 pro
1815 3517 1899 3572 eis
1931 3517 1987 3571 in

407 3603 663 3672 petitione
693 3616 748 3659 et
781 3606 1055 3669 oratione,
1099 3607 1230 3676 quia
1268 3622 1377 3661 non
1420 3607 1707 3662 exaudiunt
1752 3607 1808 3660 in
1849 3616 1987 3679 teni-

408 3708 560 3762 pore,
591 3708 700 3763 quo
726 3694 984 3749 invocant
1016 3711 1121 3758 me.
1151 3696 1204 3749 in
1230 3708 1472 3766 tempore
1501 3695 1825 3751 humilitatis
1848 3712 1983 3752 sua).

410 3784 495 3839 l5.
538 3784 617 3855 (Ii)
647 3784 828 3851 Quare
868 3778 1061 3841 dilecta
1104 3788 1159 3841 in
1187 3787 1352 3842 domo
1384 3786 1674 3842 inea/iecit
1702 3789 1988 3843 abomina-

406 3878 610 3932 tionein
633 3878 657 3931 ἵ
684 3875 824 3932 Num
852 3888 975 3936 vota
1008 3888 1060 3933 et
1086 3894 1216 3934 caro
1242 3888 1426 3934 sancta
1459 3880 1707 3935 auferent
1739 3897 1770 3935 a
1800 3889 1852 3935 te
1875 3896 1988 3935 ma—

414 3970 559 4025 litias
588 3979 732 4036 tuas,
761 3981 854 4026 aut
902 3986 999 4042 per
1036 3971 1151 4027 litec
1198 3971 1574 4042 eliugiesi-lii.
1605 3973 1791 4026 Oleum
1823 3974 1990 4028 deco-

416 4078 556 4125 rain,
585 4062 724 4117 bene
753 4064 1066 4119 umbrosam
1099 4073 1320 4132 aspectu
1356 4064 1569 4118 vocavit
1598 4062 1860 4118 Dominus
1887 4079 1986 4117 no-

412 4167 538 4207 men
592 4161 769 4216 tuum,
818 4154 884 4224 (ἱ)
918 4154 971 4207 in
1006 4164 1198 4209 vocem
1259 4152 1649 4223 aniputatioiiis
1703 4154 1823 4221 ejus
1860 4172 1874 4207 :
1914 4152 1985 4221 (li)

406 4258 600 4314 magna
625 4245 846 4301 adiit-tio
873 4258 1033 4314 super
1057 4255 1108 4300 te
1137 4263 1151 4299 :
1181 4245 1242 4316 (Ι)
1273 4246 1461 4300 Iuniam
1485 4258 1667 4299 ramos
1694 4244 1817 4313 ejus
1844 4260 1858 4296 :
1900 4245 1984 4299 l7.

404 4344 460 4392 et
495 4335 755 4393 Dominus
782 4347 993 4407 potens,
1025 4338 1117 4409 qui
1145 4338 1408 4407 plantavit
1434 4342 1509 4403 te,
1540 4337 1756 4391 locutus
1777 4348 1865 4391 est
1896 4351 1989 4393 su-

481 4690 549 4759 (s)
582 4689 740 4752 lleli.,
774 4704 959 4745 amen.
990 4687 1080 4754 Α.,
1117 4704 1263 4745 vere.

411 4770 466 4815 et
498 4775 606 4814 non
656 4760 1009 4815 inclinarunt.

411 4830 665 4885 invicem.
743 4830 817 4897 (ὁ)
868 4830 1240 4884 Ambulantes.

411 4900 481 4971 (f)
522 4898 724 4971 A.,SA.,
743 4899 958 4971 aliaiia.

1340 4690 1405 4759 (ι)
1436 4691 1524 4754 8.,
1567 4692 1818 4760 ρι’ίιξιιὶω.

1318 4830 1390 4899 (c)
1428 4832 1522 4893 Α.,
1563 4835 1707 4901 ιιυοεΙ
1756 4835 1955 4888 evcidi.

1897 4694 1975 4764 (si)
2008 4696 2097 4759 Α.,
2133 4693 2254 4760 ΤΙι..
2285 4696 2338 4751 iii
2371 4697 2629 4753 exitibus.

1094 4761 1167 4828 (ι)
1199 4760 1288 4824 Α.,
1326 4760 1379 4834 iii
1421 4764 1792 4834 perversitate.
1828 4760 1914 4827 8.,
1957 4760 2021 4819 iii
2066 4766 2422 4834 beneplueito.

2066 4836 2145 4900 (ιι)
2192 4836 2281 4898 Α..
2312 4837 2396 4898 8.,
2444 4849 2498 4894 et
2540 4836 3001 4894 vociferabantur.

1036 4900 1122 4980 (g)_
1145 4900 1229 4966 8.,
1256 4901 1398 4980 leves
1430 4910 1484 4954 tu
1524 4900 1620 4970 pro
1644 4906 1723 4957 eis
1757 4904 2147 4971 precationem,
2175 4921 2353 4980 neque
2379 4924 2522 4963 ores.
2602 4910 2678 4977 (Ii)
2710 4911 2802 4972 A.,
2835 4927 3007 4980 quare
3036 4900 3233 4967 dilecto
3274 4900 3392 4968 meo
3428 4914 3480 4966 in
3511 4914 3675 4969 duino

2107 1872 2288 1928 minus
2314 1875 2386 1943 (r)
2412 1876 2672 1931 virtutum
2697 1881 2718 1948 ζ
2752 1895 2766 1932 :
2798 1880 2936 1936 Ecce
2963 1899 3063 1952 ego
3093 1886 3324 1943 visitabo
3350 1903 3516 1958 super
3536 1905 3634 1945 eos
3663 1907 3679 1943 :

2101 1961 2331 2029 juvenes
2368 1980 2558 2021 eorum
2597 1974 2897 2026 morientur
2927 1973 2979 2028 in
3011 1975 3210 2045 gladio,
3242 1987 3297 2033 et
3324 1979 3418 2034 lilii
3462 1995 3680 2047 eorum,

2103 2063 2157 2108 et
2186 2056 2308 2110 tiliae
2338 2070 2528 2111 eorum
2574 2073 2967 2119 consumentur
2999 2067 3054 2120 in
3084 2066 3226 2124 fame
3269 2089 3291 2123 τ
3331 2071 3421 2125 25.
3452 2080 3509 2127 et
3548 2075 3683 2129 resi-

2102 2143 2271 2199 duum
2305 2161 2411 2201 non
2449 2150 2557 2204 erit
2595 2166 2823 2220 eorum;
2866 2157 2993 2224 quia
3025 2157 3291 2215 adducam
3334 2161 3472 2216 mala
3516 2179 3685 2234 super

2100 2250 2197 2290 eos
2242 2237 2336 2305 qui
2379 2238 2625 2294 habitant
2664 2242 2718 2296 in
2760 2245 3037 2301 Aiiatboth
3081 2248 3135 2303 in
3175 2262 3321 2306 anno
3350 2252 3676 2311 visitationis

2098 2338 2313 2381 eorum.
3021 2396 3042 2413 .

2167 2418 2299 2487 Cap.
2328 2418 2441 2473 Xll.
2474 2446 2515 2459 —-
2542 2422 2592 2475 l.
2629 2422 2696 2493 (s)
2725 2422 2916 2480 Justus
2940 2440 3026 2488 es,
3048 2426 3310 2499 Domine;
3338 2434 3464 2503 quia
3493 2434 3678 2504 proie-

2099 2525 2215 2563 raiii
2247 2510 2495 2580 spiritum
2525 2513 2583 2585 (i.
2614 2528 2665 2570 e.
2697 2516 3031 2587 contendam)
3070 2520 3135 2575 ad
3168 2530 3221 2576 te
3254 2542 3267 2578 :
3303 2534 3675 2582 verumtamen

2094 2598 2300 2668 judicia
2327 2602 2522 2672 loquar
2550 2604 2617 2658 ad
2647 2614 2718 2659 te.
2755 2605 2937 2672 Quare
2965 2609 3050 2663 via
3081 2609 3373 2680 impiorum
3389 2629 3681 2685 prospera-

2100 2692 2231 2745 tur?
2255 2693 2621 2750 ebulliverunt
2647 2712 2862 2762 omnes,
2890 2702 2983 2771 qui
3015 2704 3444 2771 praevaricantur
3471 2723 3680 2777 praeva-

2098 2782 2436 2839 ricationes?
2474 2785 2529 2838 2.
2563 2785 2824 2843 l’lantasti
2849 2804 2966 2857 eos,
3012 2803 3068 2846 et
3105 2794 3423 2851 conﬁrmata
3469 2809 3558 2853 est
3592 2815 3682 2854 ra-

2098 2875 2187 2929 dix
2219 2890 2408 2930 eorum
2443 2893 2458 2929 :
2496 2877 2561 2947 (ι)
2601 2889 2907 2949 genuerunt
2947 2881 3108 2946 iilios,
3146 2893 3201 2939 et
3241 2885 3484 2942 fecerunt
3532 2888 3677 2946 fruc-

2100 2975 2235 3020 tum.
2271 2966 2616 3037 Propinquus
2647 2978 2704 3025 tu
2733 2972 2813 3047 ori
2835 2987 3053 3037 eorum,
3085 2988 3327 3033 remotus
3353 2988 3408 3035 tu
3442 2990 3618 3037 autem
3643 2997 3677 3039 a

2099 3056 2321 3112 renibus
2349 3072 2558 3113 euiuui.
2584 3059 2637 3114 '5.
2668 3059 2732 3114 Et
2758 3070 2835 3123 tu,
2866 3061 3114 3131 Domine,
3140 3064 3219 3135 (ii)
3251 3069 3674 3139 cogiioscisme,

2092 3147 2290 3202 novisti
2321 3162 2428 3213 me,
2466 3150 2533 3217 >κ
2563 3158 2618 3203 et
2656 3149 2679 3217 ζ
2719 3152 2956 3220 probasti
2995 3169 3090 3210 cor
3136 3171 3318 3212 meum
3355 3172 3540 3216 coram
3574 3171 3624 3217 te
3658 3182 3673 3217 :

2088 3240 2157 3307 )i(
2189 3255 2456 3310 congrega
2498 3256 2593 3297 eos
2635 3250 2694 3295 ut
2729 3257 2861 3299 oves
2896 3246 2964 3300 ad
3007 3251 3415 3320 mactationem,
3444 3263 3499 3309 et
3534 3254 3558 3323 ζ
3596 3257 3678 3324 (εις)

2088 3332 2315 3402 purilica
2347 3346 2442 3385 eos
2484 3332 2538 3385 in
2573 3333 2716 3387 diem
2750 3337 3097 3392 inactaiionis
3137 3354 3351 3398 eorum.
3394 3343 3446 3398 4.
3492 3342 3678 3415 Usque

2088 3436 2199 3489 quo
2236 3420 2442 3490 lugebit
2487 3431 2651 3483 terra.
2689 3432 2744 3477 et
2773 3424 2939 3479 lierba
2964 3428 3147 3485 omnis
3177 3430 3289 3495 agri
3322 3432 3615 3488 siceabitur
3644 3450 3674 3488 a

2089 3512 2294 3566 malitia
2321 3527 2508 3567 eorum
2539 3514 2632 3585 qui
2665 3514 2913 3570 habitant
2939 3516 2992 3570 in
3026 3533 3089 3573 ea
3114 3519 3422 3591 ?Currnpta
3451 3526 3670 3596 suntju-

2090 3613 2295 3669 nieuta,
2350 3615 2404 3659 ct
2439 3605 2682 3660 volatilia
2714 3645 2730 3672 ,
2783 3608 2913 3676 quia
2960 3610 3218 3666 dixerunt
3255 3628 3269 3666 :
3308 3612 3424 3668 Non
3474 3616 3677 3671 videbit

2088 3692 2233 3749 Deus
2267 3696 2343 3766 (y)
2376 3695 2491 3751 vias
2522 3704 2759 3752 nostras.
2805 3696 2860 3752 5.
2895 3700 2973 3770 (ι)
3017 3700 3190 3759 Pedes
3222 3703 3302 3759 tui
3334 3715 3585 3768 currunt,
3622 3715 3675 3761 et

2092 3787 2386 3842 remissum
2434 3789 2670 3844 reddunt
2710 3799 2764 3845 te
2796 3806 2811 3843 :
2847 3793 3125 3862 quomodo
3155 3798 3550 3868 praeparaberis
3586 3814 3678 3853 su-

2093 3894 2192 3948 per
2224 3880 2407 3957 equis,
2436 3890 2490 3935 et
2522 3883 2576 3935 in
2609 3892 2751 3939 terra
2785 3887 2934 3955 pacis
2963 3887 3245 3945 conlidens
3279 3892 3375 3944 tu?
3403 3894 3677 3961 quomodo

2093 3971 2262 4027 facies
2290 3974 2368 4042 (ιι)
2402 3974 2456 4027 in
2486 3977 2743 4044 superbia
2774 3977 3074 4034 Jordanis?
3116 3981 3169 4035 6.
3202 3982 3340 4048 Quia
3369 3986 3532 4038 etiam
3565 3985 3674 4038 fra-

2091 4072 2201 4117 tres
2226 4063 2327 4124 tui,
2354 4070 2410 4116 et
2435 4063 2631 4118 domus
2664 4068 2835 4135 patris
2868 4070 2965 4133 tui,
2996 4067 3160 4124 etiam
3192 4072 3294 4139 ipsi
3324 4073 3527 4141 perﬁde
3550 4090 3673 4145 ege-

2088 4161 2218 4206 runt
2250 4160 2455 4216 tecum,
2483 4165 2538 4208 et
2568 4154 2668 4225 ipsi
2694 4157 2999 4213 clamarunt
3026 4178 3039 4214 :
3082 4174 3115 4213 a
3147 4170 3297 4231 tergo
3324 4176 3419 4217 tuo
3446 4178 3676 4233 congre-

2090 4243 2198 4312 gati
2225 4251 2354 4297 sunt
2386 4256 2459 4287 ω
2485 4259 2648 4314 super
2673 4254 2726 4301 te
2759 4246 2810 4314 ζ.
2842 4262 2911 4301 ne
2938 4250 3127 4306 credas
3147 4252 3262 4318 eis;
3290 4253 3420 4323 quia
3447 4255 3676 4324 loquen-

2092 4343 2178 4390 tni-
2210 4335 2281 4392 ad
2330 4344 2384 4392 te
2413 4336 2593 4406 .bona.
2641 4337 2694 4393 7.
2739 4338 2954 4410 Reliqui
2990 4340 3214 4398 domum
3251 4360 3449 4409 meum,
3491 4345 3672 4401 dimisi

2709 4697 2788 4769 (π)
2812 4697 2901 4764 Α.,
2936 4697 3019 4774 8.,
3047 4699 3186 4774 pacti
3212 4698 3395 4774 hujus.
3472 4703 3549 4774 (μ)
3581 4704 3674 4767 Α..

2533 4770 2610 4839 (a)
2645 4770 2749 4843 Α.,
2783 4771 3190 4843 prteVaii-icatio.
3230 4772 3327 4843 _S.,
3365 4770 3677 4843 jurainenta

3100 4843 3169 4911 (ε)
3217 4840 3301 4909 8.,
3351 4840 3673 4912 platearum.

412 4966 531 5024 inea
563 4968 629 5023 ad
663 4969 972 5052 faciendum
1007 4966 1561 5052 cogitatamiuliamet
1597 4966 1817 5052 carnem
1856 4966 2340 5052 sanet-iiiii’aiiiovi
2381 4993 2413 5032 a
2452 4989 2545 5052 te,
2576 4966 2703 5052 quia
2736 4966 2976 5052 malitia,
3023 4966 3166 5052 quia
3191 4966 3317 5038 tunc
3342 4966 3672 5038 exsultabis.

413 5042 477 5122 (i)
509 5039 595 5122 8.,
627 5039 910 5122 {id-vocem
941 5041 1301 5122 multitudinis
1324 5041 1601 5122 grandis.“
1641 5042 1713 5113 (li)
1749 5044 1894 5122 ᾼΓξίι
1929 5044 2071 5122 ignis
2096 5060 2259 5114 super
2288 5056 2432 5122 eam.

414 5111 489 5165 lii.
568 5111 645 5181 (ri)
686 5111 779 5185 5.,
812 5112 1302 5185 agnuspacilicus,
1334 5112 1427 5180 qui
1457 5111 1778 5185 duritiirad
1823 5111 2241 5183 juguiationein.
2280 5119 2372 5185 A.,
2429 5111 2710 5176 adsuetus.

685 5180 791 5246 ius,
834 5193 887 5234 et
921 5182 1201 5254 deleamus
1239 5197 1387 5237 enni.
1436 5250 1449 5254 _
1492 5180 1569 5254 (ii)
1603 5181 1686 5254 8.,
1724 5180 2075 5254 investigatis.

414 5249 488 5318 (ι)
526 5250 616 5314 Α.,
642 5251 828 5319 justus
871 5260 945 5312 tu,
984 5249 1229 5315 Domine,
1271 5249 1509 5321 quando
1535 5249 1744 5319 judicio
1768 5249 2094 5308 contendam
2128 5271 2157 5308 a

413 5335 514 5389 ego
541 5321 807 5391 adversus
834 5328 887 5375 te
914 5339 928 5389 ;
966 5332 1338 5375 verumtamen
1358 5321 1558 5391 judicia
1584 5321 1776 5391 loquar
1806 5336 1992 5378 cuiam
2033 5334 2103 5380 te.

412 5195 606 5251 panem
649 5182 791 5246 eius,
834 5193 887 5234 et
921 5182 1201 5251 deleamus
1239 5197 1387 5237 eum.

417 5390 495 5459 (α)
532 5393 619 5452 Α.,
653 5389 1046 5458 S.,c0g,iiovisti
1089 5408 1191 5445 ine.

1291 5393 1367 5462 (ατ)
1531 5390 1987 5455 Ἱ⁹Ιι.,“ε;ιηςιίῐίοει.
2022 5395 2108 5460 8.,
2151 5390 2421 5468 discerne.
2498 5399 2575 5468 (ῃ)
2607 5404 2697 5465 Α.,
2727 5401 2814 5466 8.,

2507 5050 2568 5121 (ι)
2597 5049 2690 5115 Α.,
2726 5049 2809 5118 8.,
2845 5049 3101 5122 iniirniati
3132 5063 3278 5107 sunt.
3356 5053 3561 5122 (m)A.,
3590 5052 3673 5116 S.,

2817 5122 2892 5190 (ο)
2936 5120 3017 5188 8.,
3060 5120 3478 5194 corriimpanius
3530 5124 3677 5194 ligno

2152 5190 2229 5260 (ᾳ)
2269 5189 2361 5252 Α.,
2390 5188 2450 5245 8.
2483 5192 2747 5259 judicium
2783 5188 2989 5246 meum.
3066 5191 3158 5260 (r,)
3196 5188 3675 5250 A..'exercitui'iiii.

2161 5203 2167 5253 ι
2211 5203 2229 5256 )
2269 5203 2361 5252 Α.,
2390 5203 2450 5245 δ.
2483 5203 2747 5259 judieiuin
2783 5207 2989 5246 meum.
3066 5203 3158 5260 (r,)
3196 5203 3282 5250 Α..
3312 5203 3675 5248 exercituum.

2161 5203 2393 5342 ili/crpus
2417 5269 2486 5314 te.
2523 5260 2604 5342 8.,
2639 5263 2762 5342 plus
2791 5260 2977 5342 justus
3007 5261 3388 5342 tu,rDo‘uii‘ne,A
3411 5262 3454 5342 si
3487 5263 3679 5333 loquar

2181 5328 2347 5397 (i)A.,
2377 5330 2613 5383 iveruiit.
2642 5328 2807 5389 S..se
2824 5333 3177 5386 extendentes
3192 5330 3399 5385 faciunt
3416 5328 3676 5387 fructum.

2854 5402 3152 5475 novissima
3184 5411 3387 5475 nostra.
3467 5402 3539 5475 (ς.)
3586 5406 3625 5475 1i

415 5456 544 5529 quia
565 5476 688 5512 eun.
713 5456 947 5541 pedibus
968 5456 1367 5541 cuciirristi,'ei
1391 5462 1686 5541 [aiigai'uiit
1723 5474 1794 5530 te,
1831 5475 1881 5518 et
1926 5456 2203 5541 quomodo
2242 5456 2629 5541 implicabis'te
2658 5456 3091 5541 c'uin'equitibus
3115 5456 3561 5541 intelligentib‘us.

417 5531 464 5582 si
508 5544 630 5612 cum
660 5531 1045 5612 pedibus'dum
1080 5535 1357 5612 currebas,
1387 5530 1713 5612 defatigatus
1734 5551 1814 5600 es,
1850 5530 2123 5612 quonion
2152 5530 2446 5612 contendes
2487 5552 2613 5612 cum
2649 5538 2825 5612 equis,
2847 5530 2907 5612 et
2938 5542 2989 5595 in
3038 5549 3179 5596 terra
3212 5530 3433 5612 paciﬁca
3462 5560 3521 5599 es
3562 5530 3684 5599 sire

419 5598 828 5654 sollicitudine?
902 5599 977 5671 (ri)
1021 5604 1109 5664 Α..
1136 5603 1188 5655 in
1227 5603 1481 5680 elatione.
1635 5598 1915 5680 quonimlo
1946 5608 2194 5680 visitabis
2236 5608 2287 5662 in
2329 5598 2865 5680 i'oboreAJorilt-iiiis?
2897 5612 3023 5680 quia
3064 5598 3321 5667 adlinet-1
3361 5612 3554 5667 fratres
3574 5598 3681 5669 tui.

416 5678 472 5720 et
498 5669 692 5753 donius
718 5671 887 5753 patris
912 5669 989 5724 tui
1026 5674 1407 5753 iursusetiain
1444 5672 1546 5741 ipsi
1586 5669 2110 5746 ad'exspeetanduin
2144 5686 2217 5744 te,
2258 5692 2475 5748 quoque
2516 5678 2591 5732 illi
2622 5669 2932 5747 claiiiaruni
2958 5690 3079 5753 post
3105 5691 3176 5750 te,
3210 5682 3374 5738 additi
3410 5692 3581 5740 sunt:
3616 5700 3683 5740 ne

420 5738 612 5794 ciedas
633 5741 738 5807 eis,
758 5742 803 5795 si
833 5742 1127 5811 loquantur
1161 5743 1225 5798 ad
1256 5752 1307 5799 te
1337 5738 1502 5800 bona.

564 5887 611 5913 ψ
