4042 6194
453 278 596 336 23:27

1622 279 1845 337 (TODE'X
1899 279 2567 338 SYllO-lIEXAPLAlllS.

3539 288 3660 347 2328

454 400 606 457 nem,
653 406 711 451 et
756 396 1007 453 volucres
1056 396 1201 461 cmli,
1232 405 1285 452 et
1311 396 1517 452 bestias
1543 412 1703 453 terra:
1730 399 1796 453 ad
1827 399 2032 462 cibum,
2066 405 2108 460 Α
2140 397 2389 454 Scorsim
2427 399 2705 464 sedebam,
2747 396 2876 467 quia
2930 394 3002 467 (ε)
3059 395 3412 454 amaritudine
3458 403 3658 472 repletus

456 497 513 542 et
547 486 614 542 ad
645 488 1075 558 corruptionem.
1104 488 1157 542 4.
1195 485 1262 543 Ει
1291 491 1504 542 tradam
1537 503 1632 543 eos
1674 490 1751 556 (α)
1777 489 1836 542 in
1863 504 2040 559 angu-

457 582 595 636 stias
631 580 888 634 omnibus
924 579 1107 651 regnis
1144 589 1301 633 terrae
1354 588 1576 649 prepter
1624 579 1928 635 Manasscm
1972 579 2039 634 ll-

457 668 605 724 liutn‘
630 668 873 724 Hezrcia‘.
905 683 1085 737 regem
1118 666 1293 730 ludat,
1333 683 1431 737 pro
1458 669 1735 728 omnibus.
1763 684 1885 739 qua:
1914 667 2042 723 fecit

458 762 516 815 in
551 758 879 815 Jerusalem.
922 759 977 813 5.
1004 757 1139 823 Quis
1175 767 1358 828 parcet
1386 773 1552 827 super
1592 766 1664 822 te,
1691 755 2040 813 Jerusalem?

457 860 514 905 et
564 851 687 921 quis
736 849 1151 904 contristabitur
1187 865 1350 918 super
1385 849 1468 902 te?
1516 857 1611 906 aut
1647 849 1772 919 quis
1803 860 2040 905 reverto-

460 952 569 1005 tnr,
624 945 689 1008 >ε<
747 941 1106 1011 interrogabit
1155 941 1176 1009 ζ
1213 942 1266 995 in
1302 956 1488 1011 pacem
1522 942 1712 995 tuam?
1744 942 1797 996 6.
1828 943 1911 996 Tu
1953 943 2037 996 in-

454 1034 677 1103 dignata
722 1049 782 1089 es
814 1048 923 1100 me,
956 1034 1090 1088 dicit
1122 1032 1385 1087 Dominus
1420 1052 1436 1087 :
1470 1043 1774 1089 retrorsum
1810 1034 1932 1090 ibis.
1972 1033 2038 1088 Et

454 1128 742 1182 extendam
786 1142 1010 1180 manum
1059 1142 1234 1181 meam
1268 1141 1435 1196 super
1459 1135 1531 1192 te,
1584 1135 1639 1181 et
1684 1140 2033 1197 corrumpam

458 1229 530 1283 te,
569 1218 644 1290 (b)
695 1227 885 1274 etnon
934 1219 1169 1288 amplius
1201 1220 1474 1274 dimittam
1510 1235 1646 1275 eos:
1681 1219 1734 1275 7.
1770 1220 1841 1291 (c)
1876 1231 1931 1275 et
1953 1220 2036 1275 di-

455 1325 707 1381 spergant
761 1325 859 1366 eos
908 1311 963 1364 iu
1020 1310 1384 1380 dispersione,
1437 1312 1491 1366 in
1528 1311 1702 1382 portis
1736 1312 1815 1385 (ὀ)
1848 1313 2033 1383 populi

457 1405 566 1462 mei
621 1406 790 1475 stirpe
845 1405 1047 1462 succisi
1106 1413 1237 1460 sunt
1293 1421 1307 1459 :
1360 1405 1715 1476 perdiderunt
1770 1405 2031 1476 populum

456 1512 641 1553 meum
679 1499 749 1566 (θ)
780 1509 1002 1569 propter
1039 1499 1274 1553 malitias
1298 1514 1448 1562 suas,
1498 1501 1564 1567 λ
1605 1506 1791 1552 etnon
1826 1498 2031 1554 reversi

456 1597 589 1643 sunt
613 1588 638 1656 ζ
666 1606 680 1643 :
714 1591 769 1644 8.
804 1588 1175 1658 multiplicata:
1209 1596 1337 1643 sunt
1369 1590 1435 1657 Χ
1477 1603 1641 1658 super
1676 1584 1762 1643 ine
1796 1587 1817 1657 ζ
1856 1587 2034 1643 vidua:

453 1694 647 1734 eorum
672 1681 793 1749 plus
817 1695 981 1750 quam
1013 1694 1173 1734 arena
1201 1679 1369 1734 maris
1401 1695 1415 1732 :
1448 1677 1637 1732 induxi
1664 1680 1733 1746 >κ
1759 1679 1841 1732 eis
1881 1679 1902 1747 ζ
1935 1693 2029 1732 su-

2142 502 2284 546 sum.
2337 490 2422 544 l8.
2456 488 2522 557 (t)
2556 488 2739 555 Quare
2781 487 2874 558 qui
2925 486 3174 556 afﬂigunt
3222 502 3327 551 me,
3367 490 3663 551 invalescunt

2141 596 2305 651 super
2346 581 2474 636 me?
2526 579 2690 650 Plaga
2739 595 2860 636 mea
2888 580 3028 637 dura
3067 600 3079 633 :
3121 580 3265 634 unde
3285 583 3532 638 sanabor?
3554 587 3662 641 dum

2141 673 2222 735 fit,
2257 673 2397 727 facta
2439 672 2574 726 mihi
2613 680 2717 739 est,
2762 680 2822 726 ut
2858 687 2998 740 aqua
3039 671 3294 733 mendax.
3344 674 3425 728 cui
3466 690 3561 730 non
3597 687 3669 733 est

2140 764 2298 820 lides.
2351 765 2436 821 l9.
2479 763 2706 833 Propter
2746 763 2849 819 hoc
2896 764 3014 818 haec
3057 763 3189 817 dicit
3224 763 3474 820 Dominus
3501 785 3515 821 τ
3542 767 3593 822 Si
3623 779 3668 823 te

2139 867 2451 920 convertas,
2485 865 2539 915 et
2581 856 2864 910 restituam
2902 866 2977 916 te,
3006 864 3131 909 ante
3155 853 3346 908 faciem
3390 871 3547 910 meam
3575 868 3669 913 sta-

2138 947 2244 1002 bis.
2282 944 2350 1001 Et
2396 946 2441 1002 si
2477 947 2679 1002 educas
2724 947 3022 1016 pretiosum
3084 945 3162 1016 (υ)
3212 943 3281 1000 ab
3334 960 3414 1010 eo,
3457 948 3539 1016 qui
3577 965 3670 1005 nol:

2137 1037 2331 1108 dignus
2362 1046 2467 1101 est.
2493 1037 2652 1107 quasi
2685 1051 2749 1092 os
2779 1052 2958 1090 meum
2991 1037 3124 1091 eris.
3150 1034 3217 1089 Et
3253 1045 3564 1091 revertentur
3585 1039 3669 1107 ips'

2138 1130 2204 1183 ad
2236 1138 2311 1193 te,
2343 1139 2399 1185 et
2423 1139 2479 1185 tu
2513 1145 2623 1183 non
2654 1129 2945 1184 reverteris
2986 1128 3053 1183 ad
3095 1143 3212 1184 eos.
3243 1122 3336 1183 ΞΒ.
3388 1127 3451 1183 Ει
3475 1130 3599 1184 dabo
3628 1139 3671 1185 to.

2137 1218 2339 1288 populo
2372 1219 2517 1276 huic.
2558 1227 2618 1273 ut
2662 1234 2879 1272 murum
2914 1218 3041 1272 aeris
3085 1220 3378 1282 munitum.
3429 1228 3480 1275 et
3525 1221 3672 1275 bella-

2138 1311 2271 1365 bunt
2293 1311 2556 1365 adversus
2589 1320 2659 1374 te,
2695 1319 2885 1366 etnon
2917 1310 3175 1381 p‘oterunt
3205 1310 3462 1367 adversus
3485 1315 3672 1382 te,qui'a

2137 1411 2318 1457 tecum
2344 1418 2464 1457 sum
2502 1401 2567 1455 ad
2603 1402 2922 1457 salvandum
2956 1411 3032 1465 te,
3059 1403 3151 1457 2i.
3188 1412 3242 1457 et
3267 1402 3335 1457 ad
3365 1404 3675 1473 eripiendum

2137 1502 2209 1558 te,
2244 1497 2309 1562 χ
2345 1495 2477 1549 dicit
2504 1495 2788 1557 Dominus,
2809 1502 2865 1548 et
2894 1493 3127 1562 eripiam
3164 1503 3218 1549 te
3255 1494 3366 1563 :es
3397 1508 3552 1548 manu
3577 1510 3681 1548 ma-

2136 1588 2336 1651 lorum,
2371 1592 2439 1657 )e(
2471 1599 2523 1642 et
2558 1588 2825 1642 redimam
2852 1596 2907 1641 te
2940 1585 2964 1654 ζ
2998 1601 3065 1640 ex
3099 1601 3262 1643 manu
3303 1587 3383 1655 (at)
3421 1590 3682 1656 corrupto!-

2133 1695 2278 1734 rum.

452 1786 548 1840 per
576 1738 801 1825 matrem
836 1738 1281 1827 adolescentium
1330 1770 1399 1839 (ι’)
1454 1738 1733 1825 miseriam
1778 1771 1830 1825 in
1866 1738 2029 1827 meri-
2060 1738 2104 1794 Β
2202 1770 2333 1841 Cap.
2368 1769 2507 1823 XVI.
2542 1770 2673 1827 —l.
2714 1769 2853 1824 Dicit
2887 1769 3147 1824 Dominus
3172 1768 3315 1825 Deus
3339 1768 3584 1824 lsraelis:
3616 1768 3680 1837 (υ,

450 1861 539 1916 die
578 1879 592 1916 :
627 1862 785 1929 injeci
815 1877 979 1931 super
1014 1878 1134 1917 eam
1187 1872 1410 1932 repente
1442 1862 1519 1932 (g)
1549 1871 1840 1917 tremorem
1868 1873 1920 1918 et
1951 1863 2028 1918 fe-

451 1954 824 2010 stinationem.
852 1955 907 2009 9.
933 1952 1116 2009 Vacua
1146 1953 1286 2009 facta
1322 1962 1426 2020 est,
1457 1970 1581 2024 qua
1613 1956 1759 2024 parit
1785 1965 2023 2024 scptem:

451 2049 763 2117 perturbata
815 2058 898 2102 est
951 2047 1129 2101 anima
1165 2047 1285 2117 ejus
1335 2068 1349 2102 :
1391 2046 1591 2103 occidit
1640 2048 1722 2103 sol
1766 2048 1838 2114 ei,
1902 2064 2029 2105 cum

448 2133 628 2188 adhuc
653 2133 864 2189 medius
893 2134 1048 2200 dies;
1077 2135 1318 2196 erubuit.
1340 2144 1392 2190 et
1422 2134 1681 2206 probrum
1715 2152 1876 2206 passa
1900 2146 2022 2194 est:

447 2224 694 2293 reliquos
724 2240 915 2279 eorum
961 2226 1015 2278 in
1059 2226 1296 2291 gladium
1349 2227 1493 2281 dabo
1542 2242 1728 2281 coram
1786 2229 2027 2287 inimicis

446 2330 662 2377 eorum,
713 2314 849 2369 dicit
899 2314 1185 2369 Dominus.
1243 2314 1332 2374 10.
1396 2303 1488 2372 Va:
1530 2317 1663 2372 mihi
1699 2333 1823 2388 ego.
1854 2329 2027 2373 mater

448 2418 595 2468 mea,
620 2405 840 2473 qualem
878 2405 1112 2478 genuisti
1147 2421 1230 2459 me
1263 2406 1438 2460 virnrn
1463 2406 1540 2475 (h)
1568 2406 1926 2477 iudicantem,
1957 2414 2025 2478 κ

446 2505 502 2549 et
547 2496 773 2561 virum:
809 2496 872 2564 (ἰ)
897 2476 1167 2551 dicentem
1198 2497 1465 2567 judicium
1511 2476 1663 2554 omni
1713 2500 1918 2557 terrae?
1949 2476 2021 2573 (Ir)

445 2585 565 2640 Non
627 2586 830 2652 profui,
881 2581 1075 2641 ct'non
1123 2587 1325 2657 profuit
1374 2590 1507 2645 mihi
1562 2606 1663 2647 nec
1707 2593 2021 2662 quisquam.

447 2677 511 2749 (Ι)
545 2678 729 2733 Robur
759 2695 936 2735 meum
964 2680 1162 2735 defecit
1191 2679 1361 2747 in'iis,
1390 2682 1483 2752 qui
1513 2683 1844 2738 maledicunt
1867 2686 2020 2740 mihi.

447 2772 537 2825 ll.
578 2770 718 2835 Fiat,
772 2770 1021 2837 Domine,
1050 2788 1175 2828 cum
1207 2772 1304 2843 (nt)
1335 2773 1436 2842 ipsi
1472 2790 1730 2844 prospere
1761 2790 1925 2847 agtmt
1955 2782 2020 2847 χ(

447 2863 503 2917 in
535 2863 738 2917 bonum
768 2863 816 2932 ζ.
842 2861 897 2915 Si
934 2879 1042 2917 non
1081 2864 1205 2919 steti
1238 2880 1424 2919 coram
1467 2874 1519 2919 te
1550 2865 1602 2918 in
1633 2875 1877 2937 tempore
1907 2884 2023 2923 ma-

447 2957 625 3013 lorum
658 2970 875 3020 eorum,
936 2964 993 3010 et
1039 2956 1094 3011 in
1132 2966 1377 3027 tempore
1398 2958 1709 3014 aﬂictionis
1742 2973 1805 3015 -t—
1829 2975 2018 3017 eorum

2130 1862 2196 1917 Et
2225 1871 2280 1916 tu
2318 1865 2387 1932 χ
2420 1878 2486 1917 ne
2516 1863 2702 1932 capias
2731 1862 2825 1917 tibi
2855 1877 3102 1926 uxorem,
3132 1860 3187 1915 2.
3211 1871 3267 1916 et
3309 1861 3333 1930 ζ
3372 1878 3476 1914 non
3513 1861 3687 1931 gigne-

2130 1964 2221 2009 tur
2246 1955 2342 2009 tibi
2375 1954 2540 2018 Illius,
2574 1968 2753 2023 neque
2778 1953 2886 2009 illia
2925 1954 2978 2007 in
3016 1953 3136 2007 loco
3169 1953 3293 2006 hoc.
3335 1954 3387 2007 5.
3423 1951 3468 2018 ρ
3490 1952 3555 2004 eia
3587 1951 3687 2004 haec

2129 2047 2262 2101 dicit
2292 2045 2560 2101 Dominus
2582 2047 2651 2100 de
2674 2048 2800 2102 illiis
2828 2055 2885 2102 ct
2917 2046 3154 2110 filiabus,
3190 2046 3283 2115 qui
3317 2053 3614 2099 nascuntur
3638 2044 3686 2095 in

2129 2137 2253 2192 loco
2280 2136 2408 2199 hoc,
2436 2147 2490 2191 et
2524 2138 2593 2192 de
2629 2138 2900 2191 matribus
2940 2152 3156 2198 eorum,
3207 2152 3336 2206 qua:
3381 2144 3690 2206 pepererunt

2128 2242 2247 2292 eos,
2282 2237 2335 2283 et
2375 2228 2446 2284 de
2489 2229 2738 2297 patribus
2767 2244 2980 2293 eorum,
3027 2229 3120 2297 qui
3169 2237 3480 2298 genuerunt
3523 2241 3612 2280 eos
3641 2227 3688 2279 in

2128 2328 2272 2374 terra
2305 2319 2404 2377 hac
2436 2338 2450 2374 :
2489 2320 2545 2377 ι.
2590 2320 2645 2374 lu
2692 2328 2868 2374 morte
2908 2319 3245 2373 vehementis
3276 2318 3554 2372 cruciatus
3587 2331 3690 2369 mo-

2132 2410 2341 2465 rientur
2390 2428 2404 2464 :
2464 2427 2569 2465 non
2624 2411 2970 2480 planusntur,
3020 2424 3198 2479 neque
3228 2408 3560 2479 sepeliantur
3595 2424 3610 2460 :
3642 2408 3689 2460 in

2131 2501 2423 2557 ludibrium
2455 2517 2621 2567 super
2664 2501 2805 2555 facie
2848 2510 3007 2556 terra
3037 2509 3200 2555 erunt
3246 2517 3260 2552 :
3299 2499 3356 2552 in
3392 2498 3568 2569 gladio
3610 2512 3691 2550 ca-

2128 2583 2277 2659 dent,
2312 2604 2368 2648 et
2396 2595 2450 2647 in
2495 2593 2638 2647 fame
2670 2602 3070 2649 consumentur
3101 2609 3116 2646 :
3145 2601 3200 2648 et
3240 2600 3409 2645 erunt
3445 2590 3691 2643 cadavera

2126 2701 2318 2741 eorum
2350 2685 2405 2739 in
2433 2685 2615 2741 cibum
2649 2683 2963 2741 volucribus
3002 2683 3153 2748 cteli,
3181 2690 3235 2736 et
3262 2683 3347 2755 (λ)
3382 2682 3569 2737 bestiis
3596 2690 3694 2733 ter-

2128 2792 2221 2831 rae.
2250 2776 2303 2831 5.
2331 2774 2408 2845 (α)
2443 2775 2568 2829 Haec
2588 2775 2719 2829 dicit
2747 2774 3010 2828 Dominus
3038 2792 3052 2829 :
3089 2773 3169 2828 Ne
3197 2773 3531 2845 ingrediaris
3555 2771 3625 2842 (b)
3647 2771 3693 2824 in

2127 2878 2359 2923 turmam
2389 2881 2602 2931 eorum,
2634 2882 2811 2936 neque
2831 2867 2997 2922 abeas
3019 2867 3086 2921 ad
3110 2868 3502 2937 plangendum,
3534 2877 3691 2932 neth

2125 2961 2311 3030 lugeas
2345 2974 2443 3015 eos
2480 2979 2493 3012 :
2530 2959 2658 3029 quia
2706 2959 2910 3012 removi
2941 2973 3130 3027 pacem
3183 2975 3368 3013 meam
3434 2974 3466 3011 a
3510 2956 3699 3027 popuio

445 3049 502 3105 in
535 3049 728 3117 bona:
762 3049 1025 3104 adversus
1050 3048 1355 3104 inimicum.
1392 3050 1478 3103 Η.
1520 3049 1597 3121 (n)
1627 3050 1684 3105 Si
1720 3067 2013 3123 cognosce-
2045 3070 2088 3128 ε
2126 3054 2227 3108 hoc
2283 3052 2389 3107 hoc
2448 3051 2535 3121 (‘),
2601 3050 2733 3105 dicit
2796 3049 3082 3113 Dominus,
3135 3054 3203 3116 χ(
3243 3051 3696 3113 utisericm'diam,

444 3141 628 3212 tur(o)
659 3139 888 3204 ferrum,
918 3150 971 3195 et
999 3142 1396 3210 operimentum
1433 3146 1557 3197 aeris
1608 3144 1777 3198 rolmr
1825 3148 2018 3201 tuum?

448 3231 536 3287 15.
573 3230 639 3285 Et
677 3231 967 3286 thesauros
1012 3239 1135 3285 tuos
1176 3231 1230 3285 in
1264 3231 1627 3302 direptionem
1661 3234 1828 3297 dabo,
1863 3250 2017 3289 com-

444 3323 801 3379 mutationem
831 3332 1051 3392 propter
1072 3325 1252 3377 omnia
1282 3331 1501 3393 peccata
1525 3333 1639 3387 tua,
1664 3334 1718 3379 et
1749 3326 1804 3378 in
1833 3326 2015 3380 omni-

443 3414 549 3470 bus
576 3413 823 3469 terminis
852 3414 979 3468 tuis.
1032 3412 1119 3468 14.
1174 3412 1239 3469 Et
1290 3415 1496 3469 servire
1540 3424 1594 3471 te
1645 3414 1840 3470 faciam
1876 3416 2018 3473 inter

444 3505 699 3561 inimicos
734 3514 879 3570 tuos,
936 3504 991 3558 in
1043 3513 1213 3569 terra,
1246 3521 1411 3577 quam
1453 3521 1561 3560 non
1616 3507 1811 3562 novisti
1843 3527 1856 3562 :
1886 3510 2014 3579 quia

442 3596 586 3665 ignis
620 3610 887 3650 accensus
938 3610 1000 3650 ea
1056 3594 1241 3650 furore
1276 3611 1417 3662 meo,
1454 3613 1617 3667 super
1660 3614 1757 3655 vos
1783 3599 2011 3654 ardebit.

444 3688 533 3743 15.
568 3691 634 3755 Χ
666 3687 746 3741 Tu
773 3688 993 3752 novisti,
1026 3686 1256 3743 Domine
1284 3688 1306 3756 ζ
1341 3705 1353 3741 :
1388 3690 1679 3745 recordare
1707 3691 1834 3752 mei,
1864 3700 1918 3746 et
1942 3691 2019 3745 vi-

443 3780 546 3833 sita
581 3793 689 3844 me,
715 3777 795 3848 (p)
848 3786 904 3833 et
950 3778 1230 3847 impunem
1278 3778 1491 3834 dimitte
1534 3795 1621 3834 me
1652 3781 1723 3835 ab
1754 3782 1860 3844 his,
1919 3784 2013 3853 qui

442 3877 848 3940 persequuntur
876 3884 961 3924 me
995 3886 1007 3922 :
1044 3884 1152 3923 non
1189 3868 1242 3923 in
1267 3869 1733 3941 longanimitatem
1767 3874 1832 3936 Χ
1866 3882 2009 3927 tuam

440 3962 711 4032 suscipias
746 3977 832 4017 me
863 3964 909 4033 ζ.
963 3964 1133 4027 Scito,
1187 3961 1332 4034 quod
1365 3962 1550 4032 accepi
1585 3978 1686 4032 pro
1716 3972 1768 4017 te
1810 3980 2011 4035 appro-

439 4057 619 4110 brium
677 4054 765 4111 16.
814 4057 885 4111 ab
931 4056 1039 4121 his,
1068 4056 1142 4127 (η)
1170 4056 1263 4126 qui
1297 4055 1637 4127 pravaricati
1665 4064 1793 4110 sunt
1824 4056 1876 4109 in
1905 4072 2013 4110 ser-

437 4163 630 4204 mones
659 4157 783 4203 tuos
812 4166 829 4202 :
866 4162 1188 4203 consumma
1215 4163 1332 4202 eos.
1374 4145 1439 4201 Et
1475 4148 1583 4203 erit
1607 4148 1830 4203 verbum
1856 4161 2010 4203 tuum

438 4238 573 4293 mihi
605 4239 658 4292 in
687 4238 969 4309 gaudium,
1020 4247 1078 4293 et
1118 4237 1174 4291 in
1208 4236 1450 4292 laetitiam
1487 4238 1670 4292 cordis
1700 4238 1844 4304 mei;
1885 4239 2010 4309 quia

437 4331 753 4385 invocatum
782 4340 867 4385 est
900 4344 1096 4385 nomen
1125 4337 1277 4383 tuum
1318 4343 1484 4399 super
1528 4344 1636 4394 me,
1687 4328 1912 4387 Domine
1941 4333 2010 4400 )s(

2118 3154 2174 3200 et
2244 3144 2774 3200 connniscrationem
2836 3162 2848 3197 :
2921 3142 2975 3196 6.
3044 3153 3098 3197 et
3162 3144 3479 3197 morientur
3547 3157 3700 3212 grau-

2117 3235 2214 3290 des
2265 3242 2321 3288 et
2374 3232 2523 3302 parvi
2578 3232 2631 3286 in
2691 3242 2833 3288 terra
2896 3232 3018 3295 hac,
3083 3246 3189 3286 non
3254 3231 3595 3301 sepelientur
3643 3228 3697 3296 ζ,

2118 3339 2296 3396 neque
2353 3326 2608 3395 plangent
2668 3340 2833 3394 super
2890 3324 2995 3389 eis,
3062 3338 3241 3393 neque
3301 3323 3513 3379 facient
3577 3321 3704 3375 inci-

2116 3430 2316 3479 suras,
2376 3430 2551 3486 neque
2620 3418 2691 3485 (ε)
2755 3416 2940 3470 radent
2966 3454 2980 3478 ,
3039 3416 3107 3482 Χ
3180 3430 3368 3485 neque
3432 3414 3701 3469 defit-bunt

2114 3518 2233 3570 eos,
2277 3520 2383 3559 non
2443 3504 2777 3575 sepelientur
2809 3504 2869 3570 ζ,
2904 3504 2958 3557 7.
2997 3518 3175 3570 neque
3217 3504 3513 3575 frangetur
3551 3502 3705 3572 panis

2116 3595 2171 3651 in
2225 3596 2374 3651 luctu
2417 3610 2606 3650 eorum
2648 3596 2701 3649 in
2748 3596 3181 3652 consolationem
3224 3612 3402 3666 super
3444 3605 3698 3649 mortuo:

2116 3702 2224 3740 non
2260 3687 2523 3755 potabunt
2555 3701 2681 3741 eunt
2716 3687 2887 3741 calice
2920 3688 3321 3745 consolationis
3355 3704 3529 3757 super
3555 3694 3706 3757 patre

2114 3780 2254 3848 ritis,
2284 3787 2340 3832 et
2376 3787 2550 3832 matre
2579 3777 2720 3847 ejus.
2755 3778 2810 3832 8.
2846 3779 2903 3833 in
2935 3779 3158 3833 domum
3189 3779 3440 3834 convivii
3476 3792 3586 3833 non
3620 3775 3701 3833 io-

2116 3867 2405 3939 gredieris,
2431 3876 2490 3921 ut
2518 3869 2711 3924 sedeas
2737 3885 2862 3923 cum
2894 3870 2980 3924 eis
3014 3870 3081 3923 ad
3116 3869 3424 3933 «lanium,
3448 3878 3508 3924 et
3535 3867 3604 3922 ad
3635 3866 3709 3923 bi-

2116 3961 2374 4017 bendum.
2408 3960 2460 4014 9.
2496 3960 2634 4026 Quia
2670 3960 2785 4015 inec
2811 3961 2941 4016 dicit
2977 3961 3239 4019 Dominus
3263 3964 3543 4017 virtutum
3566 3961 3706 4016 Deus

2116 4052 2331 4107 lsraeiis
2365 4072 2377 4105 :
2408 4050 2546 4106 Erce
2565 4068 2668 4123 ego
2699 4053 2908 4106 irritam
2947 4052 3088 4107 facio
3116 4054 3340 4109 deloco
3374 4055 3488 4109 hoc
3520 4068 3707 4110 coram

2113 4146 2290 4199 mulis
2314 4144 2537 4209 vestris,
2582 4152 2639 4198 et
2670 4144 2725 4197 in
2754 4144 2948 4200 diebus
2987 4147 3205 4211 vestris,
3255 4160 3460 4208 vocem
3494 4145 3706 4217 gaudii,

2111 4246 2166 4291 et
2190 4249 2376 4289 vocem
2412 4234 2626 4301 laetitia,
2669 4249 2859 4289 vocem
2901 4235 3116 4304 sponsi,
3144 4244 3203 4290 et
3231 4251 3435 4295 vocem
3460 4250 3708 4306 sponsae.

2115 4327 2199 4383 10.
2241 4327 2305 4381 Et
2331 4328 2457 4390 erit,
2489 4327 2708 4397 quando
2738 4327 3153 4382 annuntisveris
3174 4327 3386 4397 populo
3416 4328 3558 4383 huic
3586 4341 3709 4381 om-

438 4421 581 4477 Deus
610 4423 633 4492 ζ
667 4421 1033 4491 omnipotens.
1066 4421 1154 4475 t'l.
1187 4419 1308 4476 Non
1347 4421 1463 4477 sedi
1515 4421 1568 4475 in
1611 4436 1875 4478 consessu
1907 4437 2006 4477 eo-
2044 4400 2086 4454 θ
2115 4420 2201 4473 nia
2247 4419 2411 4473 verba
2454 4419 2588 4482 haec,
2640 4425 2696 4471 et
2748 4417 2985 4472 dixerint
3017 4418 3083 4472 ad
3115 4426 3169 4478 te
3198 4434 3213 4471 :
3250 4418 3448 4484 Quare
3484 4418 3713 4474 locutus

435 4527 580 4581 rum,
610 4513 973 4579 cum‘ludunt,
999 4512 1095 4568 sed
1120 4512 1191 4583 (ν)
1210 4511 1404 4567 erubui
1441 4510 1634 4566 afacie
1656 4527 1853 4568 manus
1874 4523 1997 4567 tuae.
2107 4519 2195 4565 est
2231 4509 2490 4565 Dominus
2520 4523 2684 4576 super
2726 4521 2828 4561 nos
2866 4507 3051 4561 omnia
3096 4506 3237 4562 mala
3286 4522 3502 4577 magna
3548 4504 3711 4563 haec!

505 4688 583 4759 (a)
617 4687 709 4759 4.,
736 4688 800 4759 in
829 4688 1233 4759 cribrationem.
1270 4684 1353 4748 S.,
1391 4686 1443 4740 in
1490 4701 1656 4744 unum
1677 4688 1934 4755 (errorem
1962 4686 2046 4740 hic
2076 4685 2408 4759 suspico_r)._
2464 4682 2541 4759 (ir)
2581 4683 2672 4747 A.,
2702 4683 2878 4741 lassus
2912 4699 3032 4759 sum
3072 4686 3538 4759 consolationem
3560 4689 3712 4746 acri-

432 4753 582 4832 pere'.
618 4758 1022 4832 Etgdispergam
1048 4773 1162 4832 eos,
1198 4757 1284 4832 Si.
1316 4759 1495 4832 lassus
1515 4772 1636 4812 sum
1667 4753 1734 4812 eo
1754 4759 1897 4832 quod
1911 4753 2206 4832 transfero.
2283 4757 2355 4826 (ε)
2370 4753 2435 4811 Et
2466 4755 2774 4832 dispergam
2800 4768 2897 4809 eos
2916 4753 2974 4832 in
2988 4758 3292 4832 desertum.
3377 4760 3466 4832 (ᾳ)
3490 4756 3705 4832 Terina.

434 4823 527 4902 ie),
550 4829 640 4891 Α..
683 4823 832 4902 S.,__a
871 4823 973 4902 viis
1003 4827 1137 4902 suis.
1214 4824 1389 4902 ωε..
1424 4836 1748 4902 vastatores.
1771 4823 1790 4829 ⁷
1854 4828 1938 4902 (9)-
1967 4826 2051 4902 _S.,
2083 4823 2360 4902 civitatem
2391 4834 2445 4878 et
2480 4823 2879 4902 festinatioues.
2908 4894 2919 4902 .
2955 4823 3303 4902 (It)d.,_litis.
3390 4823 3457 4898 (ἱ)
3482 4830 3713 4902 Λυδίης

435 4894 689 4956 utilitate.
767 4897 840 4968 (Ir)
876 4896 993 4952 Non
1032 4894 1317 4962 fmnera'vi,
1348 4898 1816 4968 necfoenerarunt
1846 4894 2000 4951 mihi.
2098 4897 2162 4963 (Ι)
2202 4896 2460 4968 Quisque
2480 4894 2751 4949 maledicit
2788 4894 2946 4968 mihi,
2972 4896 3106 4951 dicit
3139 4894 3434 4953 Dominus.
3521 4901 3625 4968 (ιη)
3652 4898 3709 4952 Si

434 4987 541 5026 u0n
592 4970 637 5024 si
671 4965 949 5038 residuum
987 4977 1139 5021 tuum
1167 4978 1284 5022 erat
1335 4966 1554 5038 ntihiin
1598 4967 1820 5038 bonum,
1854 4968 1898 5020 si
1932 4981 2039 5020 non
2071 4969 2303 5038 occurri
2326 4966 2419 5019 tibi
2451 4965 2502 5038 in
2538 4973 2776 5033 tetupore
2807 4965 3099 5038 malorum.
3178 4976 3256 5036 in)
3296 4971 3393 5028 Α..
3423 4965 3710 5038 numquid

431 5041 858 5097 cmisociabitur.
890 5036 974 5104 S.,
1004 5039 1266 5107 numquid
1304 5036 1535 5107 nocebit.
1614 5035 1687 5105 (0)
1731 5037 1819 5097 Α..
1855 5038 2057 5107 temnit
2090 5034 2234 5089 ferro
2258 5035 2620 5107 ab‘aquilone,
2647 5034 2853 5107 etuas?
2881 5033 3069 5089 Bolus:
3097 5033 3271 5107 tuum,
3298 5046 3360 5092 et
3394 5033 3711 5097 thesauros

433 5120 556 5166 tuos
582 5112 635 5164 in
664 5103 1021 5178 dira-ptinnem
1053 5103 1214 5170 dabo.
1249 5123 1355 5178 non
1388 5105 1446 5158 in
1482 5103 1934 5178 computatione.
1978 5103 2061 5178 S.,
2097 5107 2299 5178 terr-nm
2331 5104 2477 5178 ferro
2500 5105 2576 5178 ab
2605 5106 2881 5178 aquilone,
2928 5116 2983 5157 et
3032 5105 3371 5178 a-s?rllobur
3425 5119 3619 5172 luunt,
3651 5119 3709 5161 rt

429 5184 722 5238 thesauros
752 5174 877 5234 tuos
907 5179 961 5232 in
996 5179 1229 5250 pnetlam
1262 5177 1405 5250 dabo
1437 5180 1543 5245 'pro
1575 5176 1766 5250 nihilo.
1863 5176 1943 5243 (ρ)
1983 5177 2071 5239 Λ.,
2106 5176 2191 5250 S.,
2214 5175 2311 5250 fac
2342 5174 2841 5250 nobis-vindicum.
2919 5177 2993 5250 ((1)
3021 5179 3122 5250 ⁸Α..
3154 5177 3359 5232 inventi
3408 5189 3556 5235 sunt
3590 5196 3713 5235 ser-

432 5267 623 5305 mones
648 5252 749 5312 tui,
780 5258 832 5307 et
862 5243 1071 5307 comedi
1095 5263 1211 5313 eos,
1238 5257 1291 5303 et
1320 5243 1523 5302 factum
1549 5257 1632 5300 est
1659 5245 1880 5298 verbum
1909 5254 2061 5300 ttmm
2096 5247 2225 5299 unhi
2262 5247 2312 5298 in
2354 5245 2631 5314 gaudium.
2667 5243 2749 5307 S.,
2783 5244 2983 5297 inventi
3016 5245 3238 5301 fuerunt
3278 5264 3595 5311 sermones
3624 5250 3706 5305 tui

431 5321 751 5377 alimentum
786 5321 938 5384 mihi,
973 5329 1028 5374 et
1060 5319 1262 5373 factum
1288 5328 1374 5373 est
1413 5317 1635 5372 verbum
1666 5326 1817 5369 tuum
1846 5316 1978 5368 mihi
2015 5315 2068 5367 in
2095 5317 2374 5383 gaudium.
2450 5314 2522 5383 (τ)
2554 5315 2652 5384 _A.,
2680 5323 2740 5368 et
2768 5315 3044 5384 superbivi
3077 5332 3108 5367 a
3139 5317 3281 5372 fat-ie
3308 5334 3536 5373 manus
3572 5329 3707 5377 tum.

432 5390 516 5458 S.,
541 5400 592 5462 et
630 5391 841 5447 iactatus
871 5382 992 5462 sum
1019 5400 1242 5462 propter
1273 5401 1493 5445 manum
1529 5390 1700 5439 tuam.
1776 5384 1848 5451 (ο)
1887 5384 1977 5448 Α.,
2012 5383 2094 5445 S.,
2123 5386 2355 5462 rubore.
2432 5387 2497 5462 μ)
2536 5382 2622 5443 S.,
2652 5398 2824 5462 quare
2868 5382 2971 5436 fuit
3014 5385 3168 5462 dolor
3194 5403 3353 5462 mens
3386 5399 3706 5462 constans.

1510 5469 1670 5525 passa
1704 5464 1790 5508 est
1814 5469 2027 5509 moram
2066 5454 2137 5525 ad
2166 5455 2542 5525 accipiendum
2570 5453 2927 5525 curationem.
2955 5522 2979 5525 _
3003 5457 3085 5521 (tt;
3124 5455 3213 5522 4.,
3264 5461 3331 5511 ab
3384 5460 3702 5515 obsceno.

430 5469 484 5531 e_t
510 5460 665 5531 plaga
698 5476 816 5531 mea
847 5461 964 5519 sine
1005 5459 1317 5531 curatione,
1351 5473 1459 5531 non

1940 5526 1995 5593 g)
2038 5524 2127 5589 Α..
2158 5522 2242 5591 S.,
2274 5533 2329 5577 et
2350 5523 2552 5578 factum
2577 5529 2667 5577 est
2699 5523 2923 5578 verbum
2954 5522 3166 5583 Domini
3207 5530 3274 5585 ad
3308 5542 3428 5589 una,
3471 5530 3703 5585 diuus.

430 5524 526 5597 S.,
546 5524 853 5585 atuend’ico
892 5533 1174 5585 obsctnno.
1251 5528 1329 5597 (π)
1365 5527 1455 5597 Α..
1490 5524 1816 5597 validorum.

430 5596 511 5670 (ς)
546 5599 638 5661 Α,,
665 5597 1155 5670 Τήηαᾼιιίιηςιιίὴῃε,
1228 5594 1304 5667 (ὰ)
1368 5596 1570 5670 fldiqm'
1588 5635 1610 5670 ,_
1626 5595 1887 5670 quoniam
1923 5594 2054 5650 haec.
2135 5597 2211 5665 (b)
2253 5594 2342 5661 Α.,
2378 5594 2445 5649 ad
2478 5594 2698 5650 domum
2736 5595 3066 5664 epulationis
3098 5610 3309 5654 eorum.
3394 5602 3475 5670 (‘)
3518 5598 3711 5670 [tepo-

431 5666 551 5723 titio
599 5676 780 5722 textus
810 5668 1037 5738 Syriaci.
1072 5665 1293 5723 Dtucu.
1352 5669 1403 5739 r)
1441 5668 1528 5733 Α.,
1564 5665 1984 5737 glabrabuntse.

488 5836 577 5887 κ.
