4042 6194
497 247 636 306 2331

1663 244 1888 298 CODEX
1933 245 2603 304 SthO-IIEXAI‘LARIS.

3597 264 3728 320 233!

502 373 554 419 et
589 377 657 417 uc
702 359 923 432 gestetis
953 357 1196 413 sarcinas
1243 358 1293 412 in
1349 359 1436 414 die
1475 360 1848 422 sabbatorum,
1903 378 2076 431 neque
2109 379 2148 433 Α
2182 380 2277 433 pro
2306 366 2484 425 bonis,
2520 383 2640 434 qua:
2662 366 2876 419 locutus
2907 382 3026 420 sum
3058 371 3234 423 facere
3259 370 3358 425 eis.
3401 373 3486 426 11.
3512 374 3569 429 Et
3598 395 3732 436 nunc

503 453 856 526 egrediainini
894 452 1067 520 portis
1084 449 1388 504 Jerusalem
1423 469 1436 502 :
1467 450 1558 503 22.
1605 467 1779 520 neque
1835 453 2078 507 educatis

505 547 753 600 sarcinas
783 559 814 598 e
853 543 1112 596 domibus
1145 544 1344 595 vestris
1393 542 1446 594 in
1489 542 1576 596 die
1615 543 1991 607 sabbatorum,
2026 553 2080 597 et

504 651 668 688 omne
697 649 837 703 opus
879 649 986 687 non
1031 632 1241 687 facietis
1277 651 1290 685 :
1319 643 1372 685 et
1400 633 1739 687 sanetificate
1773 633 1918 686 diem
1951 635 2075 687 sab-

508 728 783 789 hatorum,
819 726 965 779 sicut
990 723 1217 791 prwcepi
1248 725 1496 792 patribus
1519 725 1715 778 vestris
1743 733 1830 778 :et
1861 740 1967 778 non
1990 740 2081 778 au-

506 819 783 880 diverunt,
819 831 918 869 nec
949 815 1279 869 inclinarunt
1304 815 1372 884 (ε)
1410 830 1570 869 aures
1593 831 1744 880 suas,
1775 816 1865 870 25.
1906 826 1960 869 et
1981 815 2081 870 ob-

508 910 778 963 durarunt
825 908 1024 961 collum
1077 923 1236 961 suum
1290 922 1348 962 -t-
1401 908 1522 976 plus
1551 923 1714 977 quam
1759 919 1943 977 patres
1983 925 2079 964 eo~

513 1014 634 1054 tum
677 997 738 1065 1,
790 1013 857 1050 ne
894 998 1146 1051 audirent
1167 1013 1273 1059 me,
1303 1007 1356 1052 et
1395 1014 1462 1052 ne
1504 1000 1813 1069 accipereut
1839 1001 2085 1070 discipli-

513 1105 666 1143 nam.
698 1089 790 1142 2i.
826 1087 891 1142 Et
920 1089 1046 1150 erit,
1100 1090 1145 1143 si
1197 1089 1469 1142 audiendo
1497 1091 1782 1145 audieritis
1814 1107 1921 1156 me,
1952 1093 2086 1146 dicit

513 1180 799 1245 Dominus,
828 1192 887 1235 ut
910 1195 1014 1234 non
1047 1180 1291 1236 inferatis
1325 1183 1570 1236 sarcinas
1599 1199 1695 1252 per
1726 1193 1912 1252 portas
1935 1185 2086 1238 urbis

517 1271 678 1340 hujus
709 1273 760 1324 in
791 1273 879 1326 die
903 1272 1282 1336 sabbatorum,
1309 1281 1363 1325 et
1383 1274 1450 1326 ad
1474 1275 1921 1328 sanctificandum
1941 1275 2084 1328 diem

514 1363 889 1426 sabbatorum,
949 1374 1004 1418 ut
1065 1381 1171 1419 non
1221 1366 1434 1420 faciatis
1479 1367 1533 1419 in
1583 1382 1650 1420 eo
1698 1383 1861 1420 omne
1911 1382 2085 1435 opus;

513 1455 606 1510 25.
635 1458 798 1511 etiam
831 1457 1205 1526 ingredientur
1234 1475 1329 1528 per
1371 1469 1558 1528 portas
1607 1459 1758 1513 urbis
1793 1459 1958 1527 hujus
2001 1474 2087 1514 re-

515 1559 633 1611 ges,
665 1555 719 1598 et
770 1547 1040 1613 principes
1087 1545 1336 1600 sedentes
1375 1561 1539 1616 super
1584 1547 1724 1601 solio
1760 1545 1996 1611 Davidis,
2034 1556 2089 1602 et

2180 457 2267 510 dic
2299 457 2364 510 ad
2399 458 2546 511 virus
2575 457 2747 519 .ludze,
2787 467 2838 510 et
2871 459 2934 511 ad
2967 474 3084 519 eos,
3113 460 3203 526 qui
3237 462 3477 516 habitant
3512 466 3562 517 in
3589 465 3733 522 Jeru-

2182 546 2372 612 salem,
2406 551 2470 612 )9:
2516 548 2700 602 dicens
2733 565 2746 600 :
2790 547 2864 600 Ita
2904 549 3034 602 dicit
3067 547 3327 605 Dominus
3363 554 3386 619 1
3429 573 3441 607 :
3488 554 3618 609 Ecce
3643 574 3736 630 ego

2183 653 2308 690 creo
2338 653 2503 704 super
2531 654 2631 691 vos
2662 639 2824 703 mala,
2847 649 2901 693 ct
2927 642 3105 709 cogito
3139 657 3302 710 super
3339 660 3434 696 vos
3472 650 3739 714 cogitatio-

2186 743 2330 781 nem.
2363 727 2689 782 Revertatur
2712 731 2873 798 igitur
2897 733 3272 800 unusquisque
3296 749 3326 786 a
3360 735 3442 788 via
3474 752 3567 790 sua
3586 741 3737 804 mala,

2185 823 2240 867 et
2291 815 2603 883 pulchriora
2650 817 2810 872 facite
2844 821 3022 873 studia
3057 831 3270 884 vestra,
3321 824 3389 891 >κ
3419 834 3468 878 el
3503 827 3613 881 vias
3660 844 3744 882 ve-

2186 915 2329 960 stras
2355 906 2400 974 1.
2433 905 2522 961 f2.
2554 906 2618 960 Et
2655 908 2909 962 dixerunt
2937 927 2949 961 :
2989 910 3064 978 (υ)
3098 910 3334 965 Viriliter
3361 929 3599 983 agemus;
3623 918 3742 985 quia

2187 1005 2312 1064 post
2361 997 2673 1052 aversiones
2719 1008 2933 1053 nostras
2980 1001 3220 1065 ibimus,
3267 1012 3322 1056 et
3388 1007 3745 1075 unusquisque

2186 1103 2272 1150 ea,
2334 1088 2407 1157 (ι)
2463 1103 2584 1157 qua:
2633 1091 2842 1158 placent
2886 1092 3036 1144 cordi
3090 1092 3211 1160 ejus
3266 1094 3431 1155 malo,
3471 1094 3741 1149 faciemus.

2192 1181 2274 1232 t5.
2325 1180 2552 1250 Propter
2599 1182 2699 1236 hoc
2735 1182 2848 1236 haec
2892 1182 3024 1237 dicit
3073 1183 3384 1240 Dominus:
3435 1184 3748 1258 lnterrogate

2190 1270 2410 1323 nuncin
2437 1271 2710 1339 gentibus,
2741 1272 2866 1340 quis
2901 1272 3108 1326 audivit
3149 1275 3275 1329 talia
3311 1277 3608 1340 horribilia,
3637 1295 3750 1348 qua:

2189 1361 2315 1416 f:-cit
2343 1362 2499 1417 valde
2549 1364 2702 1434 virgo
2750 1363 3002 1420 lsraelis?
3035 1367 3120 1420 M.
3157 1368 3235 1437 (α)
3285 1367 3425 1423 Νιιιη
3459 1370 3700 1425 deficient
3722 1388 3749 1425 a

2191 1465 2340 1524 petra
2374 1455 2559 1521 ubera,
2587 1465 2682 1508 aut
2710 1457 2800 1509 nix
2829 1472 2857 1508 a
2893 1455 3260 1512 Lihano?aut
3298 1459 3588 1513 declinabit
3620 1477 3750 1530 aqua

2191 1546 2452 1601 violenter
2488 1547 2718 1600 abducta
2750 1548 2948 1601 vento?
2995 1549 3082 1603 15.
3119 1548 3258 1615 Quia
3303 1551 3455 1604 obliti
3493 1563 3622 1605 sunt
3655 1555 3752 1606 mei

517 1635 655 1688 vecti
683 1651 845 1704 super
873 1637 1130 1690 curribus
1175 1645 1229 1690 et
1258 1638 1416 1707 equis
1442 1638 1578 1700 suis,
1610 1648 1665 1692 et
1690 1638 1962 1708 principes
1994 1653 2088 1692 eo-
2123 1664 2162 1720 η
2190 1637 2425 1704 p0pulus
2453 1650 2607 1690 meus
2647 1654 2660 1689 :
2693 1636 2745 1689 iii
2779 1651 2977 1690 vanum
3021 1638 3364 1699 adoluerunt,
3408 1641 3479 1709 (ὁ)
3523 1649 3576 1694 et
3615 1641 3756 1694 infir-

517 1740 663 1787 rum,
695 1724 761 1794 (Γ)
795 1726 894 1778 viri
918 1723 1090 1789 Judae,
1125 1727 1286 1780 etiam
1325 1728 1399 1781 illi
1424 1728 1517 1797 qui
1555 1728 1799 1782 habitant
1841 1729 1893 1782 in
1925 1727 2084 1783 Jeru-

519 1816 710 1879 salem,
735 1818 809 1886 (g)
837 1827 892 1871 et
933 1817 1266 1871 habitabitur
1295 1819 1425 1872 urbs
1467 1821 1579 1873 haec
1602 1821 1654 1872 iti
1681 1820 1958 1872 smcnlum.
2000 1819 2086 1872 26.

520 1905 587 1961 Et
609 1909 825 1962 venient
845 1923 911 1962 ex
941 1909 1167 1962 urbibus
1199 1907 1373 1975 Judae,
1398 1919 1451 1964 et
1479 1925 1542 1964 ex
1571 1910 1892 1964 circuitibus
1932 1909 2090 1964 Jeru-

521 2002 712 2063 salem,
744 2008 798 2054 et
838 2015 901 2053 ex
944 2008 1086 2053 terra
1129 1999 1434 2068 Benjamin,
1472 2009 1525 2053 et
1549 2017 1613 2054 ex
1647 2001 1723 2070 (Ii)
1759 2001 2000 2068 planitie,
2037 2010 2091 2055 et

519 2109 588 2147 ex
628 2101 832 2157 monte,
881 2101 935 2144 et
980 2106 1044 2144 ex
1085 2106 1171 2153 ea,
1217 2107 1340 2160 qua:
1390 2092 1457 2145 ad
1502 2092 1806 2157 meridiem,
1859 2092 2091 2146 ferentes

535 2183 877 2246 holocausta,
937 2193 991 2237 et
1033 2183 1094 2252 (i)
1143 2182 1515 2253 thymiamata,
1554 2191 1608 2236 et
1644 2182 1716 2251 (k)
1769 2198 1992 2246 manna,
2039 2187 2106 2237 et"

525 2277 673 2338 thus,
706 2285 757 2328 et
787 2274 1076 2327 alierentes
1128 2277 1192 2337 (Ι)
1235 2274 1446 2328 laudem
1495 2274 1548 2326 iit
1583 2274 1806 2327 domum
1858 2273 2089 2327 Domini.

523 2367 614 2421 27.
665 2367 733 2420 Et
779 2368 825 2421 si
886 2383 993 2420 non
1049 2363 1336 2421 audieritis
1375 2382 1482 2430 me,
1529 2367 1595 2418 ad
1645 2364 2092 2420 sanctiticandum

525 2459 671 2514 diem
709 2461 1083 2518 sabbatorum.
1128 2470 1187 2512 ut
1237 2473 1305 2511 ne
1355 2458 1582 2528 gestetis
1627 2459 1894 2519 sarcinas,
1925 2468 1974 2510 et
2013 2458 2095 2510 in-

525 2551 847 2618 grediamiui
886 2550 938 2603 in
969 2550 1139 2619 portis
1159 2548 1461 2604 Jerusalem
1503 2549 1556 2602 in
1589 2549 1676 2602 die
1719 2550 2093 2612 sabbatorum,

523 2643 690 2695 etiam
717 2641 1008 2694 accendant
1047 2640 1223 2708 ignem
1267 2639 1321 2692 in
1367 2639 1537 2707 portis
1567 2639 1709 2706 ejus,
1737 2649 1790 2693 et
1816 2640 2117 2698 devorabit.

529 2732 626 2800 (at)
652 2731 856 2800 plateas
888 2728 1215 2791 Jerusalem,
1249 2739 1304 2782 et
1323 2742 1429 2782 non
1455 2728 1849 2797 exstinguetnr.

599 2819 754 2876 CAP.
786 2819 1136 2873 XVlll.—l.
1194 2817 1452 2883 Verbum,
1495 2821 1640 2888 quod
1693 2817 1891 2872 factum
1921 2818 2095 2874 estad

531 2911 820 2968 Jeremiam
845 2927 874 2964 a
895 2911 1142 2973 Domino,
1174 2910 1362 2964 dicens
1397 2928 1410 2963 :
1440 2909 1492 2962 2.
1524 2908 1716 2978 Surge,
1748 2921 1802 2963 et
1832 2909 2099 2964 descende

2198 1727 2492 1779 mabuntur
2528 1725 2580 1778 in
2609 1725 2714 1779 viis
2750 1725 2868 1778 suis
2897 1723 3122 1780 funiculi
3150 1729 3484 1796 sempiterni,
3512 1730 3578 1782 ad
3622 1731 3758 1784 ince-

2195 1817 2431 1871 dendum
2489 1817 2542 1870 iu
2597 1817 2829 1882 semitis,
2868 1817 3067 1887 quibus
3111 1834 3216 1871 non
3265 1829 3348 1874 est
3390 1820 3476 1873 via
3523 1821 3590 1874 ad
3643 1823 3756 1886 iter,

2201 1910 2286 1963 16.
2317 1909 2383 1964 ad
2414 1911 2724 1979 ponendum
2765 1918 2967 1964 terram
3003 1926 3156 1964 suam
3206 1911 3259 1964 in
3297 1913 3525 1967 exitium
3555 1923 3608 1967 et
3637 1915 3756 1968 sibi-

2201 2002 2311 2054 lum
2360 2001 2770 2068 sempiternum.
2817 2001 3017 2056 Omnes
3065 2001 3101 2054 ii
3151 2002 3243 2070 qui
3291 2012 3579 2057 transeunt
3610 2020 3759 2073 super

2199 2107 2261 2142 ea
2318 2091 2723 2158 obstupesceut,
2783 2102 2832 2146 et
2893 2096 3314 2148 commovebunt
3373 2106 3538 2164 caput
3588 2114 3757 2152 suum.

2203 2179 2269 2232 17
2294 2179 2364 2248 (ο)
2399 2181 2553 2234 Sicut
2594 2192 2815 2234 ventum
2849 2191 3040 2247 aestus,
3083 2183 3386 2254 dispergam
3415 2202 3514 2240 eos
3539 2198 3661 2240 ante
3690 2188 3764 2240 fa-

2203 2272 2338 2324 ciem
2372 2270 2715 2324 inimicorum
2758 2287 2980 2325 suorum
3014 2291 3027 2326 :
3065 2277 3130 2340 >εε
3159 2274 3235 2342 (d)
3262 2277 3548 2343 cervicem,
3577 2291 3629 2332 et
3660 2295 3758 2332 nuit

2203 2361 2448 2427 facicm1
2496 2362 2778 2416 ostendam
2829 2363 2908 2417 eis
2958 2364 3011 2416 in
3061 2367 3146 2418 die
3197 2367 3514 2434 perditionis
3557 2385 3761 2423 eorum.

2207 2455 2293 2508 18.
2334 2453 2399 2508 Et
2451 2455 2706 2508 dixerunt
2753 2472 2767 2504 :
2815 2452 3021 2518 Venite,
3074 2457 3376 2526 cogitemus
3415 2473 3583 2528 super
3627 2459 3766 2514 Jerc—

2206 2543 2370 2596 iniam
2409 2543 2834 2611 cegitationetn;
2871 2544 2996 2611 quia
3039 2560 3146 2598 non
3192 2547 3390 2614 peribit
3423 2547 3507 2600 lex
3538 2566 3567 2601 a
3598 2565 3768 2603 sacer-

2206 2634 2349 2694 dote,
2382 2642 2436 2686 ct
2459 2634 2745 2687 consilium
2791 2648 2821 2686 a
2865 2634 2933 2704 (ι’)
2975 2636 3258 2704 prudente,
3294 2648 3348 2692 et
3377 2654 3606 2693 sermoa
3647 2655 3780 2710 pro--

2208 2725 2386 2791 pheta.
2419 2724 2626 2788 Venite,
2656 2734 2710 2778 et
2750 2727 3119 2794 percutiamus
3155 2743 3279 2782 eum
3319 2730 3371 2782 in
3401 2730 3602 2798 lingua,
3630 2737 3693 2800 χ
3716 2742 3769 2786 et

2210 2832 2316 2869 non
2335 2815 2374 2882 ,1
2413 2815 2698 2870 audiemus
2731 2832 2924 2872 omnes
2958 2832 3239 2873 sermones
3267 2819 3408 2888 ejus.
3450 2821 3538 2875 19.
3573 2821 3766 2876 Exaudi

2208 2924 2316 2972 me,
2351 2908 2598 2971 Domine,
2626 2917 2680 2962 et
2717 2910 2916 2963 exaudi
2955 2926 3142 2964 vocem
3171 2912 3238 2982 (Γ)
3272 2913 3414 2982 juris
3447 2914 3579 2968 mei.
3605 2913 3691 2968 20.
3718 2913 3770 2969 Si

535 3005 589 3060 iu
621 3002 845 3058 domum
878 3002 955 3072 (ii)
985 3001 1155 3073 ﬁguli,
1187 3010 1241 3055 et
1273 3000 1346 3054 ibi
1382 3000 1568 3055 audies
1592 3001 1752 3056 verba
1793 3016 1934 3056 mea.
1966 3003 2000 3056 5
2044 3001 2108 3056 Ει
2136 3018 2178 3070 C
2213 2999 2589 3051 retribuuntur
2637 2998 2776 3052 mala
2826 3014 2923 3068 pro
2969 3000 3161 3064 bonis;
3185 3003 3257 3072 (g)
3299 3004 3424 3072 quia
3460 3004 3622 3059 locuti
3655 3017 3774 3060 sunt

533 3097 789 3153 descendi
845 3095 901 3149 in
950 3095 1172 3150 domum
1225 3093 1392 3163 figuli,
1433 3102 1487 3146 et
1537 3108 1666 3147 ecce
1719 3093 1833 3162 ipse
1875 3091 2108 3148 faciebat

533 3206 672 3260 opus
699 3190 772 3260 (0)
797 3203 964 3257 super
989 3187 1257 3256 lapidibus
1283 3204 1297 3240 :
1325 3185 1380 3240 4.
1409 3195 1465 3240 et
1490 3186 1686 3240 cecidit
1705 3185 1918 3255 lagena,
1941 3201 2104 3255 quam

537 3282 654 3351 ipse
691 3279 922 3334 faciebat
958 3281 1025 3346 X
1056 3277 1108 3330 in
1141 3277 1256 3331 luto
1288 3277 1310 3346 1
1365 3279 1419 3330 in
1455 3277 1704 3332 manibus
1737 3275 1813 3347 (p)
1849 3277 1964 3330 suis
2005 3295 2018 3330 :
2053 3287 2109 3330 et

539 3387 734 3428 rursus
777 3371 906 3426 fecit
933 3385 1052 3425 eam
1104 3369 1352 3439 lagenam
1399 3369 1646 3434 alteram,
1693 3378 1753 3422 ut
1798 3367 2000 3437 placuit
2033 3366 2106 3435 (ᾳ)

538 3480 724 3519 coram
745 3479 811 3517 eo
839 3463 1037 3517 facere.
1070 3461 1124 3516 5.
1161 3459 1226 3515 Et
1273 3457 1478 3514 factum
1517 3468 1597 3514 est
1637 3459 1858 3514 verbum
1894 3456 2108 3511 Domini

539 3557 608 3612 ad
636 3571 743 3620 me,
781 3555 1006 3608 dicens:
1056 3552 1109 3606 6.
1147 3550 1227 3613 Si,
1271 3549 1730 3620 quemadmodum
1768 3550 1962 3619 figulus
1999 3548 2109 3609 hic,

545 3663 652 3702 non
692 3655 883 3716 potero
916 3644 1092 3698 facere
1123 3657 1240 3707 vos,
1272 3641 1466 3696 domus
1491 3640 1724 3700 lsraelis,
1756 3643 1823 3708 >κ
1852 3640 1984 3694 dicit
2008 3638 2113 3692 Du-

545 3737 762 3792 minus?
794 3738 817 3803 1
849 3735 986 3789 Ecce
1031 3737 1172 3789 sicut
1219 3735 1389 3787 lutum
1438 3735 1506 3800 )t(
1544 3734 1596 3785 in
1646 3733 1899 3785 manibus
1943 3731 2111 3800 liguli,

545 3831 620 3883 ita
656 3828 677 3896 1
703 3844 799 3882 vos
830 3827 962 3881 estis
984 3826 1036 3879 in
1073 3824 1324 3878 manibus
1346 3823 1500 3878 meis.
1519 3822 1796 3889 )(domus
1829 3821 2040 3876 lsraelis
2067 3822 2111 3887 1.

547 3919 600 3974 7.
631 3921 701 3990 (r)
739 3918 817 3972 Ad
846 3933 1114 3972 summam
1144 3916 1337 3984 loquar
1362 3929 1525 3982 super
1549 3922 1786 3982 gentem,
1817 3921 1908 3965 aut
1955 3927 2115 3980 super

545 4026 771 4079 regnum
805 4009 874 4079 (ε)
923 4009 988 4062 ad
1044 4008 1337 4061 tollemlum
1371 4020 1486 4066 eos,
1531 4007 1597 4073 3K
1635 4013 1688 4058 et
1723 4004 1787 4056 ad
1828 4003 2116 4057 destruena

545 4102 676 4156 dum
708 4099 756 4167 1,
787 4110 841 4153 et
870 4098 935 4153 ad
969 4097 1322 4168 perdendum.
1353 4096 1404 4148 8.
1441 4094 1504 4148 Et
1539 4102 1837 4148 revertetur
1867 4107 2000 4161 gens
2028 4093 2114 4144 illa

547 4208 579 4246 a
615 4193 773 4247 malis
797 4207 1010 4254 eorum,
1035 4204 1154 4258 quae
1179 4189 1394 4244 locutus
1422 4203 1542 4240 sum
1585 4201 1747 4255 super
1785 4202 1846 4238 ca
1899 4204 1910 4237 :
1954 4184 2116 4238 etiam

549 4286 612 4354 (ι)
661 4300 814 4354 agam
863 4282 1235 4352 pmnitentiam
1270 4294 1366 4348 pro
1401 4279 1579 4344 malis,
1618 4295 1740 4347 qua:
1769 4278 1998 4348 cogitavi
2038 4275 2116 4328 fa-

2207 3089 2371 3142 simul
2400 3090 2475 3160 (Il)
2499 3089 2765 3159 judicium
2801 3106 2862 3147 σε·
2901 3107 3066 3162 super
3099 3093 3335 3148 animam
3371 3112 3577 3160 meam,
3609 3107 3661 3152 et
3688 3112 3775 3167 po-

2212 3197 2340 3235 nere
2376 3182 2429 3235 in
2461 3191 2625 3252 caput
2667 3199 2825 3236 suum
2856 3183 2916 3252 (i.
2953 3200 3002 3238 e.
3051 3187 3237 3252 punire
3275 3199 3432 3242 semet
3476 3191 3660 3260 ipsos),
3691 3207 3776 3246 oc-

2210 3267 2487 3321 eultarunt
2519 3267 2566 3334 1.
2597 3267 2904 3323 Recordare
2929 3271 3056 3336 mei,
3089 3287 3213 3326 cum
3263 3275 3382 3328 steti
3431 3289 3565 3331 ante
3595 3277 3776 3331 faciem

2213 3370 2380 3423 tuam,
2408 3358 2474 3412 ad
2501 3359 2829 3428 loquendum
2873 3377 2968 3429 pro
3014 3363 3096 3418 eis
3138 3365 3278 3419 bona
3319 3367 3384 3419 ad
3429 3371 3776 3423 avertendum

2213 3450 2450 3506 furorem
2482 3461 2633 3504 tuum
2673 3452 2743 3506 ab
2764 3453 2862 3506 eis.
2903 3453 2992 3506 2|.
3030 3453 3254 3524 Propter
3291 3459 3392 3513 hoc
3421 3459 3492 3513 da
3527 3461 3662 3515 filios
3692 3477 3782 3515 eo-

2215 3558 2334 3596 rum
2365 3543 2416 3594 in
2448 3541 2666 3606 famem,
2711 3552 2765 3598 et
2810 3544 2871 3613 (i)
2905 3561 3170 3616 congrega
3201 3563 3298 3603 eos
3337 3550 3390 3602 in
3424 3568 3647 3606 manum
3681 3555 3783 3623 gla-

2214 3634 2308 3687 dii.
2341 3633 2496 3688 Fiant
2524 3649 2720 3690 uxores
2741 3650 2931 3689 eorum
2964 3638 3083 3692 sine
3121 3639 3329 3707 liberis,
3373 3653 3428 3696 et
3479 3644 3652 3699 vidua:
3685 3664 3698 3698 :
3733 3653 3785 3698 et

2217 3726 2317 3779 viri
2353 3741 2541 3779 eorum
2570 3726 2678 3779 sint
2717 3726 2881 3781 occisi
2916 3737 3110 3792 morte,
3149 3731 3220 3799 (li)
3257 3742 3312 3784 et
3342 3734 3573 3798 juvenes
3597 3751 3782 3791 eorum

2217 3815 2472 3868 cadentes
2506 3816 2560 3868 in
2597 3816 2778 3886 gladio
2811 3817 2864 3869 in
2896 3817 3055 3872 bello.
3104 3820 3194 3873 22.
3233 3820 3352 3877 Fiat
3376 3824 3585 3880 clamor
3617 3827 3670 3880 in
3700 3828 3788 3881 do-

2219 3906 2396 3960 mibus
2425 3922 2635 3973 eorum;
2666 3911 2731 3976 )i(
2761 3909 2886 3977 quia
2925 3911 2945 3977 1
2979 3910 3217 3966 adduces
3242 3931 3402 3983 super
3432 3932 3534 3973 eos
3557 3919 3787 3972 latrones

2220 3998 2422 4061 subito,
2457 4000 2714 4067 quoniam
2751 3999 2812 4066 (ι)
2844 4001 2943 4054 luit
2975 4002 3052 4056 eis
3093 4004 3315 4058 verbum
3353 4009 3418 4059 ad
3468 4009 3786 4077 capiendum

2221 4105 2328 4153 me,
2375 4098 2426 4142 et
2479 4090 2702 4158 laqueos
2747 4093 3074 4146 abdiderunt
3120 4112 3280 4163 super
3328 4113 3431 4152 me.
3481 4100 3574 4154 23.
3622 4099 3684 4153 Et
3715 4111 3786 4164 tu,

2225 4182 2471 4242 Domine.
2496 4182 2690 4236 novisti
2715 4197 2875 4236 omne
2904 4185 3192 4239 consilium
3218 4202 3427 4252 eorum,
3458 4193 3607 4258 quod
3636 4206 3788 4260 super

2225 4289 2310 4326 ine
2338 4273 2389 4325 in
2431 4283 2658 4327 mortem
2687 4293 2698 4324 :
2725 4276 2816 4342 (ιη)
2845 4289 2910 4328 ne
2949 4277 3178 4330 mundes
3219 4277 3542 4347 iniquitates
3584 4297 3787 4343 eorum,

551 4345 674 4430 cere
696 4345 811 4429 Veis.
861 4375 914 4429 9.
959 4372 1022 4426 Et
1062 4374 1138 4442 (ιι)
1173 4373 1238 4427 ad
1285 4386 1554 4426 summam
1585 4370 1773 4440 loquar
1799 4385 1961 4439 super
1990 4385 2118 4437 geu-
2155 4345 2195 4396 D
2225 4376 2278 4417 et
2306 4375 2522 4432 peccata
2553 4379 2740 4419 eorum
2772 4365 2839 4418 ab
2861 4375 2985 4419 ante
3007 4367 3197 4422 faciem
3225 4377 3370 4422 tuam
3395 4386 3469 4426 ne
3491 4373 3692 4426 deleas.
3717 4373 3788 4441 (η)

554 4477 685 4531 tein,
714 4475 768 4520 et
799 4480 962 4534 super
1008 4479 1256 4534 regnum,
1306 4471 1365 4517 ut
1405 4463 1697 4516 aedificetur
1743 4461 1942 4522 denuo,
1981 4467 2122 4513 etut

554 4557 828 4626 plantetur
855 4575 868 4610 :
903 4555 990 4609 10.
1024 4564 1078 4610 et
1106 4555 1304 4610 facient
1329 4554 1468 4608 mala
1497 4568 1680 4608 coram
1710 4568 1816 4616 me,
1851 4561 1909 4605 ut
1933 4566 2000 4604 ne
2020 4566 2119 4603 au-

555 4649 707 4704 diant
742 4665 927 4702 vocem
971 4664 1148 4703 meam
1181 4666 1196 4702 :
1245 4648 1406 4703 etiam
1435 4647 1514 4718 (π)
1547 4662 1703 4716 agam
1745 4645 2116 4715 paenitentiam

627 4869 696 4940 (e)
719 4867 940 4921 Aurem.
1008 4867 1073 4936 (Γ)

557 4942 782 4995 tionem.
843 4937 1073 4995 (MMAI‘

559 5143 759 5206 subito.
794 5143 878 5210 3.,
905 5147 1107 5203 statim.

561 5149 759 5206 subito.
794 5149 878 5210 8.,
905 5149 1107 5203 statim.
1185 5149 1263 5217 (π)
1314 5149 1400 5212 A.,
1433 5149 1801 5215 acquiescam.

561 5222 990 5291 perversitatem.
1070 5215 1276 5291 (ξύ-Α..
1313 5232 1441 5291 num
1469 5215 1801 5291 derelinquet

1879 5144 1950 5212 (υ)
1996 5147 2084 5207 Α..

2227 4454 2344 4507 Fiat
2372 4455 2658 4510 infirmitas
2683 4472 2868 4509 eorum
2901 4473 3083 4511 coram
3114 4468 3162 4512 te
3194 4477 3206 4512 :
3239 4461 3292 4513 in
3327 4470 3573 4532 tempore
3600 4462 3793 4517 furoris

2225 4546 2302 4598 tui
2334 4546 2416 4599 fac
2443 4546 2495 4599 in
2532 4548 2628 4600 eis.

2297 4639 2449 4692 CAP.
2475 4638 2591 4690 XIX
2623 4639 2906 4693 ——l.Tt:nc
2926 4643 3061 4694 dixit
3089 4641 3350 4697 Dominus
3379 4646 3445 4696 ad
3477 4661 3565 4697 ine
3592 4663 3604 4696 :
3634 4643 3790 4706 Vade,

1104 4865 1400 4936 Principes.
1461 4867 1536 4935 (g)
1559 4867 1646 4930 Α.,
1671 4874 1724 4919 et
1745 4864 2029 4936 habitabit.
2066 4935 2071 4936 γ
2101 4864 2283 4936 (Ιι)Α.,
2304 4861 2494 4916 limite.
2526 4860 2610 4926 S.,
2640 4861 2953 4936 profundo;
3003 4866 3067 4930 (i)
3091 4863 3182 4926 A.,
3208 4862 3796 4936 s_acri_fic_ium_et_obla-

843 4937 912 5006 (k)
941 4931 1186 4991 ΜᾹΝΝΑ
1204 4931 1388 5008 [Lege
1407 4931 1998 5008 ma'naaﬂidesis‘quze
2013 4934 2394 5008 adnatavimus
2417 4947 2581 5008 supra
2605 4934 2668 4985 ad
2690 4941 2895 4986 textum
2915 4932 3185 5008 (ingenui.
3214 4931 3434 5003 DrachJ
3512 4934 3576 5002 (ι)
3601 4931 3687 5008 8.,
3704 4949 3795 5008 μω

559 5011 735 5066 laude.
796 5001 1458 5079 (ni)VAM(POAA,'7leteas.
1481 5007 1681 5079 A.,_S._,
1709 5001 1926 5079 palatia.
1959 5074 1970 5079 _
1993 5005 2100 5079 tu).

2205 5003 2374 5079 figuli.
2447 5002 2637 5079 (o)._A.,
2662 5018 2825 5079 super
2847 5011 2984 5079 rota.
3007 5001 3092 5079 S_.,
3117 5001 3531 5079 super_organo.

560 5082 728 5156 figuli.
802 5070 885 5156 ω
908 5077 1081 5156 Α.,.ἰιι
1113 5070 1286 5156 oculis
1309 5078 1445 5156 ejus.
1529 5075 1596 5156 (ι’)
1627 5070 1725 5139 Α.ξ
1771 5073 1853 5137 8.,
1885 5070 2091 5156 subito.

2203 5070 2360 5141 ifAd
2403 5070 2816 5153 eradicandum.
2848 5151 2858 5156 Δ
2895 5077 2958 5139 (ι)
3000 5070 3505 5154 :4.,.acquieSCani.

2139 5153 2344 5197 resecta
2375 5157 2521 5210 spes,
2566 5151 2693 5210 quia
2742 5151 2866 5212 post
2894 5151 3252 5209 cogitationes
3284 5153 3522 5212 nostras.

1070 5215 1145 5284 (α)
1188 5211 1276 5282 21..
1313 5232 1441 5271 ηιιιιι
1469 5211 1873 5283 dérelinquetur
1897 5211 2162 5267 aLibano
2187 5212 2628 5284 fortisutfectura
2656 5211 2789 5284 nix?
2817 5213 2861 5266 si
2887 5213 3137 5284 deiticient
3162 5226 3316 5280 aquae
3347 5211 3542 5284 alienae
3574 5211 3792 5284 frigidae,

561 5279 785 5345 iluentes
813 5288 1105 5343 deorsum?
1131 5279 1213 5352 8.,
1246 5279 1372 5340 ιιιιιη
1397 5285 1608 5340 deficiet
1634 5301 1663 5338 a
1695 5279 1843 5353 petra
1881 5284 2110 5337 uberum
2147 5284 2242 5353 nix
2269 5281 2495 5335 Libani?
2521 5290 2615 5353 aut
2635 5282 2890 5353 tollentur
2918 5281 3017 5353 rivi
3050 5279 3325 5353 aquarum
3357 5279 3666 5353 alienarum
3700 5279 3794 5332 frio

561 5359 808 5429 gidarum
827 5360 850 5412 ἲ

561 5428 860 5483 orientalis.
937 5428 1013 5498 (ά)
1044 5428 1134 5492 Α..
1165 5429 1408 5498 dorsum.

565 5499 772 5552 foveam
802 5494 1004 5552 animai
1023 5513 1176 5552 meae.
1211 5496 1292 5561 8.,
1321 5497 1446 5566 quia
1477 5496 1731 5550 foderunt
1758 5494 2186 5566 corruptionem.

563 5566 626 5684 ξι)
660 5567 745 5633 Α,
775 5566 1029 5621 foderunt
1052 5566 1282 5634 foveam,
1326 5568 1576 5636 subigent
1609 5581 1713 5621 me.

583 5652 678 5684 U9.

583 5652 678 5687 ua.

924 5359 1000 5479 (12
1041 5357 1128 5422 S.,
1171 5350 1226 5411 et
1257 5357 1558 5427 itnpiugent
1600 5355 1652 5408 in
1691 5350 1793 5408 viis
1832 5353 1967 5434 suis,
2010 5355 2062 5406 iii
2112 5351 2323 5408 semitis
2362 5352 2707 5433 sempiternis
2741 5353 2807 5404 ad
2851 5350 3112 5406 eundum.

937 5431 952 5479 t
995 5428 1134 5479 iA..
1165 5429 1408 5479 dorsum.
1487 5426 1554 5479 (el
1591 5425 1680 5479 A..
1719 5422 1802 5479 8..
1827 5433 2088 5479 sapiente.
2167 5422 2234 5479 ff)
2266 5423 2356 5479 Α..
2397 5423 2832 5476 adversariorum
2873 5436 3112 5474 meorum

995 5429 1013 5498 )
1044 5428 1134 5492 Α..
1165 5422 1408 5498 dorsum.
1437 5422 1457 5426 ⁷
1483 5426 1561 5498 ιε).
1591 5425 1680 5491 A.,
1719 5422 1802 5490 S.,
1827 5423 2088 5498 sapiente.

2203 5422 2234 5491 Γ)
2266 5423 2356 5498 4.,
2376 5423 2832 5498 _adversariorum
2873 5436 3136 5474 meorum.

1794 5567 1890 5636 (tu)
1920 5564 2010 5632 Α.,
2060 5580 2126 5619 ne
2163 5563 2349 5634 expies
2388 5563 2730 5632 iniquitatem
2773 5576 2986 5616 eorum.

3189 5348 3262 5420 (ο)
3292 5351 3384 5412 Α..
3425 5351 3577 5405 sicut
3612 5360 3798 5404 ventus

3219 5421 3293 5490 (g)
3331 5423 3418 5484 .4.,
3447 5431 3505 5474 et
3550 5420 3794 5474 foderurt

3245 5490 3318 5562 (lt)
3348 5491 3437 5553 A.,
3466 5500 3522 5544 et
3553 5490 3729 5562 electi.

2265 5493 2338 5574 th)
2376 5490 2577 5574 Verba.
2631 5494 2714 5574 7(i)
2737 5493 2828 5556 «4.,
2867 5501 3167 5574 prosterue.
3199 5564 3211 5574 ⁸
3245 5490 3437 5574 (In-4.,
3466 5500 3522 5544 et
3553 5490 3764 5574 elec‘t'ia

3064 5561 3142 5628 (η)
3179 5564 3267 5623 .4.,
3299 5562 3403 5616 sint
3438 5575 3633 5615 coram
3667 5561 3798 5615 facie

2655 5494 2714 5562 (i)
2737 5493 2777 5544 Α
2792 5532 2828 5556 .,
2867 5501 3167 5558 prosterne.
