4042 6194
254 277 396 337 2341

1483 281 1804 336 ,ιΕΙιΕΜιΑι
1848 284 2077 339 CAPUT
2117 286 2309 344 XXIV.

3368 299 3507 352 E342

250 390 516 463 plantabo
533 403 650 452 eos,
693 397 745 444 ct
774 403 883 442 non
906 388 1237 459 exstirpabo.
1275 390 1323 444 7.
1354 389 1418 444 Et
1450 393 1591 446 dabo
1620 395 1699 449 eis
1722 410 1838 455 cor,
1871 411 1912 466 Α
1944 397 2071 464 pleti
2121 397 2319 451 fuerint
2368 400 2420 453 lii
2470 402 2809 470 septuaginta
2859 404 3007 465 anui,
3052 406 3115 471 Ν(
3161 412 3234 476 (gi
3278 409 3509 465 uleiscar

247 482 329 535 ad
357 480 791 549 cognoscendum
826 493 932 541 me,
984 480 1126 547 qttod
1151 495 1251 541 ego
1287 496 1408 534 sum
1442 480 1739 537 Dominus:
1778 493 1833 537 et

246 581 417 627 erunt
469 571 600 624 milii
635 570 687 624 itt
724 570 1003 639 populum,
1050 580 1103 624 et
1135 587 1235 636 ego
1281 586 1376 625 ero
1421 572 1502 627 eis
1532 574 1585 626 in
1624 572 1827 640 Deum;

246 664 385 733 quia
412 677 471 717 se
494 673 811 716 convertant
832 677 896 715 ex
918 670 1029 715 toto
1056 662 1219 716 corde
1243 677 1364 717 suo.
1402 663 1455 718 8.
1491 663 1555 717 Et
1603 673 1661 718 ut
1694 666 1727 718 ti
1752 682 1830 721 'us

246 755 434 810 malm.
473 766 594 819 quae
642 768 753 805 non
805 755 1160 807 comedentur
1184 769 1294 823 pra:
1328 756 1530 810 malitia
1566 773 1683 813 sua.
1718 757 1831 811 haec

244 845 385 898 dicit
420 843 704 907 Dominus,
753 843 837 897 sic
869 844 1077 897 tradam
1125 840 1402 899 Sedeciam
1448 862 1625 916 regem
1652 847 1826 912 Judze,

242 945 308 988 et
337 934 406 1003 (r)
438 943 718 1003 magnates
759 934 900 1002 ejus,
954 943 1008 987 et
1060 935 1336 989 residuum
1373 935 1697 1002 Jerusalem,
1733 940 1827 1008 qui

244 1024 459 1078 residui
504 1034 634 1079 sunt
688 1024 740 1077 in
797 1035 939 1079 terra
995 1027 1117 1091 hac,
1165 1041 1284 1090 eos,
1342 1028 1434 1095 qui
1481 1030 1728 1084 habitant
1773 1031 1825 1085 in

246 1114 509 1185 Egypto.
577 1114 629 1168 9.
685 1115 751 1167 Et
795 1116 934 1169 dabo
988 1131 1083 1170 eos
1114 1116 1182 1184 (δ)
1222 1116 1275 1169 in
1322 1117 1718 1186 dispersionem
1773 1122 1825 1177 in

246 1206 436 1256 omnia
466 1218 628 1272 regna
668 1211 843 1266 terrze,
878 1212 932 1257 et
966 1203 1017 1256 in
1053 1204 1427 1272 opprobrium,
1468 1216 1521 1259 et
1570 1206 1621 1258 in
1672 1206 1826 1259 fabu-

246 1296 382 1358 lam,
432 1304 486 1349 et
515 1294 577 1363 (ι)
609 1295 663 1348 ln
694 1311 727 1348 ο
748 1297 899 1359 lium,
945 1305 999 1350 et
1026 1295 1079 1349 in
1115 1296 1545 1351 maledictionem
1597 1297 1650 1350 in
1678 1298 1826 1352 omni

244 1384 395 1447 loco,
447 1400 556 1454 quo
606 1386 868 1453 eXpeIlam
921 1401 1018 1441 eos
1062 1386 1211 1440 illuc.
1276 1386 1362 1441 10.
1406 1384 1473 1442 Et
1519 1388 1726 1441 mittam
1771 1389 1824 1442 in

241 1490 345 1528 eos
374 1474 635 1544 gladium,
665 1484 718 1529 et
754 1475 974 1539 famem,
1009 1486 1063 1529 et
1085 1477 1163 1544 (υ)
1194 1486 1441 1535 mortem.
1482 1477 1656 1532 donec
1696 1480 1825 1533 cono“

244 1574 545 1618 sumantur
576 1565 644 1619 de
676 1573 840 1630 terra,
895 1581 1059 1636 quam
1099 1566 1223 1621 dedi
1255 1567 1357 1633 eis,
1388 1570 1455 1634 )t(
1484 1576 1538 1621 et
1580 1571 1825 1636 patribus

241 1668 443 1707 eorum
473 1654 521 1721 1.

1934 502 2099 553 super
2126 503 2304 555 regem
2341 488 2667 559 Babylonis,
2712 500 2767 545 et
2810 492 2832 557 1
2874 509 3035 561 super
3081 505 3293 561 gentem
3336 499 3507 564 illam,

1932 573 2065 627 dicit
2096 574 2377 639 Dominus,
2412 576 2731 644 iniquitates
2759 590 2945 630 eorum
2972 618 2986 636 .
3018 588 3071 632 et
3101 594 3267 648 super
3305 590 3507 637 terram

1930 663 2346 727 Chaldaeorum,
2390 674 2444 718 et
2481 680 2681 733 ponam
2717 681 2810 720 eos
2860 669 2912 719 in
2957 669 3181 722 exitium
3226 682 3509 738 sempiter-

1931 767 2061 806 nunt
2098 753 2118 819 1
2145 794 2159 817 ,
2199 754 2283 806 l3.
2314 764 2367 807 et
2404 754 2657 807 inducam
2688 770 2852 823 super
2877 765 3074 809 terram
3104 756 3288 811 omnia
3322 758 3507 822 verba,

1930 858 2052 912 qua:
2079 843 2294 899 locutus
2319 860 2439 899 sum
2468 859 2632 911 super
2651 859 2717 896 ea
2740 860 2753 907 ;
2779 845 2985 904 omnia,
3011 860 3133 913 qua:
3155 846 3354 914 scripta
3381 856 3510 900 sunt

1931 930 1983 984 in
2012 931 2151 985 libro
2183 932 2306 995 hoc,
2340 948 2462 1001 quae
2499 932 2842 1001 prephetavit
2876 932 3115 987 Ieremia
3139 942 3303 1002 super
3330 935 3511 989 omni-

1930 1020 2032 1075 bus
2065 1021 2335 1091 gentibus.
2388 1022 2469 1076 14.
2516 1024 2582 1089 >ς<
2617 1022 2692 1092 (lt)
2731 1023 2875 1088 Quia
2909 1023 3192 1078 coluerunt
3224 1024 3505 1078 servitium

1929 1110 1983 1162 in
2011 1110 2093 1164 eis
2140 1110 2266 1164 item
2303 1110 2437 1179 ipsis
2463 1120 2650 1179 gentes
2697 1113 2913 1177 multas,
2949 1120 3003 1165 ct
3035 1126 3188 1179 reges
3219 1112 3420 1179 magni,
3452 1120 3509 1165 et

1929 1199 2229 1253 retribuam
2256 1198 2335 1253 eis
2368 1200 2667 1254 secundum
2701 1214 2838 1269 opus
2869 1214 3079 1263 eorum,
3112 1207 3168 1253 et
3204 1200 3506 1254 secundum

1930 1286 2069 1341 facta
2096 1302 2356 1343 manuum
2386 1304 2574 1344 eorum
2599 1289 2647 1357 1.
2681 1289 2765 1342 15.
2802 1288 2940 1354 Quia
2966 1289 3045 1343 sic
3068 1288 3205 1345 dixit
3245 1288 3507 1344 Dominus

1928 1379 2072 1434 Deus
2114 1380 2328 1435 lsraelis
2358 1381 2424 1435 ad
2469 1395 2556 1435 me
2595 1398 2608 1433 :
2656 1379 2823 1433 Smne
2855 1380 3082 1434 calicem
3124 1379 3235 1433 vini
3283 1379 3347 1449 (ἰ)
3396 1394 3504 1433 nou

1929 1470 2079 1527 mixti
2109 1472 2271 1541 hujus
2296 1488 2362 1526 ex
2399 1487 2563 1526 manu
2601 1488 2742 1534 mea,
2774 1482 2825 1526 et
2863 1472 3020 1525 dabis
3052 1471 3345 1526 bibendum
3378 1486 3505 1527 cum

1927 1564 2181 1618 omnibus
2219 1565 2493 1633 gentibus,
2534 1565 2601 1619 ad
2639 1580 2785 1634 quas
2814 1579 2915 1634 ego
2957 1563 3113 1617 mitto
3159 1571 3209 1615 te
3247 1581 3261 1616 :
3333 1562 3418 1617 16.
3451 1572 3508 1616 et

1927 1653 2127 1716 bibent,
2164 1655 2236 1724 (lt)
2269 1664 2324 1710 et
2358 1665 2628 1716 evomant,
2663 1664 2717 1709 et
2755 1653 3025 1709 insanient
3054 1652 3123 1706 ab
3153 1663 3278 1711 ante
3310 1651 3505 1706 faciem

324 1742 463 1811 Cap.
499 1741 822 1799 XXV.—l.
858 1744 921 1814 (⁹)
957 1743 1215 1811 Verbum,
1249 1746 1393 1813 quod
1426 1746 1626 1801 factum
1650 1755 1733 1800 est
1756 1745 1822 1799 ad
1857 1753 1897 1808 Β
1926 1744 2110 1812 gladii,
2143 1761 2305 1815 quem
2343 1761 2445 1816 ego
2485 1747 2641 1799 mitto
2686 1745 2739 1799 in
2785 1744 3026 1801 medium
3066 1758 3281 1799 eorum.
3317 1742 3405 1796 l7.
3439 1744 3507 1809 χ(

237 1830 540 1886 Jeremiam
582 1849 747 1902 super
791 1848 1010 1889 omnem
1060 1837 1318 1905 populum
1362 1835 1536 1905 ludat,
1583 1839 1636 1891 in
1682 1852 1829 1892 anno

238 1933 453 1989 quarto
468 1922 679 1977 loacim
708 1924 800 1977 lilii
829 1923 997 1979 Josize
1027 1926 1170 1996 regis
1202 1925 1356 1981 Iudae
1385 1944 1400 1980 :
1434 1927 1480 1981 is
1514 1929 1579 1995 Ἀ(
1613 1937 1693 1982 est
1731 1942 1827 1981 an-

239 2029 355 2066 nus
415 2013 625 2081 primus
685 2014 1240 2072 Nabuchodonosoris
1305 2020 1449 2087 regis
1511 2016 1822 2088 Babylonis,

236 2103 475 2155 verbum
506 2103 555 2169 1,
580 2103 634 2155 2.
659 2105 800 2170 quod
824 2105 1040 2159 locutus
1062 2114 1145 2160 est
1165 2108 1231 2174 χ(
1254 2105 1486 2161 Jeremia
1507 2110 1769 2176 propheta
1794 2110 1816 2177 1

236 2192 315 2247 ad
346 2208 570 2247 omnem
587 2194 845 2262 populum
869 2193 1110 2261 Jndte,et
1136 2198 1202 2251 ad
1232 2198 1543 2253 habitantes
1579 2198 1632 2251 in
1660 2196 1822 2252 Jeru-

235 2284 440 2346 salem,
478 2284 666 2339 dicens
699 2304 712 2339 :
749 2287 802 2341 5.
846 2289 925 2359 (ω)
956 2287 1012 2341 ln
1046 2303 1195 2342 anno
1222 2293 1384 2343 tertio
1413 2289 1626 2344 decimo
1662 2288 1826 2344 Josite

236 2375 343 2428 ﬁlii
363 2376 535 2431 Amon
561 2377 701 2447 regis
726 2377 897 2442 .ludte,
916 2390 967 2432 et
988 2395 1166 2449 usque
1180 2380 1246 2434 ad
1272 2381 1418 2435 diem
1440 2382 1583 2435 hunc
1598 2385 1665 2447 ὴ(
1681 2381 1770 2436 isti
1796 2380 1819 2447 1

240 2477 364 2522 tres
402 2477 458 2521 et
486 2468 673 2537 viginti
709 2470 857 2535 anui,
893 2472 959 2539 )t(
990 2470 1191 2525 factum
1231 2481 1315 2525 est
1349 2472 1575 2527 verbum
1610 2472 1822 2526 Domini

235 2557 315 2609 ad
338 2570 424 2608 me
459 2557 480 2621 1
517 2570 532 2607 :
572 2565 627 2610 et
648 2558 863 2612 locutus
892 2575 1011 2613 sum
1038 2561 1105 2613 ad
1135 2576 1251 2625 vos,
1280 2569 1625 2615 antevertens
1653 2574 1706 2616 et
1734 2561 1822 2615 di-

234 2660 398 2709 cens,
420 2647 539 2715 Xet
564 2662 671 2701 non
694 2649 979 2703 audivistis
1002 2667 1014 2703 :
1038 2650 1087 2703 4.
1110 2651 1186 2718 (y)
1214 2658 1267 2703 et
1290 2650 1412 2704 misi
1431 2650 1497 2703 ad
1520 2666 1616 2704 vos
1635 2666 1822 2707 omnes

238 2752 436 2792 servos
466 2753 616 2792 meos
652 2739 965 2808 prophetas,
1017 2740 1069 2793 in
1113 2741 1380 2795 matutino
1428 2741 1730 2807 mittebam,
1768 2750 1823 2797 et

238 2842 354 2880 non
402 2829 706 2891 audivistis,
743 2839 798 2883 et
844 2830 915 2900 μ)
955 2846 1063 2884 non
1107 2830 1416 2885 attendistis
1454 2833 1683 2888 auribus
1732 2848 1823 2887 ve-

235 2918 377 2970 stris
407 2920 474 2985 χ
513 2919 579 2972 ad
613 2920 939 2974 audiendum
973 2921 1038 2988 1,
1078 2921 1132 2975 5.
1184 2921 1373 2976 dicens
1408 2941 1421 2976 :
1468 2923 1819 2979 Revertimini

240 3024 392 3063 nunc
422 3011 498 3079 (α)
541 3012 918 3080 unusquisque
962 3028 995 3066 a
1035 3014 1119 3066 via
1149 3030 1248 3067 sua
1286 3015 1448 3077 mala,
1476 3026 1530 3070 et
1558 3032 1588 3070 a
1625 3018 1821 3072 studiis

1927 1833 1993 1888 Et
2030 1835 2204 1890 sumsi
2247 1835 2269 1902 1
2310 1836 2531 1891 calicem
2568 1850 2635 1889 ex
2675 1851 2840 1889 manu
2885 1834 3120 1900 Domini,
3165 1842 3221 1889 et
3260 1835 3383 1889 dedi
3417 1836 3504 1889 bi-

1926 1923 2161 1980 bendum
2194 1926 2447 1981 omnibus
2481 1927 2735 1996 gentibus
2757 1965 2773 1988 ,
2809 1926 2876 1980 ad
2911 1941 3049 1996 quas
3081 1926 3229 1981 misit
3267 1942 3353 1980 me
3393 1926 3505 1980 Do-

1926 2017 2108 2071 minus
2142 2020 2210 2085 Χ
2245 2018 2308 2087 (ι)
2340 2018 2407 2072 ad
2437 2034 2530 2074 eas
2566 2018 2596 2085 1
2632 2034 2644 2070 :
2692 2018 2778 2074 18.
2818 2017 3120 2074 Jerusalem
3142 2058 3156 2081 ,
3189 2026 3247 2073 et
3277 2017 3508 2073 urbibus

1924 2106 2098 2172 ludat,
2126 2115 2180 2162 et
2201 2109 2418 2179 regibus
2442 2109 2585 2177 ejus,
2610 2120 2665 2163 et
2685 2110 3023 2180 principibus
3041 2110 3182 2180 ejus,
3209 2109 3276 2164 ad
3301 2124 3507 2179 penem

1924 2198 2053 2252 dum
2084 2213 2179 2253 eos
2211 2199 2265 2252 in
2307 2200 2724 2263 desolationem,
2770 2210 2823 2254 ct
2857 2200 2961 2270 (nt)
2995 2201 3048 2253 in
3085 2215 3190 2254 non
3231 2199 3501 2269 pervium,

1922 2297 1977 2341 et
2004 2289 2057 2341 in
2090 2289 2332 2353 sibilum,
2360 2292 2428 2356 γε(
2461 2298 2515 2343 et
2543 2290 2594 2342 in
2624 2289 3055 2343 maledictioncm
3085 2289 3139 2343 in
3165 2288 3255 2343 die
3288 2288 3395 2343 hoc
3422 2287 3443 2354 1
3484 2304 3499 2340 :

1926 2378 2012 2432 i9.
2053 2388 2108 2433 et
2136 2378 2407 2434 Pharaoni
2440 2380 2553 2448 regi
2592 2378 2831 2448 Egypti,
2872 2388 2926 2433 et
2964 2381 3137 2433 servis
3169 2379 3311 2449 ejus,
3340 2387 3395 2433 et
3423 2379 3527 2448 (ny

1923 2469 2263 2538 magnatibns
2284 2470 2425 2538 ejus,
2454 2470 2545 2524 20.
2577 2480 2630 2524 et
2659 2471 2809 2523 omni
2837 2471 3037 2539 populo
3067 2470 3208 2538 ejus,
3239 2478 3295 2523 et
3318 2470 3501 2524 omni-

1924 2560 2025 2613 bus
2056 2561 2238 2613 mixtis
2266 2560 2409 2628 ejus,
2444 2569 2500 2613 et
2533 2561 2787 2615 omnibus
2821 2562 3037 2631 regibus
3069 2560 3395 2624 insularum,
3433 2563 3501 2629 )t(

1921 2659 1977 2704 et
1997 2651 2252 2706 ontnibus
2277 2651 2496 2721 regibus
2521 2660 2678 2705 terra:
2701 2650 2776 2721 (ο)
2806 2652 3232 2721 alienigenarunt
3262 2650 3311 2719 1,
3335 2650 3502 2704 etiam

1921 2741 2201 2804 Ascaloni,
2248 2751 2303 2796 et
2335 2741 2513 2807 Gazaz,
2558 2752 2614 2797 et
2653 2746 2920 2803 Accaron,
2964 2749 3019 2795 et
3057 2740 3277 2795 residuo
3321 2739 3500 2802 Azoti,

1922 2832 2012 2888 2t.
2046 2842 2101 2887 et
2135 2835 2402 2896 ldumatze,
2442 2845 2497 2889 et
2532 2834 2837 2899 Moabitidi,
2869 2842 2925 2889 et
2956 2834 3083 2888 filiis
3112 2833 3370 2898 Ammon,
3407 2831 3500 2888 22.

1923 2934 1976 2979 et
2004 2924 2259 2979 omnibus
2292 2926 2511 2994 regibus
2544 2924 2694 2994 Tyri,
2724 2933 2779 2978 et
2803 2924 3061 2979 omnibus
3095 2923 3314 2993 regibus
3341 2921 3503 2976 Sido.

1926 3016 2033 3077 nis,
2068 3019 2134 3082 ἷξε(
2159 3026 2213 3070 et
2242 3017 2459 3085 regibus
2491 3016 2793 3071 insularum
2825 3015 2875 3082 1.
2903 3015 2996 3084 qui
3025 3025 3174 3069 trans
3207 3027 3377 3077 mare,
3406 3013 3504 3069 23..

240 3100 406 3154 ntalis
457 3102 672 3165 vestris,
717 3111 772 3155 et
810 3102 1120 3158 habitabilis
1169 3105 1223 3157 in
1275 3114 1439 3169 terra,
1488 3122 1653 3174 quant
1697 3108 1816 3162 dedi
1848 3130 1889 3185 ο
1922 3116 1976 3161 et
2005 3105 2215 3171 Dadan,
2242 3117 2297 3161 et
2325 3106 2593 3173 Themau,
2624 3116 2676 3162 et
2704 3106 2835 3168 Bos.
2860 3115 2915 3161 et
2944 3106 3093 3161 omni
3122 3114 3282 3161 tonso
3308 3118 3531 3159 versus.

243 3191 420 3249 vobis.
452 3201 506 3245 et
541 3193 784 3261 patribus
817 3196 1009 3249 vestris
1042 3210 1071 3248 a
1103 3197 1324 3256 saeculo.
1353 3211 1406 3251 et
1440 3213 1612 3267 usque
1636 3198 1688 3252 in
1718 3216 1821 3253 sa:-

242 3282 448 3336 culum.
477 3283 532 3336 6.
564 3281 641 3337 Ne
666 3285 954 3340 ambulctis
977 3297 1100 3355 post
1127 3288 1258 3341 deos
1292 3289 1520 3350 alienos,
1549 3290 1614 3343 ad
1642 3291 1821 3343 colen-

244 3376 373 3427 dum
429 3375 708 3429 servitium
756 3377 859 3441 eis,
917 3385 973 3432 et
1020 3378 1086 3432 ad
1132 3379 1469 3434 adorandum
1513 3396 1627 3445 eos.
1661 3392 1822 3438 utne

239 3465 469 3521 irritetis
514 3482 600 3522 nte
645 3467 698 3520 in
747 3469 1007 3536 operibus
1056 3486 1316 3524 manuum
1372 3481 1696 3537 vestrarum,
1747 3474 1812 3527 ad

246 3557 695 3612 malefaciendum
727 3559 902 3623 vobis,
940 3559 990 3614 7.
1020 3570 1073 3616 ct
1102 3577 1209 3615 non
1236 3562 1466 3617 audistis
1502 3580 1605 3629 me,
1640 3566 1707 3630 )3;
1741 3565 1823 3617 di-

244 3649 317 3701 cit
349 3648 632 3715 Dominus,
676 3659 731 3704 ut
777 3651 999 3706 irritetis
1038 3668 1124 3705 me
1162 3653 1216 3705 in
1256 3654 1515 3722 operibus
1559 3670 1818 3708 manuum

245 3748 549 3794 vestrarum
574 3781 590 3806 ,
617 3742 683 3795 ad
715 3742 853 3795 male
885 3742 1191 3797 faciendum
1220 3744 1376 3798 vobis
1416 3745 1463 3811 1.
1508 3744 1559 3799 8.
1594 3744 1821 3815 Propter

245 3831 350 3885 hoc
390 3832 505 3885 haec
550 3832 681 3886 dicit
724 3832 985 3888 Dominus
1019 3837 1086 3901 Χ
1133 3835 1395 3889 virtutum
1442 3837 1510 3905 1,
1557 3837 1693 3903 Quia
1747 3838 1819 3909 (ὁ)

243 3936 353 3975 non
382 3923 690 3979 credidistis
717 3925 899 3979 verbis
926 3926 1083 3990 meis,
1114 3926 1166 3980 9.
1201 3942 1327 3982 ecce
1353 3930 1420 3995 >κ
1451 3944 1551 3998 ego
1582 3930 1603 3997 1
1639 3933 1818 3997 mitto,

241 4023 299 4066 et
327 4028 539 4067 sumam
561 4015 631 4084 (r)
659 4030 877 4069 omnem
909 4016 1105 4070 tribum
1139 4016 1433 4085 aquilonis,
1461 4021 1527 4084 >ε<
1557 4020 1686 4072 dicit
1720 4019 1822 4073 Do-

244 4103 450 4166 minus,
486 4113 541 4159 et
578 4105 646 4158 ad
678 4105 1272 4161 Nabucltodonosorcm
1313 4123 1493 4176 regem
1528 4108 1819 4178 Babylonis

240 4210 461 4249 servum
516 4212 695 4251 meum
735 4201 782 4264 1,
839 4206 894 4252 et
944 4198 1210 4252 adducam
1258 4213 1353 4253 eos
1404 4214 1566 4267 super
1618 4208 1816 4253 terram

244 4289 408 4347 hanc,
443 4297 497 4340 et
533 4302 695 4356 super
748 4288 1055 4343 habitantes
1105 4290 1157 4342 in
1190 4304 1275 4355 ea,
1319 4300 1375 4343 et
1420 4304 1582 4359 super
1626 4305 1819 4344 omnes

242 4388 454 4447 gentes,
488 4395 610 4448 qua:
641 4379 695 4434 in
733 4379 964 4435 circuitu
992 4381 1133 4451 ejus.
1170 4382 1247 4451 (ἀ)
1274 4392 1327 4437 et
1364 4382 1585 4437 vastabo
1609 4398 1722 4447 eos,
1766 4394 1817 4436 et

1924 3192 2116 3247 faciem
2148 3208 2330 3258 suam,
2356 3193 2447 3247 24.
2478 3202 2532 3247 et
2563 3193 2824 3248 omnibus
2854 3193 3074 3264 regibus
3099 3195 3166 3260 χ
3195 3190 3413 3245 Arabia:
3448 3189 3503 3257 1,

1921 3292 1975 3338 ct
2011 3285 2266 3340 omnibus
2301 3287 2368 3353 )t(
2408 3285 2629 3355 regibus
2678 3285 3036 3352 1contmixtis
3057 3326 3072 3349 ,
3095 3282 3531 3340 diversantibus.

1923 3376 1977 3430 in
2007 3376 2245 3438 deserto,
2275 3377 2366 3431 25.
2401 3379 2469 3446 ὶεί
2502 3384 2556 3431 et
2591 3378 2847 3433 omnibus
2886 3377 3106 3447 regibus
3135 3374 3320 3429 Zamri
3355 3373 3407 3441 1,
3445 3381 3529 3427 et.

1921 3467 2176 3522 omnibus
2206 3468 2424 3537 regibus
2462 3467 2665 3532 IElam,
2695 3478 2750 3523 et
2780 3470 3039 3524 omnibus
3068 3468 3286 3537 regibus
3313 3461 3515 3522 Persam

1924 3574 2065 3623 rum,
2097 3559 2187 3613 26.
2230 3568 2287 3613 et
2315 3560 2573 3615 omnibus
2603 3560 2822 3628 regibus
2855 3561 3150 3631 aquilonis,
3181 3559 3275 3630 qui
3310 3573 3507 3629 prope,

1920 3658 1976 3703 et
2007 3650 2101 3718 qui
2130 3649 2307 3719 longe,
2345 3650 2644 3720 unicuique
2679 3653 2747 3706 ad
2775 3651 2996 3706 fratrem
3025 3667 3209 3715 suum,
3241 3660 3295 3705 et
3322 3652 3501 3705 Oﬁlllir

1924 3740 2027 3795 bus
2052 3741 2235 3811 regnis
2270 3751 2448 3808 terrae,
2480 3759 2605 3811 quae
2634 3758 2799 3812 super
2824 3742 2961 3797 faeie
2997 3752 3177 3803 terrae.
3214 3744 3280 3810 >δ<
3310 3751 3363 3796 et
3389 3742 3500 3811 regi

1925 3830 2080 3886 Sisac
2113 3833 2161 3901 1,
2204 3832 2350 3887 bibet
2390 3832 2465 3904 (p)
2498 3834 2881 3903 unusquisque
2902 3848 2966 3888 ex
2997 3832 3098 3888 eis.
3129 3830 3221 3885 27.
3263 3829 3328 3885 Et
3350 3830 3503 3885 dices

1923 3924 1991 3977 ad
2037 3939 2181 3979 eos:
2227 3923 2318 3979 Sic
2364 3924 2500 3978 dixit
2550 3924 2812 3980 Dominus
2848 3925 2923 3993 (q)
2966 3923 3312 3990 oumipotcns
3361 3921 3504 3975 Deus

1924 4014 2138 4069 lsraelis
2176 4032 2189 4068 :
2241 4015 2433 4079 Bibite,
2474 4022 2528 4067 ct
2564 4014 2939 4077 inchriamini,
2960 4023 3014 4067 et
3055 4013 3277 4075 Vomite,
3318 4022 3373 4065 et
3412 4028 3500 4070 ea,

1920 4104 2080 4168 detis,
2129 4113 2182 4157 et
2206 4120 2314 4157 non
2339 4105 2633 4173 resurgctis
2658 4104 2727 4158 ab
2752 4116 2875 4158 ante
2903 4103 3091 4158 [aciem
3122 4106 3306 4173 gladii,
3337 4121 3499 4173 quem

1922 4199 2137 4251 mittam
2171 4198 2314 4251 inter
2349 4212 2469 4252 vos.
2499 4197 2589 4250 28.
2619 4195 2685 4249 Ει
2711 4196 2815 4249 erit
2848 4195 3067 4264 quando
3095 4211 3203 4248 non
3232 4196 3500 4251 voluerint

1922 4292 2168 4359 accipere
2200 4289 2425 4343 calicem
2457 4304 2487 4341 a
2529 4304 2693 4341 manu
2725 4296 2839 4349 tua,
2878 4296 2937 4340 ut
2973 4286 3181 4352 bibant,
3219 4286 3385 4341 etiam
3411 4289 3498 4341 di-

1922 4398 2013 4438 ces
2040 4383 2120 4437 eis
2155 4400 2168 4435 :
2204 4382 2296 4437 Sic
2324 4380 2461 4435 dixit
2486 4379 2746 4433 Dominus
2781 4378 3041 4432 virtutum
3074 4395 3087 4432 :
3126 4376 3367 4432 Bibenda
3414 4378 3498 4433 bi-

242 4470 388 4521 dabo
415 4483 511 4524 eos
544 4470 597 4523 in
626 4470 873 4535 exitium,
908 4480 961 4526 et
992 4473 1045 4525 in
1070 4473 1312 4537 sibilum,
1346 4472 1415 4543 (ε)
1444 4482 1498 4527 et
1537 4474 1587 4527 in
1620 4489 1818 4543 oppro-
1853 4464 1894 4518 ι)
1926 4475 2097 4541 betis;
2135 4474 2226 4529 29.
2262 4474 2389 4544 quia
2413 4474 2479 4539 )a(
2510 4487 2638 4525 ecce
2670 4472 2692 4541 1
2732 4472 2784 4524 in
2812 4470 2965 4536 urbe,
3010 4486 3132 4540 qua:
3157 4470 3498 4525 nominatum

242 4563 424 4614 brium
457 4561 846 4631 sempiternum
886 4581 897 4616 :
951 4564 1037 4618 10.
1074 4573 1128 4617 et
1162 4565 1381 4633 perdam
1415 4580 1479 4619 ex
1515 4565 1594 4619 eis
1631 4581 1815 4620 vocem
1925 4576 2009 4622 cst
2053 4581 2249 4620 nomen
2300 4579 2480 4618 meum
2528 4578 2691 4631 super
2726 4579 2868 4627 eam,
2909 4577 3009 4631 ego
3049 4563 3249 4630 incipio
3281 4561 3496 4617 malefa-

242 4651 453 4721 gaudii,
481 4660 534 4705 et
567 4667 752 4706 vocem
787 4651 988 4706 laetitiae
1014 4692 1028 4715 ,
1058 4668 1246 4707 vocem
1284 4654 1509 4722 sponsi,
1548 4664 1601 4709 et
1630 4670 1817 4708 vocem
1929 4672 2054 4712 cere
2100 4674 2113 4710 :
2156 4666 2212 4710 et
2253 4670 2353 4709 vos
2397 4653 2711 4707 mundando
2756 4656 2822 4720 3K
2863 4652 3262 4707 mundabimini
3296 4653 3345 4721 1,
3390 4669 3529 4710 non.

243 4757 484 4810 sponsae,
538 4757 721 4797 vocem
776 4744 954 4804 molae,
998 4751 1051 4796 et
1096 4744 1276 4797 lumen
1330 4744 1581 4798 lucernae.
1625 4745 1711 4798 ll.
1755 4744 1822 4797 Et
1930 4744 2356 4810 mundabimiui;
2385 4745 2512 4813 quia
2552 4743 2790 4813 gladiutn
2835 4759 2933 4813 ego
2966 4744 3155 4799 invoco
3196 4760 3360 4815 super
3389 4760 3533 4800 om--

243 4834 352 4887 erit
378 4833 557 4888 omnis
586 4844 724 4889 terra
756 4837 824 4902 Χ
858 4835 972 4889 hare
1002 4833 1056 4890 in
1085 4834 1495 4900 desolationem,
1529 4835 1594 4906 (Ι)
1620 4844 1673 4890 ct
1710 4836 1732 4903 1
1766 4836 1817 4890 itt
1928 4858 2024 4896 nes
2049 4839 2356 4893 habitantes
2385 4852 2547 4906 super
2575 4848 2737 4903 terra,
2763 4837 2894 4892 dicit
2921 4836 3184 4891 Dominus
3210 4839 3512 4900 virtutum"

243 4925 474 4979 exitium
513 4943 525 4979 :
564 4935 619 4981 et
649 4928 827 4981 colent
859 4926 1139 4982 servitium
1181 4927 1233 4979 in
1267 4928 1519 4996 gentibus
1569 4930 1639 4993 Χ
1674 4927 1759 4982 his
1794 4928 1818 4996 1
1930 4933 2018 4985 :10.
2056 4929 2120 4983 Et
2156 4939 2210 4983 tu
2249 4927 2598 4998 prophetabis
2629 4942 2791 4998 super
2828 4942 2925 4982 eos
2951 4928 3134 4982 omnia
3169 4929 3328 4983 verba
3363 4928 3499 4995 haec,
3528 4990 3531 4994 1

246 5018 360 5086 regi
393 5017 684 5089 Babylonis
732 5020 1074 5090 septuaginta
1107 5021 1285 5077 annis.
1324 5018 1408 5073 12.
1447 5018 1510 5073 Et
1549 5035 1673 5074 cum
1720 5020 1823 5074 int-
1932 5030 1987 5075 et
2014 5020 2164 5076 dices
2195 5020 2261 5074 ad
2300 5035 2394 5075 eos
2428 5039 2443 5076 :
2480 5018 2747 5076 Dominus
2784 5031 2851 5072 ex
2890 5020 3105 5077 excelso
3136 5018 3206 5089 (r)
3238 5018 3515 5082 vaticina...

323 5173 391 5245 (r)
427 5176 515 5240 .4.,
546 5172 629 5239 8.,
670 5173 1049 5299 princiges.(s)
1077 5173 1164 5238 Α.,
1202 5172 1287 5237 8.,
1320 5176 1739 5230 commotionem
1772 5175 1822 5230 in

251 5244 511 5325 fabulam.
542 5315 553 5325 _
590 5245 667 5315 (ιι)
709 5246 819 5325 Al,
867 5244 923 5325 ἐ,
957 5254 1189 5325 pestem.
1245 5244 1306 5325 (·)
1341 5245 1553 5325 .Ca‘pita'
1578 5255 1822 5325 sequuntl

1925 5175 2002 5229 ala
2027 5173 2303 5255 .omnibus
2333 5173 2534 5255 regnis.
2631 5172 2695 5293 g)
2724 5171 2813 5232 Α.,
2834 5170 2895 5233 in
2920 5170 3287 5240 proterbium.
3326 5170 3411 5235 S.,
3444 5171 3525 5235 La,-

1925 5254 2078 5325 utntn
2114 5254 2260 5325 textu
2294 5242 2578 5325 llebrateo.
2644 5312 2655 5325 I
2680 5241 2826 5325 each.
2910 5240 2993 5322 μ)
3022 5240 3123 5325 At“
3148 5239 3231 5325 8.,
3259 5244 3329 5325 ab
3354 5258 3523 5305 anno,

249 5317 411 5368 tertio
441 5309 672 5370 decimo.
752 5315 824 5383 (ῃ)
876 5309 1101 5378 Reliqui,
1142 5322 1194 5368 et
1232 5309 1378 5367 misit
1404 5309 1686 5370 Dominus.
1765 5317 1816 5376 (π,

1925 5356 1960 5375 .,
1991 5313 2073 5380 8.,
2103 5331 2210 5384 non
2240 5314 2559 5384 iuclinastis.
2596 5380 2606 5384 _
2639 5309 2715 5384 (a)
2748 5312 2849 5384 Α..Δ
2877 5309 2981 5364 vir.
3053 5309 3252 5384 (b)_._l.,_
3276 5310 3497 5384 S.,_nou

248 5385 537 5455 audivistis
572 5400 676 5437 me.
754 5379 943 5455 (cli/1.,
984 5384 1822 5455 S.,_omnesconsanguinitates

1925 5386 1989 5455 id)
2015 5379 2104 5448 Α.,
2134 5382 2300 5455 S.._et
2326 5380 2607 5455 perditioni
2633 5380 2906 5455 devovelio
2931 5379 3068 5436 eos.
3100 5379 3190 5455 _(e)
3216 5379 3309 5455 A_.,
3338 5379 3421 5446 S.,
3446 5390 3496 5435 et

252 5455 307 5506 in
338 5448 856 5525 vastationem._d'(f)
885 5455 975 5525 4.,
1003 5453 1127 5525 etin
1142 5461 1258 5525 _stet
1274 5454 1359 5525 ile.
1436 5448 1623 5525 (ωῐιη
1662 5454 1743 5517 8.,
1778 5448 2029 5509 \isitabo.
2096 5454 2170 5522 (lt)
2204 5451 2293 5515 S.,
2323 5448 2386 5525 in
2414 5450 2725 5525 servitutem
2765 5450 3004 5519 rcdigent
3027 5448 3171 5525 enim
3207 5450 3514 5525 etiameos.

249 5532 439 5594 gmtcs
464 5525 667 5578 multae.
709 5522 769 5591 (i)
788 5517 875 5594 Ᾰέ,
896 5522 1005 5577 irae.
1029 5524 1113 5586 S.,
1141 5522 1260 5585 Tlt.,
1279 5517 1501 5577 furoris.
1550 5523 1622 5594 (k)
1643 5528 1729 5589 11.,
1747 5533 1799 5577 et
1819 5517 2312 5594 commovebtmtur
2344 5520 2526 5594 sintnl,
2552 5531 2606 5580 et
2624 5519 2803 5594 inique
2830 5517 3008 5594 aget“.
3033 5517 3115 5594 S_.,
3144 5519 3271 5594 etin
3290 5519 3498 5594 deliciis

249 5586 449 5666 vivent,
478 5601 537 5666 et
564 5586 1082 5666 ιριῃυίίμεὼῃηιιιν.
1111 5594 1195 5666 μ)
1224 5594 1397 5666 Super
1428 5586 1567 5666 eat-34.:
1604 5586 1724 5663 '(m)'
1744 5595 1833 5658 Α.,
1859 5593 1913 5646 in
1940 5594 2141 5666 sterile.
2166 5589 2248 5654 S.,
2269 5590 2321 5643 in
2346 5592 2607 5666 exitium;
2660 5590 2736 5666 (tt)
2770 5586 2961 5653 A.,S.,
2993 5588 3329 5666 principibus
3358 5590 3497 5666 ejus.

250 5660 437 5727 (o)A.,
467 5660 555 5728 S.,
580 5661 837 5724 Felcstin.
873 5662 999 5728 [i.c.
1028 5656 1342 5722 Philisumil
1374 5661 1450 5733 (ιν)
1469 5656 1704 5719 Ultimus.
1728 5678 1820 5719 cor

1925 5699 1938 5714 .
1980 5660 2053 5731 (ιε)
2080 5657 2950 5723 A.,cxertituttm.S.,virtutum.
2993 5656 3063 5731 (r)
3088 5656 3515 5729 A..‘Sj..ru3ict.,

323 5173 391 5245 (r)
427 5176 515 5240 .4.,
546 5172 629 5239 8.,
670 5173 1049 5293 principes“)
1077 5173 1164 5238 Α.,
1202 5172 1287 5237 8.,
1320 5176 1739 5256 commotionem
1772 5175 1822 5230 in

329 5245 511 5293 mlam.
590 5245 667 5293 (ul
710 5246 798 5293 Α-.
867 5244 922 5293 ‘..
962 5254 1189 5293 uestem.
1245 5244 1306 5293 (Ὗ
1358 5245 1544 5293 (Ianua
1578 5255 1822 5293 seonuntI

1925 5175 2002 5229 ala
2050 5173 2303 5229 omnibus
2333 5173 2534 5243 regnis.
2631 5172 2695 5293 g)

1925 5254 1981 5293 ut
2027 5244 2078 5293 in
2114 5254 2260 5293 textu
2294 5242 2578 5293 llebraieo.
2680 5260 2695 5291 t‘

2680 5241 2826 5293 raclt.
