4042 6194
540 253 683 309 Ξῧίδ

1720 253 1949 310 CODEX
1988 251 2661 308 SYRO-HEXAPLARIS.

3641 260 3799 321 9.5“

540 363 689 416 bitur
721 378 737 417 :
769 360 837 417 de
872 368 1062 416 sancto
1095 375 1197 413 suo
1231 362 1381 415 dabit
1413 377 1617 425 vocem,
1655 375 1710 419 et
1733 380 1797 419 ex
1834 365 2118 419 habitacu-

2227 362 2298 435 (ᾳ)
2343 364 2849 434 pseudoprophetze,
2891 373 2947 418 et
2988 366 3170 421 omnis
3201 368 3455 438 populus.
3498 369 3734 427 dicendo
3782 413 3798 429 .

541 454 596 506 Io
645 461 836 507 sancto
878 453 1029 505 dabit
1072 466 1255 504 vocem
1294 468 1474 514 suam,
1521 456 1786 524 rugiendo
1834 458 2009 526 rugiet
2050 458 2122 527 (ε)

541 557 709 613 super
756 544 953 596 decore
1007 556 1130 605 suo,
1176 542 1259 596 vel
1307 544 1636 599 cantilenam
1691 548 1838 601 sicut
1896 548 2121 602 verbum

542 648 706 686 suum
740 632 1127 686 vaticinabitur
1155 646 1322 700 super
1353 633 1476 687 loco
1501 649 1627 689 suo.
1658 634 1726 689 Et
1754 636 1853 699 illi,
1887 638 2029 691 sicut
2054 637 2120 707 (ι)

543 721 962 786 vindemiantes,
1006 723 1417 791 respondebunt
1461 743 1474 778 :
1519 724 1697 793 Super
1735 741 1926 782 omnes
1963 728 2122 782 babi-

545 819 726 865 tantes
756 827 921 879 super
953 821 1098 865 terra
1132 813 1210 880 (ul
1243 814 1393 867 venit
1416 814 1636 879 deletio,
1685 817 1773 871 5i.
1808 832 1972 886 super
1994 834 2123 888 par-

544 910 654 953 tem
690 912 848 954 terra:
873 917 889 964 ;
917 901 1045 969 quia
1070 901 1336 971 judicium
1365 902 1596 959 Domino
1629 905 1684 960 in
1715 909 1966 975 gentibus
1996 912 2120 980 :ju-

542 992 744 1045 dicium
772 1000 988 1046 exercet
1012 991 1127 1059 ipse
1160 992 1424 1049 adversus
1461 1010 1676 1051 omnem
1710 1014 1927 1054 carnem
1964 1019 1977 1055 :
2022 1003 2122 1055 im-

544 1082 617 1151 pii
649 1093 827 1137 autem
860 1083 970 1138 dati
1001 1092 1129 1138 sunt
1157 1085 1210 1138 in
1239 1085 1501 1155 gladium,
1543 1089 1675 1143 dicit
1712 1088 1998 1148 Dominus.
2029 1093 2117 1147 5i.

543 1176 625 1244 (at)
659 1173 750 1227 Sic
797 1174 934 1228 dixit
968 1174 1232 1231 Dominus
1262 1179 1327 1244 Χ
1372 1177 1634 1232 virtutum
1680 1182 1701 1250 1
1744 1198 1757 1233 :
1802 1180 1938 1236 Ecce
1980 1186 2119 1239 mala

542 1265 773 1319 veniunt
797 1280 864 1319 ex
907 1274 1063 1334 gente
1102 1281 1266 1336 super
1291 1276 1505 1335 gentem
1541 1286 1557 1322 :
1606 1278 1662 1323 et
1694 1270 1857 1325 turbo
1892 1286 2121 1341 magnus

544 1356 624 1425 (y)
658 1357 931 1427 egreditur
954 1356 1025 1411 ab
1044 1364 1289 1412 extremo
1324 1365 1484 1413 terra:
1510 1377 1524 1414 :
1554 1361 1642 1415 55.
1669 1369 1725 1415 et
1754 1370 1917 1416 erunt
1950 1362 2119 1417 occisi

544 1463 577 1502 a
606 1447 839 1501 Domino
862 1448 914 1501 in
944 1448 1028 1502 die
1054 1446 1129 1517 (ι)
1158 1447 1395 1507 Domini.
1426 1450 1502 1519 (a)
1528 1465 1559 1505 a
1589 1460 1742 1519 parte
1764 1460 1921 1508 teme
1950 1468 2122 1523 usque

542 1537 612 1590 ad
649 1547 854 1605 partem
890 1547 1047 1592 terra:
1082 1554 1096 1590 :
1140 1540 1207 1606 χ(
1240 1555 1346 1593 non
1376 1540 1723 1609 plangentur,
1763 1557 1941 1611 neque
1968 1544 2122 1598 colli.

544 1637 743 1693 gentur

2227 453 2398 509 Morte
2425 456 2679 509 morieris
2704 471 2719 520 ;
2746 455 2800 510 9.
2836 455 2963 525 quia
2992 458 3329 526 pr0pbetasti
3369 462 3586 515 nomine
3610 462 3802 517 Domi-

2224 545 2303 607 ni,
2325 544 2513 599 dicens
2545 559 2560 595 :
2590 542 2745 599 Sicut
2772 545 2910 608 Silo,
2934 546 3038 600 erit
3061 546 3255 603 domus
3282 548 3416 611 haec,
3443 559 3496 604 et
3521 552 3649 606 urbs
3670 552 3802 607 hac

2226 633 2527 689 vastabitur
2560 634 2629 703 (r)
2663 635 2733 689 ab
2763 635 3179 692 habitatoribus.
3210 637 3277 692 Et
3300 651 3699 710 congregatum
3734 658 3802 696 se

2223 722 2403 775 omnis
2439 724 2674 791 populus
2708 738 2872 791 super
2910 721 3201 779 Jeremiam
3241 726 3293 779 in
3335 728 3498 781 domo
3549 727 3801 783 Domini.

2225 812 2311 866 i0.
2343 811 2409 865 Et
2462 814 2754 867 audierunt
2790 815 3062 884 principes
3114 814 3268 870 Iudae
3320 818 3482 872 verba
3534 819 3669 884 haec,
3735 828 3800 873 et

2222 903 2584 957 ascenderunt
2604 920 2671 958 ex
2697 905 2865 959 domo
2878 905 3021 976 regis
3053 906 3107 959 in
3133 907 3355 961 domum
3385 907 3687 973 Dontini,et
3703 924 3804 963 se-

2222 993 2420 1048 derunt
2449 994 2504 1047 in
2532 996 2800 1050 vestibulo
2841 1007 3009 1065 [)0th
3035 1012 3189 1051 novae
3223 997 3458 1053 Domini.
3494 999 3583 1052 11.
3620 1000 3681 1052 Et
3710 999 3803 1052 di-

2225 1093 2426 1139 xerunt
2466 1087 2796 1151 sacerdotes,
2833 1097 2887 1141 et
2918 1088 2991 1157 (δ)
3019 1088 3502 1158 pseudopropbeue
3543 1091 3609 1143 ad
3637 1091 3802 1160 prin-

2220 1177 2394 1247 cipes,
2432 1185 2487 1231 et
2530 1179 2680 1232 omni
2727 1178 2947 1248 populo,
3002 1182 3070 1247 χ
3102 1179 3343 1234 dicentes
3392 1184 3413 1249 1
3461 1198 3476 1245 _:
3523 1180 3803 1250 judicium

2222 1266 2414 1320 mortis
2442 1266 2646 1320 homini
2688 1266 2837 1333 huic,
2866 1268 2995 1337 quia
3036 1269 3377 1339 prophetavit
3408 1269 3673 1325 adversus
3702 1288 3806 1325 ur-

2221 1354 2343 1410 bem
2372 1356 2531 1423 hanc,
2561 1358 2703 1412 sicut
2725 1358 2975 1413 audiistis
3011 1360 3065 1412 in
3104 1361 3328 1415 auribus
3355 1362 3570 1416 vestris.
3615 1362 3701 1413 12.
3737 1360 3808 1413 Et

2221 1443 2359 1498 dixit
2397 1443 2633 1499 Ieremia
2673 1447 2737 1501 ad
2789 1449 2857 1514 »ζ
2901 1462 3092 1503 omnes
3139 1450 3161 1517 1
3214 1449 3507 1518 principes,
3551 1458 3609 1504 et
3643 1450 3803 1503 omni

2222 1536 2444 1604 populo,
2475 1536 2662 1595 dicens
2694 1552 2707 1587 :
2747 1535 3010 1592 Dominus
3049 1538 3199 1592 misit
3237 1553 3324 1593 me
3363 1540 3429 1593 ad
3463 1542 3807 1608 proplietanc

784 1629 806 1695 1
853 1647 867 1683 :
910 1631 986 1698 (ὸ)
1031 1645 1139 1685 non
1179 1632 1510 1699 sepeliemnr
1551 1650 1566 1685 ς
1615 1633 1668 1685 in
1722 1633 1907 1687 ﬁmum
1957 1648 2121 1703 super
2156 1626 2352 1703 _dum
2403 1640 2567 1694 super
2607 1626 2831 1683 domum
2876 1627 3035 1693 banc,
3093 1639 3148 1682 et
3194 1643 3359 1697 super
3401 1631 3595 1683 urbem
3657 1629 3806 1684 hanc

546 1716 685 1771 facie
713 1686 1062 1773 terrmerunt.
1086 1720 1178 1774 55.
1218 1686 1453 1785 Dlulate,
1486 1730 1756 1791 pastores,
1783 1732 1837 1776 et
1862 1686 2113 1789 clama‘te,
2153 1686 2200 1747 Β
2226 1716 2386 1771 verba
2414 1717 2603 1772 omni!
2621 1755 2639 1782 ο
2686 1732 2809 1787 quae
2832 1718 3103 1773 δυάίίεῑίδο
3148 1720 3235 1773 13.
3263 1686 3330 1775 Et
3363 1735 3510 1776 nunc
3539 1721 3807 1775 meliores

543 1817 599 1863 rt
638 1810 709 1879 (ε)
744 1810 1002 1879 plangite,
1040 1812 1240 1866 arietes
1272 1811 1491 1876 ovium;
1533 1812 1661 1879 quia
1696 1813 1945 1881 completi
1994 1822 2123 1867 sunt

544 1902 663 1955 dies
705 1902 870 1955 vestri
904 1901 970 1954 ad
1001 1903 1411 1965 mactationem,
1447 1912 1501 1955 et
1532 1906 1600 1970 χ(
1632 1903 2001 1971 dispersiones
2023 1919 2118 1958 ve.

543 2005 686 2047 atras
715 1994 763 2061 1.
798 2004 851 2047 et
880 1993 1106 2058 cadetis,
1136 1993 1213 2062 (Α)
1250 2001 1307 2046 ιιι
1332 1994 1530 2048 arietes
1564 1995 1718 2047 electi
1751 2011 1763 2047 :
1800 1994 1889 2047 55.
1918 2003 1972 2048 et
1998 2011 2120 2063 per-

546 2086 647 2139 ibit
707 2085 831 2152 fuga
885 2100 912 2138 a
964 2085 1299 2153 pastoribus,
1350 2096 1405 2138 et
1447 2085 1597 2139 salus
1643 2085 1713 2154 (ο)
1760 2085 1830 2138 ab
1862 2085 2123 2139 arietibus

546 2171 747 2241 gregis.
777 2172 867 2225 56.
904 2170 1014 2226 Vox
1061 2172 1317 2225 clamoris
1355 2182 1664 2240 pastorum,
1696 2184 1748 2226 et
1779 2173 2020 2227 ululatus
2065 2190 2124 2225 a-

546 2264 739 2318 rietum
773 2264 971 2332 gregis,
1005 2263 1135 2333 quia
1161 2263 1359 2317 delevit
1388 2262 1651 2318 Dominus
1686 2264 1752 2333 (f)
1784 2280 1987 2334 pascua
2030 2278 2125 2319 eo-

545 2366 667 2405 rum
706 2352 767 2420 1,
797 2351 887 2408 57.
919 2358 975 2405 et
1011 2352 1305 2406 cessabunt
1341 2352 1415 2421 (g)
1453 2353 1674 2421 pulchra
1711 2354 1861 2422 pacis
1893 2353 1962 2407 ab
1998 2361 2125 2408 ante

546 2442 738 2497 facietn
780 2442 875 2496 ira:
904 2442 1107 2497 furoris
1136 2442 1372 2497 Domini.
1402 2443 1488 2497 58.
1536 2442 1774 2512 Reliquit
1797 2444 1898 2514 (It),
1935 2453 1994 2497 ut
2018 2443 2122 2510 leo,

546 2535 908 2589 diversorium
940 2550 1131 2599 suum;
1151 2535 1309 2629 {quia
1354 2533 1493 2588 facta
1524 2544 1610 2588 est
1647 2542 1789 2588 terra
1834 2549 2021 2588 eorum
2063 2534 2126 2606 (ὅ)

547 2626 601 2679 in
630 2641 737 2680 non
775 2627 1045 2694 pervium,
1083 2624 1166 2679 ab'
1196 2634 1321 2679 ante
1360 2624 1552 2679 faciem
1584 2629 1651 2692 »ξ
1693 2624 1764 2695 (ι)
1805 2626 1968 2696 gladii
2011 2640 2123 2679 ma-

547 2718 638 2787 gni
678 2719 725 2785 1,
764 2726 818 2770 et
848 2717 917 2769 ab
945 2728 1069 2770 ante
1100 2716 1291 2770 faciem
1323 2716 1416 2768 im:
1447 2714 1648 2769 furoris
1675 2715 1816 2784 ejus.

617 2809 753 2878 Cap.
785 2807 974 2863 XXVI.
1008 2839 1079 2853 -—
1100 2809 1153 2861 l.
1204 2808 1259 2862 In
1308 2806 1575 2876 principio
1628 2808 1770 2875 regis
1796 2806 2003 2862 Joacim
2031 2807 2127 2860 lilii

547 2900 713 2954 Jnsize
741 2903 886 2970 regis
912 2900 1065 2954 ludat
1090 2899 1291 2954 factum
1325 2907 1410 2953 est
1439 2898 1661 2953 verbum
1693 2898 1794 2952 hoc
1818 2915 1847 2951 a
1872 2898 2125 2961 Domino,

2222 1808 2384 1863 facite
2417 1808 2534 1863 vias
2558 1816 2789 1874 vestras,
2815 1818 2869 1863 et
2897 1823 3063 1878 opera
3090 1819 3289 1874 vestra,
3315 1820 3369 1864 et
3394 1812 3579 1866 audite
3604 1827 3809 1866 vocem

2223 1899 2436 1954 Domini
2473 1900 2566 1954 Dei
2599 1900 2787 1964 vestri,
2822 1900 2897 1970 (r)
2926 1909 2982 1955 et
3010 1902 3254 1955 cessabit
3284 1901 3544 1956 Dominus
3572 1917 3601 1955 a
3639 1904 3814 1957 malis

2222 2005 2343 2059 qua:
2367 1989 2587 2044 loculus
2603 1997 2689 2044 est
2726 2004 2892 2058 super
2924 2004 3042 2043 vos.
3089 1989 3175 2043 Η.
3222 1988 3289 2042 Et
3313 2004 3414 2057 ego
3438 2003 3567 2044 ecce
3596 1989 3651 2043 in
3684 2004 3815 2042 ma-

2224 2081 2384 2135 nibus
2412 2078 2608 2135 vestris
2640 2096 2656 2133 :
2687 2078 2849 2133 facite
2884 2080 3133 2147 mihi,(a)
3166 2080 3307 2133 sicut
3333 2080 3574 2148 expedit,
3608 2090 3665 2133 et
3698 2080 3815 2133 sic-

2224 2185 2285 2228 ut
2312 2173 2510 2227 melius
2566 2170 2747 2226 vobis.
2778 2171 2865 2224 l5.
2896 2170 2999 2225 Sed
3022 2172 3403 2240 cognoscendo
3430 2172 3817 2242 cognoscetis,

2222 2263 2368 2333 quod
2398 2263 2442 2317 si
2481 2261 2789 2318 occideritis
2832 2277 2937 2325 me,
2973 2262 3294 2332 sanguinem
3330 2262 3410 2331 (ac)
3452 2262 3818 2316 innocentem

2225 2368 2324 2409 vos
2350 2355 2491 2409 datis
2524 2368 2689 2422 super
2714 2369 2831 2415 vos,
2870 2362 2924 2407 et
2956 2367 3122 2421 super
3149 2353 3333 2406 urbem
3364 2353 3525 2416 hanc,
3553 2362 3610 2407 et
3635 2367 3813 2421 super

2225 2445 2531 2499 habitantes
2574 2445 2626 2498 in
2670 2459 2734 2497 ea
2778 2461 2793 2497 :
2837 2443 2963 2513 quia
3004 2444 3057 2497 in
3110 2443 3337 2496 veritate
3377 2443 3526 2496 misit
3560 2458 3648 2496 me
3696 2443 3814 2497 Do-

2227 2536 2410 2591 minus
2438 2536 2504 2589 ad
2530 2551 2647 2599 vos,
2687 2536 2754 2589 ad
2786 2536 3117 2604 loquendum
3148 2535 3202 2587 in
3247 2548 3407 2588 aures
3433 2544 3641 2588 vestras
3682 2549 3812 2587 om-

2225 2626 2313 2681 nia
2352 2626 2514 2681 verba
2543 2626 2679 2681 htec.
2714 2627 2799 2681 16.
2838 2628 2901 2680 Et
2929 2626 3185 2680 dixerunt
3217 2625 3510 2694 principes.
3538 2632 3595 2678 et
3619 2626 3816 2679 omnis

2228 2718 2460 2787 pepnlus
2515 2718 2582 2772 ad
2636 2717 2967 2779 sacerdotes,
3022 2724 3077 2769 et
3131 2716 3197 2769 ad
3258 2716 3767 2784 pseudopmphetas
3795 2732 3813 2769 :

2227 2806 2344 2861 Non
2377 2817 2463 2862 est
2494 2808 2701 2861 homini
2737 2807 2868 2861 huic
2895 2806 3159 2875 judicium
3206 2805 3399 2859 mortis
3420 2847 3435 2870 ,
3480 2809 3606 2874 quia
3639 2821 3815 2874 super

2228 2900 2448 2955 nomine
2494 2899 2709 2953 Domini
2757 2898 2850 2953 Dei
2886 2900 3056 2952 nostri
3090 2898 3305 2951 locutus
3332 2906 3416 2952 est
3448 2898 3513 2951 ad
3548 2912 3650 2951 nos
3725 2898 3815 2950 l7.

550 2993 618 3057 ζ(
649 2990 837 3045 dicens
870 2993 891 3058 1
938 3004 953 3043 :
985 2990 1041 3043 2.
1078 2990 1171 3044 Sic
1211 2989 1349 3043 dixit
1398 2987 1663 3043 Dominus
1692 3006 1705 3044 :
1744 2986 1833 3042 Sta
1886 2989 1937 3041 in
1986 2989 2130 3042 atrio
2155 3004 2202 3065 ο
2230 2989 2297 3043 Et
2321 2999 2675 3045 surrexerunt
2698 2989 2797 3042 viri
2825 2989 2901 3059 (ει)
2922 3002 2987 3043 ex
3019 2987 3348 3058 presbyteris
3378 2996 3554 3049 terra,
3585 2998 3638 3041 et
3660 2988 3820 3041 dixe-

548 3084 748 3136 dnmus
788 3081 1024 3143 Domini,
1062 3081 1126 3152 (Ι)
1148 3087 1204 3134 et
1231 3079 1497 3135 revelabis
1529 3080 1675 3133 omni
1705 3079 1879 3142 .Iudze,
1910 3081 2128 3133 venien-

550 3171 697 3226 tibus
726 3176 792 3227 ad
826 3173 1163 3227 adorandum
1200 3173 1252 3226 in
1277 3171 1442 3225 domo
1474 3169 1709 3228 Domini.
1737 3171 1921 3225 omnia
1940 3170 2127 3231 verba,

551 3279 678 3331 quae
724 3265 951 3334 prmcepi
989 3265 1085 3318 tibi
1126 3264 1221 3333 (nt)
1269 3262 1511 3317 revelare
1553 3262 1633 3315 eis
1673 3280 1686 3315 :
1740 3276 1809 3315 ne
1852 3261 2129 3315 diminuas

552 3355 803 3409 verbum.
839 3355 892 3409 5.
932 3354 1185 3409 Fortasse
1213 3354 1459 3419 audient,
1497 3361 1551 3408 et
1583 3359 1926 3407 revertentur
1960 3366 2132 3405 unus-

553 3448 791 3516 quisque
823 3464 850 3501 a
885 3448 971 3501 via
1006 3447 1145 3500 mala
1182 3465 1195 3500 :
1249 3446 1326 3515 (η)
1368 3453 1422 3500 et
1462 3444 1689 3499 cessabo
1720 3457 1752 3496 a
1795 3442 1970 3506 malis,
2012 3455 2134 3509 qum

554 3554 658 3607 rgo
681 3539 861 3607 cogito
885 3538 1064 3593 facere
1095 3538 1177 3593 eis
1205 3547 1425 3606 propter
1458 3535 1637 3591 studia
1669 3534 1808 3587 mala
1836 3548 2047 3587 eorum.
2076 3532 2130 3586 4.

558 3629 624 3681 Et
652 3632 801 3685 dices
830 3633 897 3697 ῖς(
942 3631 1008 3684 ad
1038 3644 1134 3683 eos
1166 3631 1188 3697 1
1224 3646 1236 3681 :
1282 3628 1374 3683 Sic
1409 3628 1549 3682 dixit
1580 3626 1843 3680 Dominus
1879 3641 1892 3676 :
1920 3622 1979 3678 Si
2024 3637 2131 3677 non

558 3722 847 3787 audieritis
898 3738 1005 3786 me,
1042 3721 1107 3774 ad
1150 3720 1541 3773 ambulandum
1602 3718 1657 3770 in
1712 3716 1922 3785 legibus
1972 3714 2135 3776 meis,

560 3828 698 3879 quas
739 3811 860 3865 dedi
900 3821 1025 3863 ante
1063 3809 1254 3863 faciem
1299 3819 1560 3871 vestram,
1606 3807 1659 3860 5.
1696 3807 1761 3859 ad
1806 3804 2135 3857 audiendum

559 3903 725 3957 verba
777 3916 1058 3957 servorum
1106 3915 1346 3954 meorum
1392 3898 1799 3967 prophetarum,
1848 3911 1986 3965 quos
2037 3909 2138 3961 ego

560 3994 719 4047 mitto
757 3992 824 4046 ad
860 4007 957 4047 vos
990 3990 1064 4062 (ο)
1100 3991 1152 4044 in
1189 3988 1458 4042 matutino
1483 4025 1497 4049 ,
1531 3995 1586 4041 et
1624 3986 1766 4049 misi,
1806 3994 1862 4039 et
1899 4000 2004 4038 non
2040 3999 2138 4036 au-

557 4084 767 4149 diiStis;
800 4083 851 4137 6.
888 4092 942 4137 et
985 4083 1125 4137 dabo
1158 4081 1379 4135 domum
1415 4080 1553 4133 hanc
1583 4086 1644 4131 ut
1673 4076 1816 4143 Silo;
1855 4084 1909 4129 ct
1951 4080 2137 4129 urbem

560 4177 700 4230 hanc
721 4176 862 4230 dabo
886 4174 937 4227 in
957 4174 1391 4228 maledictionem
1416 4169 1673 4224 omnibus
1689 4168 1941 4238 gentibus
1960 4176 2136 4221 terrae.

561 4265 613 4321 7.
644 4265 707 4321 Et
745 4265 1036 4319 audierunt
1070 4260 1402 4324 sacerdotes,
1446 4268 1499 4313 et
1527 4260 1603 4328 (p)
1633 4257 2135 4325 pseudoproplteue,

2229 3090 2358 3136 runt
2382 3082 2447 3135 ad
2479 3096 2698 3135 omnem
2739 3090 2966 3134 ctetum.
2993 3079 3141 3133 omni
3165 3080 3451 3133 conventni
3480 3081 3691 3149 populi,
3734 3081 3816 3133 di-

2227 3186 2417 3230 centes
2451 3192 2466 3228 :
2500 3175 2591 3228 l8.
2616 3173 2793 3229 Micha
2818 3172 2891 3245 (ι)
2917 3174 3171 3228 Marasthi
3190 3184 3305 3229 erat
3330 3175 3396 3242 »ζ
3420 3174 3759 3241 prophetans
3788 3172 3814 3239 1

2230 3266 2283 3319 in
2307 3265 2500 3319 diebus
2531 3264 2769 3319 llezeeize
2795 3264 2940 3333 regis
2965 3263 3141 3329 Judze,
3168 3273 3220 3317 et
3255 3264 3393 3318 dixit
3424 3263 3573 3318 omni
3606 3262 3817 3333 populo

2229 3356 2404 3415 Jndm.
2436 3356 2623 3409 dicens
2670 3355 2691 3421 1
2737 3354 2829 3408 Sic
2870 3355 3007 3409 dixit
3040 3354 3301 3409 Dominus
3332 3358 3397 3422 Χ
3424 3353 3685 3407 virtutum
3728 3353 3753 3418 1
3800 3370 3814 3405 :

2234 3448 2364 3502 Sion
2401 3458 2460 3501 ut
2489 3462 2618 3515 ager
2645 3447 2909 3509 arabitur,
2937 3454 2991 3499 et
3013 3445 3313 3500 Jerusalem
3341 3454 3399 3498 ut
3427 3445 3503 3512 (a)
3528 3444 3816 3512 tugurium

2235 3538 2388 3600 erit,
2428 3545 2481 3590 et
2512 3551 2673 3591 mons
2709 3536 2903 3590 domus
2944 3550 3005 3591 -ι-
3048 3537 3151 3590 erit
3193 3537 3214 3604 1
3256 3536 3340 3603 (ὁ)
3380 3544 3442 3590 ut
3479 3537 3815 3605 plantarium

2233 3629 2401 3683 silvae.
2438 3628 2524 3681 l9.
2558 3626 2696 3681 Num
2729 3626 3025 3682 occidendo
3050 3626 3251 3681 occidit
3286 3642 3410 3680 eum
3452 3626 3677 3681 llezecia
3722 3644 3817 3681 rex

2234 3717 2405 3779 Judm,
2442 3728 2497 3771 et
2536 3718 2715 3771 omnis
2758 3717 2940 3771 Juda?
2976 3715 3167 3771 Nonne
3208 3718 3335 3787 quia
3371 3719 3672 3772 timuerunt
3712 3718 3820 3771 Dn-

2233 3810 2465 3873 minum,
2505 3816 2559 3861 et
2605 3811 2731 3875 quia
2774 3807 3044 3876 petierunt
3086 3822 3117 3861 a
3167 3806 3304 3862 facie
3348 3808 3595 3874 Domini,
3646 3811 3817 3863 etiam

2236 3899 2467 3953 cessavit
2509 3896 2773 3953 Dominus
2811 3914 2841 3951 a
2883 3899 3062 3963 malis,
3102 3914 3224 3967 qua:
3265 3898 3481 3952 locutus
3529 3910 3613 3953 est
3650 3915 3821 3969 super

2235 3989 2373 4044 eos?
2405 3987 2468 4041 Et
2506 4004 2607 4043 nos
2637 3987 2708 4058 (cl
2750 3987 2978 4043 fecimus
3005 3990 3147 4042 mala
3176 4004 3369 4059 magna
3401 4004 3567 4057 super
3599 3992 3821 4047 animas

2239 4088 2475 4135 nostras.
2516 4078 2606 4133 20.
2644 4080 2723 4147 (ά)
2774 4078 2838 4132 Ει
2885 4080 3050 4133 homo
3091 4090 3210 4134 erat
3264 4082 3599 4150 prOpIietans
3631 4083 3684 4135 in
3720 4100 3821 4136 nn-

2241 4171 2387 4225 mine
2420 4169 2658 4232 Domini,
2708 4168 2835 4223 Uria
2871 4171 3013 4225 illius
3046 4169 3272 4226 Samaeze
3301 4187 3366 4226 ex
3400 4172 3818 4234 Curiatiiiarim,

2240 4272 2291 4317 et
2320 4262 2659 4332 prophetavit
2692 4263 2758 4329 Χ
2797 4277 2962 4331 super
2988 4262 3177 4317 urbem
3211 4265 3369 4324 hanc,
3400 4274 3454 4317 et
3484 4264 3505 4330 1
3544 4280 3644 4332 pro
3675 4276 3818 4320 terra

556 4366 615 4412 et
650 4356 829 4411 omnis
863 4353 1095 4424 populus
1138 4350 1430 4406 Jeremiam
1474 4349 1784 4417 loquentem
1825 4347 1989 4399 verba
2026 4346 2139 4400 lucc
2173 4342 2214 4396 ῐ)
2246 4355 2347 4407 bac
2372 4352 2670 4407 secundum
2712 4352 2895 4406 omnia
2926 4353 3088 4406 verba
3124 4351 3372 4406 Jeremire
3405 4368 3419 4403 :
3452 4353 3541 4406 2|.
3572 4364 3628 4409 et
3658 4358 3819 4409 audi-

559 4448 617 4504 in
653 4448 819 4502 domo
860 4444 1095 4499 Domini.
1139 4442 1194 4498 8.
1230 4440 1296 4495 Et
1322 4440 1525 4495 factum
1566 4448 1671 4500 est,
1706 4452 1829 4492 cum
1870 4445 2126 4490 eessasscl

2244 4445 2321 4496 vit
2352 4459 2441 4497 rex
2469 4443 2702 4508 Jnacim,
2733 4446 2798 4511 Χ
2826 4452 2882 4497 et
2905 4458 3096 4497 omnes
3125 4452 3371 4511 potentes
3395 4443 3515 4513 ejus
3544 4445 3589 4511 ζ,
3624 4456 3676 4499 et
3699 4462 3821 4499 om-

558 4536 792 4595 Jeremia
817 4539 1049 4608 loquens
1077 4537 1281 4601 omnia,
1306 4550 1428 4603 quae
1448 4537 1777 4603 praeceperat
1797 4529 1844 4583 ei
1876 4527 2139 4582 Dominus
2246 4549 2342 4587 nes
2374 4532 2647 4601 principes
2681 4546 2742 4586 αι-
2773 4534 2956 4586 omnia
2990 4534 3013 4601 1
3048 4532 3211 4586 verba
3242 4532 3383 4601 ejus,
3425 4544 3478 4585 et
3504 4534 3821 4602 quaerebant

559 4630 711 4699 loqui
742 4630 893 4685 omni
926 4628 1147 4698 populo,
1182 4636 1236 4681 et
1276 4630 1536 4694 crperunt
1562 4635 1686 4677 eum
1718 4618 2053 4681 sacerdotes,
2085 4628 2139 4672 et
2245 4625 2493 4679 occidere
2516 4639 2663 4677 eum.
2700 4625 2762 4678 Et
2790 4624 2995 4678 audivit
3029 4621 3153 4678 Uria
3174 4663 3188 4689 ,
3233 4626 3298 4692 )t(
3328 4634 3381 4678 et
3414 4625 3614 4686 timuit,
3641 4636 3693 4680 et
3736 4628 3821 4680 fu-

669 4834 737 4903 (ε)
772 4833 854 4897 8.,
882 4847 1044 4902 super
1082 4830 1383 4903 placatione
1411 4828 1553 4903 ejus.
1637 4829 1701 4903 (ι)
1736 4831 1825 4892 .4.,
1855 4829 2207 4903 calcantinm,
2244 4827 2588 4903 respondebit
2619 4829 2685 4881 ad
2717 4843 2907 4883 omnes
2938 4828 3269 4903 habitatores
3301 4836 3475 4881 teme.
3523 4824 3607 4903 8..
3632 4836 3823 4903 torru-

560 4895 849 4966 lariorutn,
873 4895 1239 4971 respondebit.
1314 4901 1391 4968 (a)
1418 4895 1509 4971 Α.)
1541 4895 1690 4971 venit
1719 4914 1893 4971 usque
1919 4902 1983 4954 ad
2016 4900 2178 4953 linem
2201 4909 2375 4971 teme:
2405 4898 2492 4971 8._,
2507 4908 2935 4971 tempususqne
2959 4900 3022 4952 ad
3045 4910 3284 4953 extrema
3312 4906 3489 4971 terra}.
3562 4895 3817 4971 _(a:)‘ll.ec.

562 4981 640 5045 (ει)
673 4975 764 5040 Α.,
813 4966 1380 5045 Th.,"suscitabitur.'
1426 4968 1499 5039 (z)
1531 4969 1758 5045 Reliqui,
1801 4966 1919 5045 ipso
1963 4979 2139 5045 terrae.
2217 4970 2293 5038 (a)
2335 4967 2417 5045 εἰ,
2452 4967 2575 5045 ΤΙιη
2610 4966 2649 5020 θ’
2680 4966 2946 5045 principio
2978 4977 3133 5022 terra:
3184 4983 3354 5036 usque
3382 4966 3460 5045 ad
3492 4966 3818 5045 principium

564 5036 759 5099 terrm;
819 5045 892 5113 (b)
924 5039 1007 5106 S.,
1046 5056 1151 5095 non
1180 5036 1443 5113 pla_udr_nt
1463 5036 1624 5106 super
1657 5036 1755 5092 eis.
1822 5036 1905 5106 '(c)
1936 5040 2028 5113 14.,
2069 5038 2150 5101 8.,
2186 5036 2539 5113 ceustringite
2573 5036 2693 5113 vos.
2766 5036 2966 5113 ((034,,
3009 5048 3071 5113 ut
3091 5038 3537 5113 _va_s_expeti_tnm.
3616 5038 3701 5113 (ei.
3728 5036 3816 5113 4.,

562 5116 718 5195 valde
742 5104 1076 5195 magi-latum.
1107 5104 1339 5195 ηςῙᾹΑ.2
1358 5107 1439 5195 8.,
1468 5104 1749 5195 pascuum.
1799 5104 1904 5195 ηςῃ)
1928 5106 2009 5192 8_.,
2040 5125 2179 5195 arva.
2200 5104 2567 5195 paciliﬁa.‘.4.,
2589 5104 2782 5195 decora
2808 5104 3001 5195 pacis.
3024 5108 3135 5195 Ling
3161 5104 3620 5195 Diti-imumque.”
3648 5106 3710 5195 (Ιὶ)
3730 5104 3817 5195 ily

564 5185 649 5250 8.,
687 5186 740 5239 in
775 5173 1024 5238 exitium.
1102 5173 1290 5251 (k)'li.,
1328 5180 1421 5251 ira:
1455 5173 1732 5251 solitariae.
1799 5173 1919 5251 Τῆέ,
1952 5181 2045 5234 ira:
2076 5173 2255 5251 turba.
2334 5179 2395 5248 (Ι)
2428 5179 2516 5238 Α..
2554 5173 2622 5233 ὶιι
2648 5173 2885 5248 loqueris
2910 5173 3076 5251 super
3109 5173 3364 5251 omnibus
3397 5173 3623 5251 uhrbibus
3647 5173 3816 5251 J_nd:e.

592 5244 662 5317 ut.)
703 5256 788 5317 Α.,
818 5254 881 5307 ad
909 5244 1259 5321 loquendum.
1338 5248 1531 5321 (u)*A.,
1560 5260 1613 5303 et
1662 5250 2029 5316 acquiescam.
2107 5250 2180 5317 (ο)
2215 5248 2296 5310 8.,
2329 5244 2450 5301 cum
2506 5244 2785 5303 anteverto
2822 5258 2875 5321 e_t
2907 5244 3079 5301 milio.
3158 5247 3232 5317 (p)
3266 5249 3354 5321 A.,
3408 5244 3488 5310 8.,
3524 5245 3816 5321 prophetat.

592 5260 662 5317 ιη)
703 5260 788 5317 Α.,
818 5260 881 5307 ad
910 5260 1259 5321 loquendum.
1338 5260 1413 5319 (η)
1444 5260 1531 5313 Α.,
1560 5260 1613 5303 et
1662 5265 2029 5316 acquiescam.
2107 5260 2121 5314 (

564 5260 641 5395 ξφ)
691 5330 780 5386 Α..
832 5322 913 5387 8.,
958 5322 1251 5395 prophetae.
1308 5322 1375 5387 (r)
1408 5319 1489 5383 8.,
1532 5334 1596 5395 eo
1624 5322 1767 5388 quod
1818 5334 1921 5395 non
1945 5321 2072 5395 _sint
2119 5326 2126 5369 I

2227 5260 2296 5310 5.,
2329 5265 2450 5301 cum
2506 5260 2785 5303 anlevrt'to
2822 5260 2875 5302 et
2907 5260 3079 5301 nullo.
3158 5260 3232 5317 (p)
3266 5260 3354 5311 A.,
3408 5260 3488 5310 8.,
3526 5260 3816 5314 pro'mrtzn.

2227 5321 2421 5371 ilantes
2456 5336 2466 5370 :
2525 5328 2575 5370 rt
2620 5319 2853 5387 aggressi
2885 5326 3006 5395 sunt
3045 5318 3431 5395 congregatim.
3468 5320 3581 5395 "(a)
3614 5316 3703 5376 .4.,
3738 5311 3817 5395 8:,

563 5382 861 5464 propheta.
902 5382 999 5463 ’(ἱ)
1156 5390 1237 5453 8.,
1278 5382 1757 5464 et'cunqniescet.
1800 5390 1902 5464 ﬁt)
1930 5389 2018 5451 A.,
2064 5396 2122 5440 ut

2227 5404 2389 5449 mum,
2424 5397 2476 5440 et
2528 5398 2586 5441 ut
2628 5382 2829 5442 rectum
2886 5389 2947 5464 in_
2980 5382 3402 5464 oculis'vestris.
3451 5382 3544 5464 18.,
3577 5394 3647 5464 iul
3686 5382 3817 5464 “pul-

565 5452 758 5517 chrum
809 5473 861 5517 ct
899 5452 1380 5517 ui'videlurvollis
1428 5452 1657 5527 justum.
1742 5452 1931 5529 (x)VS.,
1960 5458 2405 5529 noncnlpalum.
2486 5464 2561 5527 (ῃ)
2592 5466 2680 5519 A.,
2734 5475 2797 5511 ex
2838 5458 3145 5529 senioribus
3182 5467 3380 5529 territas
3442 5455 3512 5522 (ε)
3558 5452 3819 5529 Α.Δ,ῌΙί[ξιιξ

568 5532 819 5656 Moratbi‘.
898 5531 974 5603 (a)
1008 5534 1096 5597 Α..
1134 5519 1494 5587 Ἀςοῑνιιεεῖιι
1539 5545 1643 5584 non
1683 5519 1949 5601 pervium.
2029 5527 2101 5598 (ὁ)
2145 5519 2225 5595 8.,
2276 5529 2329 5583 in
2389 5519 2624 5585 tumulos
2673 5530 2839 5584 silvas.
2916 5527 2985 5596 (ε)
3042 5527 3133 5589 Α.,
3171 5526 3252 5594 8.,
3282 5519 3532 5579 lacinias.
3610 5524 3689 5592 (ὀ)
3720 5519 3815 5574 Sed

574 5612 624 5656 ct
658 5618 759 5656 νιν.
814 5618 978 5656 nomo.
1925 5629 1927 5632 ι

574 5612 624 5657 ct
658 5604 759 5669 vir,
795 5604 978 5657 homo.
1925 5629 1927 5632 ⁴
