4042 6194
521 234 658 291 ηδτ

526 535 676 586 niam
712 533 882 586 filium
913 531 1122 587 Joacim
1162 550 1342 604 regem
1386 535 1559 604 Judze,
1593 549 1647 593 et
1677 554 1895 595 omnem
1927 542 2101 611 capti-

524 625 748 677 vitatem
779 622 951 684 Judae,
983 625 1076 692 qui
1104 624 1336 694 ingressi
1365 637 1494 682 sunt
1520 629 1573 682 in
1609 629 1963 700 Babylonem,
1994 648 2097 704 ego

526 714 784 767 reducam
823 715 874 767 in
920 715 1100 769 locum
1149 717 1318 778 hunc.
1343 718 1478 773 dicit
1505 719 1867 790 Dominus1,
1929 737 1992 778 σε-
2043 733 2099 778 et

518 801 866 867 Jechoniam,
897 812 952 857 et
987 805 1522 873 transmigrationem
1549 809 1702 864 ludas
1727 811 1748 878 1
1777 829 1792 875 ;
1825 813 1954 881 quia
1974 829 2100 867 con-

526 906 697 947 teram
749 895 933 963 iugum
967 896 1110 965 regis
1143 894 1454 968 Babylonis.
1491 900 1528 954 5
1587 901 1652 956 Et
1696 903 1837 957 dixit
1864 903 2097 959 Jeremia

525 988 592 1052 Χ
650 985 914 1054 propheta
970 987 991 1055 1
1049 988 1115 1040 ad
1175 988 1474 1045 llananiam
1525 997 1592 1061 Χ
1651 996 2098 1066 pseudoprophe-

523 1086 636 1130 tam
671 1077 693 1144 1
733 1085 860 1131 ante
902 1078 1093 1132 oculos
1119 1081 1488 1148 sacerdotum,
1519 1093 1573 1138 et
1598 1093 1725 1140 ante
1756 1087 1948 1142 oculos
1976 1103 2095 1141 om-

523 1168 616 1222 nis
646 1167 852 1237 populi,
893 1170 1155 1225 stantiqu
1194 1171 1248 1225 in
1295 1172 1458 1227 domo
1495 1173 1732 1241 Domini,
1768 1176 1824 1232 6.
1869 1187 1924 1233 et
1957 1177 2098 1234 dixit

522 1256 758 1314 Ieremia
789 1262 858 1328 Χ
891 1261 1153 1329 propheta
1199 1264 1222 1332 1
1266 1281 1280 1317 :
1319 1264 1394 1334 (ὁ)
1432 1263 1569 1321 Vere
1608 1267 1688 1322 sic
1718 1266 1880 1323 faciet
1913 1268 2098 1324 Domi-

525 1364 631 1404 nus
664 1368 680 1403 :
710 1360 912 1406 statuet
937 1353 1204 1409 Duminus
1236 1355 1458 1410 verbum
1491 1366 1665 1422 tuum,
1699 1359 1844 1428 quod
1883 1368 1940 1414 tu
1967 1373 2097 1429 pro-

523 1440 739 1509 phetas,
780 1441 847 1496 ad
877 1445 1072 1499 reverti
1113 1443 1422 1501 faciendum
1457 1463 1592 1503 vasa
1613 1447 1812 1505 domus
1852 1449 2094 1515 Domini,

522 1540 578 1582 et
601 1546 820 1584 omnem
863 1533 1394 1606 transmigrationem
1421 1551 1486 1590 ex
1522 1536 1793 1607 Babylone
1815 1537 1883 1592 ad
1915 1538 2095 1594 locum

524 1620 690 1674 hunc.
737 1620 787 1673 7.
819 1619 1204 1678 Verumtamen
1241 1624 1312 1695 (ε)
1340 1626 1524 1681 audite
1552 1629 1620 1695 Χ
1645 1643 1790 1683 nunc
1823 1628 2094 1695 1verbum

527 1709 651 1767 hoc.
686 1712 830 1779 quod
864 1727 966 1781 ego
985 1713 1109 1770 dico
1141 1713 1380 1770 inaures
1414 1716 1493 1786 (ά)
1525 1712 1755 1784 vestras,
1778 1727 1832 1772 et
1856 1718 1910 1772 in
1932 1731 2094 1774 aures
2127 1714 2167 1769 B
2201 1721 2340 1775 ﬁlios
2373 1730 2429 1774 et
2461 1721 2624 1784 ﬁlias,
2669 1727 2725 1774 et
2759 1719 3197 1788 multiplicamini
3257 1718 3326 1785 Χ
3377 1717 3450 1771 ibi
3492 1716 3514 1784 1
3544 1756 3560 1780 ,

524 1800 708 1854 omnis
756 1803 964 1871 populi.
998 1803 1053 1857 8.
1104 1803 1410 1874 Prophetaz,
1467 1807 1563 1876 qui
1619 1807 1840 1862 fuerunt
1887 1808 2100 1878 priores

523 1904 614 1941 me
637 1929 652 1951 ,
689 1905 742 1943 et
763 1892 972 1960 priores
1006 1893 1077 1962 (ε)
1112 1894 1268 1948 vobis
1293 1909 1322 1947 a
1349 1895 1571 1960 saeculo,
1611 1905 1667 1950 et
1706 1897 2100 1965 prophetarunt

529 1980 596 2046 fl)
630 1996 795 2048 super
840 1992 982 2036 terra
1017 1983 1211 2048 multa,
1255 1994 1310 2038 et
1345 2001 1510 2054 super
1563 1986 1747 2056 regnis
1797 1988 2010 2057 magnis
2043 1989 2096 2042 in

524 2072 752 2137 bellum,
782 2076 848 2140 Χ
883 2082 936 2127 et
969 2074 1020 2126 in
1050 2076 1211 2136 mala,
1235 2076 1366 2130 etin
1389 2087 1620 2132 mortem
1654 2077 1701 2144 1.
1724 2077 1777 2132 9.
1807 2077 2096 2148 Propheta,

524 2161 622 2226 qui
655 2163 996 2231 prophetarit
1042 2163 1094 2217 in
1130 2179 1340 2233 pacem,
1383 2181 1553 2236 quum
1594 2167 1743 2222 venit
1774 2168 2000 2221 verbum
2030 2171 2097 2236 Χ

525 2252 801 2320 prophetae
831 2253 852 2320 1
879 2292 894 2316 ,
927 2253 1000 2322 (g)
1032 2265 1366 2323 cognoscent
1392 2255 1731 2324 pr0phctam,
1763 2272 1923 2326 quem
1951 2258 2100 2313 misit

527 2355 591 2396 σε-
621 2343 702 2396 eis
730 2344 752 2411 1
791 2344 1054 2399 Dominus
1078 2345 1156 2416 (Ii)
1185 2346 1237 2399 in
1265 2345 1386 2399 ﬁde.
1414 2346 1499 2399 l0.
1531 2345 1597 2400 Et
1625 2348 1821 2402 sumsit
1847 2347 2098 2406 llanania

523 2435 591 2500 Χ
621 2434 886 2502 propheta
917 2436 939 2504 1
995 2450 1056 2490 οε-
1107 2436 1161 2491 in
1195 2437 1370 2491 oculis
1403 2439 1584 2491 omnis
1613 2437 1795 2506 populi
1824 2436 1847 2504 1
1875 2437 2096 2493 cellaria

521 2541 588 2577 ex
638 2525 779 2578 collo
827 2525 1080 2581 Jeremia:
1111 2529 1179 2595 Χ
1211 2527 1488 2597 prophetae
1524 2529 1582 2594 1,
1613 2537 1668 2581 et
1703 2527 1969 2596 confregit
2010 2542 2095 2582 ea.

522 2616 611 2669 11.
651 2618 720 2670 Et
757 2618 894 2671 dixit
936 2617 1180 2672 l-lanania
1216 2630 1341 2673 ante
1373 2619 1564 2674 oculos
1615 2623 1683 2687 Χ
1725 2620 1905 2674 omnis
1940 2621 1964 2688 1
1999 2633 2098 2689 po-

523 2707 657 2776 puli,
694 2708 883 2763 dicens
928 2726 944 2762 :
980 2708 1073 2764 Sic
1105 2710 1242 2788 dixit
1275 2711 1537 2764 Dominus
1567 2709 1725 2764 :.Sic
1753 2710 2096 2782 coufringam

521 2797 716 2867 jugum
754 2800 820 2865 Χ
851 2795 1414 2854 Nabuchodonosoris
1435 2799 1580 2868 regis
1611 2799 1902 2870 Babylonis
1925 2801 1988 2870 (ἱ)
2012 2815 2100 2855 su-

522 2902 620 2954 per
661 2887 878 2942 duobus
931 2879 1092 2945 annis
1134 2889 1347 2944 dierum
1407 2888 1481 2959 (k)
1529 2903 1597 2944 ex
1645 2890 1802 2946 collis
1852 2891 2097 2945 omnium

521 2977 790 3044 gentium.
842 2977 906 3032 Et
951 2978 1088 3032 abiit
1143 2975 1380 3033 Ieremia
1429 2979 1691 3048 propheta
1745 2980 1769 3047 1
1840 2979 1895 3033 in
1951 2981 2096 3034 viam

1697 237 1923 296 CODEX
1965 238 2630 297 SYRO-HEXAPLABIS.

525 365 647 420 qua:
673 349 872 405 sumsit
897 347 1405 406 Nabuchodox‘iosor
1439 368 1531 408 rex
1561 353 1854 427 Babylonis
1885 373 1949 412 ex
1985 361 2105 414 loco
2135 378 2180 431 Α
2211 362 2343 417 tioni
2389 365 2413 432 1

526 442 650 506 hoc,
687 450 740 494 et
791 441 1091 494 introduxit
1125 458 1188 496 ea
1239 443 1292 496 in
1329 443 1686 516 Babylonem,
1725 449 1778 502 4.
1819 459 1872 504 et
1899 451 2127 505 ποιων

3619 249 3744 309 ms

2435 400 2450 426 ,
2501 373 2556 418 et
2596 363 2664 417 ad
2710 375 2928 417 omnem
2976 363 3266 432 pepulum;
3298 379 3438 436 quos
3467 366 3746 438 deportavit

2202 451 2712 509 Nabuchodonosor
2742 457 2810 522 Χ
2841 468 2867 507 a
2899 453 3196 510 Jerusalem
3230 457 3284 511 in
3336 457 3654 528 Babylonem
3685 463 3742 532 1;

2201 542 2256 596 2.
2290 542 2366 613 (p)
2400 558 2534 598 cum
2557 543 2623 598 ad
2671 545 2924 598 ultimum
2958 560 3210 615 egressus
3239 557 3322 600 est
3348 545 3602 604 Jechonia
3639 567 3743 618 rex,

2200 642 2256 689 et
2287 635 2494 703 regina,
2531 644 2586 689 et
2619 636 2877 701 eunuchi,
2908 639 2974 704 Χ
3013 646 3067 690 et
3100 637 3376 706 principes
3401 636 3550 695 Judaz
3580 657 3640 696 ex
3665 643 3744 699 Je-

2199 725 2438 779 rusalem
2465 724 2486 792 1
2511 765 2526 788 ,
2552 735 2606 779 et
2637 727 2818 782 omnis
2840 727 2998 791 liber,
3020 736 3072 782 et
3108 729 3182 798 (ᾳ)
3213 731 3434 792 artifex,
3466 740 3518 785 et
3549 733 3744 790 vinctus

2127 876 2146 887 ,
2200 829 2264 869 ex
2289 812 2613 878 Jerusalem,
2673 817 2728 871 5.
2779 817 2835 871 in
2875 832 3038 871 manu
3079 816 3286 873 Eleasa:
3317 821 3410 874 ﬁlii
3439 820 3668 891 Saphan,
3699 833 3744 880 et

2202 904 2472 960 Gamaria
2505 905 2599 958 ﬁlii
2631 903 2848 968 Helciae,
2875 920 3036 972 quem
3065 906 3211 961 misit
3249 905 3472 961 Sedecia
3497 923 3585 962 rex
3610 907 3748 963 Iudas

2200 993 2266 1047 ad
2301 995 2368 1062 Χ
2400 991 2996 1048 Nabuchodonosorem
3038 993 3068 1061 1'
3096 1009 3276 1064 regem
3300 994 3586 1063 Babylonis
3611 1009 3666 1049 -t-
3695 997 3748 1051 in

2199 1082 2528 1155 Babylonem
2573 1085 2631 1152 1,
2688 1084 2877 1139 dicens
2914 1101 2935 1137 :
2977 1085 3040 1138 4-
3083 1083 3174 1137 Sic
3222 1083 3361 1138 dixit
3406 1083 3654 1138 Dominus
3685 1085 3745 1152 Χ

2199 1176 2459 1230 virtutum
2522 1174 2548 1242 1
2614 1175 2754 1229 Deus
2807 1174 3022 1229 Israelis
3079 1189 3247 1242 super
3291 1174 3746 1243 demigrationem,

2196 1283 2361 1338 quam
2395 1267 2699 1336 demigrare
2732 1265 2858 1321 fecit
2889 1281 2954 1320 ex
2989 1265 3293 1320 Jerusalem
3337 1268 3404 1332 Χ
3451 1265 3502 1318 in
3540 1264 3746 1334 Babylo.

2198 1374 2322 1412 nem
2355 1358 2378 1426 1
2407 1376 2420 1412 :
2455 1359 2509 1414 5.
2535 1357 2825 1412 [Ediﬁcate
2853 1357 3064 1415 domos,
3091 1367 3145 1410 et
3179 1357 3440 1416 habitate,
3459 1366 3509 1410 et
3531 1357 3746 1424 plantate

2198 1451 2410 1512 hortos,
2454 1459 2510 1504 ct
2547 1449 2690 1504 edite
2722 1449 2936 1504 fructus
2966 1463 3181 1510 eorum,
3216 1446 3271 1501 6.
3309 1458 3363 1501 et
3390 1447 3584 1501 sumite
3625 1460 3746 1499 uxo-

2196 1557 2304 1606 res,
2323 1551 2376 1596 et
2399 1541 2560 1596 facite
2587 1549 2746 1596 natos
2783 1540 2942 1604 ﬁlios,
2965 1550 3018 1594 et
3049 1539 3207 1602 ﬁlias,
3231 1549 3287 1594 et
3309 1539 3506 1593 sumite
3528 1537 3644 1592 ﬁliis
3667 1551 3748 1592 ve-

2199 1634 2328 1687 stris
2375 1646 2594 1696 uxores,
2639 1640 2695 1686 et
2741 1631 2880 1686 ﬁlias
2907 1639 3118 1685 vestras
3140 1631 3267 1685 date
3291 1628 3446 1689 viris,
3473 1638 3526 1682 et
3551 1628 3746 1698 pariant

3607 1726 3748 1771 etne

2199 1811 2580 1866 diminuamiui
2616 1829 2632 1866 :
2670 1810 2724 1863 7.
2757 1818 2814 1865 et
2853 1810 3017 1864 vivite
3046 1809 3116 1875 (ν)
3150 1809 3204 1862 in
3255 1823 3441 1879 pacem
3484 1817 3654 1869 terrae,
3693 1807 3748 1861 in

2197 1917 2360 1970 quam
2396 1901 2702 1970 demigrare
2727 1900 2829 1955 feci
2859 1915 2959 1955 vos
2993 1900 3123 1954 illuc
3153 1915 3172 1952 :
3208 1909 3266 1953 et
3295 1908 3448 1953 orave
3467 1913 3562 1967 pro
3587 1896 3661 1952 eis
3682 1897 3748 1951 ad

2199 1991 2525 2057 Dominum;
2576 1992 2705 2060 quia
2748 1991 2809 2044 in
2838 2005 2969 2060 pace
3003 1990 3080 2061 (ε)
3103 2004 3300 2044 eorum
3338 1988 3396 2042 ﬁt
3448 1987 3598 2043 vobis
3631 2002 3741 2056 pax.

2198 2081 2250 2135 8.
2289 2079 2560 2147 Quoniam
2608 2081 2688 2136 sic
2731 2081 2869 2136 dixit
2902 2080 3169 2135 Dominus
3201 2083 3273 2149 Χ
3322 2079 3579 2133 virtutum
3617 2077 3745 2133 Deus

2198 2171 2414 2228 lsraelis
2450 2173 2470 2239 1
2501 2190 2516 2228 :
2549 2171 2668 2226 Non
2703 2174 3070 2242 persuadeant
3094 2172 3251 2226 vobis
3286 2171 3742 2240 pseudopropheta:

2200 2266 2266 2332 >εί
2293 2263 2455 2318 vestri
2491 2262 2514 2330 1
2548 2277 2611 2318 σε·
2638 2263 2732 2332 qui
2765 2263 2816 2317 in
2851 2263 3007 2319 vobis
3033 2264 3092 2333 1,
3125 2271 3179 2316 et
3219 2275 3285 2316 σο-
3312 2275 3420 2315 non
3448 2265 3514 2330 (ι)
3542 2273 3743 2329 ρετςιιιιο.

2197 2355 2361 2409 deant
2381 2355 2535 2409 vobis
2562 2355 2590 2422 1
2616 2355 2951 2410 divinatorea
2973 2353 3140 2410 vestri
3164 2372 3178 2408 :
3199 2362 3258 2407 et
3279 2367 3348 2406 ne
3373 2350 3676 2420 audiatis(u)
3693 2350 3740 2403 in

2197 2445 2430 2501 somniis
2449 2445 2668 2508 vestris,
2695 2459 2818 2514 quae
2843 2458 2940 2498 vos
2973 2444 3299 2507 somniatis;
3337 2441 3392 2498 9.
3428 2442 3549 2512 quia
3578 2440 3740 2508 iniqua

2198 2534 2273 2589 illi
2307 2535 2629 2605 prophetant
2657 2535 2813 2590 vobis
2844 2549 3008 2603 super
3047 2534 3276 2588 nomine
3305 2547 3426 2587 meo
3454 2551 3470 2586 :
3501 2545 3602 2586 non
3633 2528 3739 2584 misi

2196 2638 2312 2687 eos,
2362 2623 2496 2678 dicit
2534 2621 2818 2678 Dominus.
2873 2622 2960 2677 10.
3009 2621 3147 2686 Quia
3175 2622 3264 2676 sic
3293 2620 3430 2674 dixit
3456 2617 3738 2672 Dominus:

2199 2713 2278 2785 (at)
2308 2715 2446 2768 Cum
2475 2713 2646 2768 futuri
2701 2720 2830 2768 sunt
2873 2711 3085 2781 impleri
3123 2709 3393 2781 Babyloni
3426 2705 3738 2778 septuaginta

2198 2805 2347 2870 anui,
2385 2804 2619 2858 visitabo
2659 2817 2779 2866 vos,
2827 2810 2882 2858 et
2931 2803 3208 2872 imponam
3269 2815 3436 2870 super
3474 2811 3567 2852 vos
3595 2795 3742 2850 verba

2199 2908 2317 2948 mea
2351 2895 2418 2960 Χ
2443 2893 2584 2946 bona
2621 2891 2642 2959 1
2668 2931 2683 2956 ,
2712 2889 2779 2945 ad
2806 2889 3171 2945 reducendum
3196 2903 3303 2943 vos
3326 2889 3379 2942 in
3404 2887 3574 2941 locum
3595 2883 3744 2937 hunc.

2201 2984 2290 3040 11.
2328 2987 2395 3053 Χ
2433 2982 2572 3048 Quia
2601 2996 2702 3050 ego
2727 2983 2844 3038 scio
2871 2980 3284 3049 cogitationem,
3325 2977 3455 3048 quia
3478 2989 3572 3045 ego
3588 2988 3696 3028 sum
3721 2969 3745 3038 ζ

525 3084 704 3122 suam.
754 3068 842 3122 12.
884 3069 948 3124 Et
988 3068 1194 3124 factum
1238 3078 1324 3124 est
1355 3071 1578 3124 verbum
1608 3070 1822 3125 Domini
1851 3070 1918 3125 ad
1940 3069 2095 3125 Jere-
2124 3063 2167 3092 ν
2198 3084 2254 3130 et
2285 3075 2533 3146 cogitans
2557 3088 2722 3143 super
2750 3087 2864 3137 vos,
2895 3073 2962 3140 Χ
2995 3069 3129 3126 dicit
3169 3067 3449 3123 Dominus
3481 3069 3542 3138 1,
3565 3063 3748 3134 cogita-

521 3161 712 3227 miam,
751 3170 1044 3231 postquam
1077 3159 1347 3230 confregit
1389 3159 1636 3214 llanania
1665 3164 1732 3228 Χ
1768 3162 2032 3230 propheta
2070 3161 2092 3228 1

524 3252 748 3306 callaria
782 3255 849 3322 Χ
884 3253 1004 3322 ejus
1051 3268 1117 3308 ex
1160 3253 1304 3308 collo
1344 3252 1410 3322 (ι)
1456 3252 1577 3322 ejus
1605 3254 1883 3322 prophetae
1913 3252 1934 3319 1
1965 3291 1982 3316 ,
2015 3251 2101 3306 di-

522 3358 653 3397 cens
692 3362 707 3397 :
745 3343 831 3399 15.
882 3344 1060 3410 Vade,
1105 3351 1160 3398 et
1200 3343 1289 3398 dic
1331 3343 1398 3398 ad
1442 3341 1782 3407 Hauaniam,
1816 3342 2048 3397 dicendo
2082 3359 2095 3396 :

525 3432 618 3488 Sic
649 3433 788 3488 dixit
833 3433 1098 3490 Dominus
1152 3451 1166 3487 :
1213 3433 1450 3488 Collaria
1491 3433 1618 3503 ligni
1665 3431 2004 3501 confregisti,
2048 3441 2103 3486 et

525 3523 724 3579 faciam
757 3525 854 3592 (ut)
890 3540 989 3594 pro
1027 3525 1112 3579 his
1137 3525 1360 3580 collaria
1391 3523 1520 3579 ferri
1553 3542 1566 3578 :
1596 3524 1682 3578 M.
1715 3525 1845 3593 quia
1866 3523 1946 3579 sic
1963 3522 2101 3578 dixit

527 3617 798 3672 Dominus
837 3619 904 3686 Χ
934 3618 1198 3672 virtutum
1229 3617 1253 3684 1
1292 3616 1433 3672 Deus
1462 3615 1714 3670 lsraelis:
1741 3614 1932 3686 jugum
1969 3614 2100 3670 ferri

525 3710 684 3778 posui
731 3725 895 3778 super
940 3709 1140 3764 collum
1196 3709 1443 3762 omnium
1481 3708 1721 3777 gentium
1767 3711 1835 3774 Χ
1881 3709 2098 3771 harum,

525 3802 593 3852 ad
629 3800 980 3855 serviendum
1009 3799 1532 3853 Nabuchodonosori
1573 3798 1595 3864 1
1635 3799 1744 3866 regi
1783 3797 2097 3866 Babylonis,

525 3895 590 3962 Χ
618 3901 674 3946 et
723 3891 904 3946 colent
957 3891 1235 3946 servitium
1276 3889 1348 3952 ei,
1401 3897 1456 3942 et
1497 3903 1714 3958 quoque
1765 3888 1842 3957 (τι)
1897 3888 2100 3942 bestias

526 3986 640 4054 agri
681 3985 802 4039 dedi
849 3984 897 4038 ei
935 3984 982 4051 1.
1041 3982 1129 4036 15.
1181 3981 1246 4036 Ει
1292 3981 1440 4039 dixit:
1475 3979 1709 4036 Jeremia
1742 3983 1808 4048 Χ
1835 3980 2099 4050 propheta

525 4077 784 4133 llanauiae
827 4077 1104 4146 prophetze
1148 4075 1171 4142 1
1208 4093 1221 4128 :
1255 4074 1397 4128 Audi
1441 4076 1508 4141 Χ
1545 4089 1710 4137 nunc,
1758 4071 2004 4127 Hanania
2035 4072 2096 4141 1:

520 4171 640 4226 Non
674 4169 821 4223 misit
853 4177 904 4223 te
935 4167 1197 4223 Dominus
1242 4185 1254 4220 :
1289 4178 1344 4221 et
1376 4175 1431 4220 tu
1463 4165 1735 4220 conﬁdere
1779 4164 1955 4219 fecisti
2005 4178 2101 4232 po-

521 4264 710 4332 pulum
754 4261 900 4314 hunc
957 4261 1031 4328 (o)
1073 4274 1236 4328 super
1289 4258 1514 4328 iniquis.
1576 4258 1663 4310 16.
1724 4255 1952 4326 Propter
1999 4255 2103 4310 hoc

1237 4320 1518 4417 But-cego
1576 4349 1732 4402 mitto
1783 4320 1848 4402 te-
1885 4362 1915 4400 a
1961 4344 2099 4400 lacie
2132 4371 2175 4425 υ
2205 4339 2400 4396 fratres
2421 4349 2653 4402 vestros,
2695 4336 2787 4406 qui
2817 4350 2927 4390 non
2959 4334 3165 4404 egressi
3197 4340 3327 4388 sunt
3360 4345 3482 4387 cum
3519 4324 3661 4379 vobis
3695 4320 3741 4372 in

523 4356 604 4409 sic
654 4353 792 4408 dixit
842 4351 1108 4405 Dominus
1165 4366 1179 4403 :

523 4461 680 4500 terra:
715 4446 860 4499 :hoc
888 4457 1031 4496 anno
1055 4445 1121 4509 Χ
1146 4450 1201 4495 ιιι
1236 4441 1259 4508 1
1295 4440 1579 4506 morieris;
1611 4439 1736 4508 quia
1763 4441 1828 4506 Χ
1860 4436 2100 4505 obliqui-

522 4550 689 4592 tatem
725 4539 746 4607 1
776 4547 830 4590 tu
861 4537 1076 4590 locutus
1105 4549 1166 4588 es
1189 4533 1255 4588 ad
1281 4533 1591 4587 Dominum.
1631 4529 1715 4583 17.
1757 4527 1822 4582 Et
1854 4537 2102 4583 mortuus

522 4641 605 4684 t-st
636 4633 704 4699 Χ
736 4629 979 4692 Hanauia
1015 4627 1278 4697 propheta
1323 4625 1376 4680 in
1425 4638 1569 4678 anno
1605 4623 1696 4677 illo
1730 4621 1753 4689 1
1805 4622 1859 4675 in
1910 4633 2098 4674 mense

523 4721 774 4788 septimo.

592 4813 726 4880 Cap.
771 4808 963 4862 XXIX.
995 4811 1045 4862 1.
1074 4809 1138 4863 Et
1166 4810 1278 4863 haec
1300 4808 1462 4862 verba
1491 4807 1636 4869 libri,
1665 4821 1789 4874 quae
1826 4805 1978 4857 misit
2003 4801 2093 4856 Je-

523 4905 690 4960 rcmia
744 4907 809 4970 Χ
863 4901 1126 4970 propheta
1174 4903 1194 4968 1
1250 4916 1315 4953 ex
1369 4898 1668 4953 Jerusalem
1724 4896 1790 4949 ad
1845 4897 2094 4949 seniores

522 4994 1040 5065 transmigrationis,
1081 4999 1134 5045 et
1163 4990 1227 5044 ad
1272 4989 1603 5053 sacerdotes,
1651 4996 1706 5041 ct
1743 4989 1807 5039 ad
1857 4985 2090 5054 pseudo-

523 5087 838 5157 prophetas,
890 5082 1176 5153 epistolam
1239 5080 1291 5134 iu
1342 5079 1672 5148 Babylonem
1720 5090 1783 5130 σε·
1827 5075 2094 5143 demigra-

593 5263 668 5319 (b)
711 5261 801 5321 Α..
832 5257 1056 5312 ﬁdeliter
1083 5265 1134 5310 te

525 5329 607 5391 5.,
649 5340 1026 5399 cognoscetur.
1105 5323 1187 5399 (Ιιί
1211 5328 1298 5399 ΛΔ.,
1328 5323 1408 5399 Si.
1435 5325 1485 5376 in
1512 5323 1752 5376 veritate.

523 5392 754 5454 bestiam
789 5399 1044 5465 regionis.
1115 5392 1193 5466 '(o')
1234 5394 1324 5458 Λ.,
1356 5392 1436 5466 8..

1165 5251 1500 5326 geres._lleb.
1529 5267 1708 5326 amen.
1785 5252 1801 5320 (

2199 3167 2400 3222 tionem
2431 3165 2604 3234 pacis,
2633 3174 2684 3219 et
2711 3180 2819 3218 non
2852 3165 3017 3226 mala,
3054 3160 3122 3215 ad
3155 3160 3410 3215 dandum
3461 3158 3603 3212 vobis
3643 3162 3747 3225 post

2202 3259 2318 3313 haec
2351 3260 2418 3326 Χ
2455 3257 2619 3311 etiam
2657 3269 2811 3324 spem
2861 3271 2875 3308 :
2919 3252 3011 3306 12.
3045 3259 3100 3306 ει
3133 3253 3395 3305 invocate
3432 3264 3533 3312 me,
3575 3256 3622 3302 et
3657 3245 3744 3299 ibi‘

2202 3349 2272 3402 tis
2306 3347 2370 3415 1,
2405 3359 2458 3401 et
2505 3357 2658 3402 orate
2704 3347 2768 3398 ad
2816 3360 2923 3407 me,
2964 3353 3018 3397 ct
3069 3342 3370 3397 exaudiam
3421 3356 3536 3394 vos.
3584 3339 3661 3392 15.
3692 3334 3745 3388 Et

2201 3437 2455 3507 quwretis
2484 3450 2591 3498 me,
2629 3443 2683 3488 et
2711 3432 2997 3486 invenietis
3031 3445 3140 3492 me,
3161 3429 3288 3498 quia
3330 3426 3574 3498 quaeretis
3603 3420 3743 3476 mei

2202 3537 2316 3583 toto
2341 3526 2507 3581 corde
2539 3533 2723 3580 vestro
2759 3540 2773 3576 :
2805 3521 2891 3575 14.
2930 3531 2984 3576 et
3014 3519 3289 3590 apparebo
3347 3518 3516 3578 vobis,
3548 3517 3608 3582 Χ
3631 3510 3743 3565 dicit

2202 3618 2487 3683 Dominus,
2540 3625 2596 3671 et
2658 3615 2911 3668 reducam
2966 3611 3346 3680 captivitatem
3404 3617 3646 3664 vestram,
3697 3608 3742 3655 et

2201 3711 2536 3778 congregabo
2575 3722 2670 3760 vos
2707 3721 2773 3759 ex
2807 3703 3067 3758 omnibus
3097 3701 3380 3771 gentibus,
3413 3708 3466 3752 ct
3495 3712 3555 3750 ex
3589 3691 3741 3748 omni.

2203 3801 2306 3855 bus
2331 3799 2486 3862 locis,
2518 3812 2628 3866 quo
2657 3793 2892 3864 dispersi
2925 3809 3025 3849 vos
3073 3793 3223 3854 illuc,
3277 3790 3417 3845 dicit
3463 3787 3741 3841 Dominus:

2201 3894 2256 3940 et
2293 3884 2547 3939 reducam
2583 3897 2682 3937 vos
2726 3882 2781 3935 in
2832 3881 3035 3947 locum,
3071 3879 3216 3934 unde
3262 3877 3542 3949 deportari
3573 3890 3661 3928 vos
3687 3871 3741 3923 il-

2202 3977 2291 4032 luc
2323 3977 2370 4044 1.
2406 3975 2488 4028 15.
2523 3973 2661 4040 Quia
2688 3972 2924 4036 dixistis,
2966 3970 3114 4043 quod
3157 3971 3448 4025 constituit
3490 3966 3636 4020 nobis
3663 3961 3745 4013 Do-

2202 4069 2383 4123 minus
2407 4067 2696 4137 prophetas
2725 4065 2778 4118 in
2803 4063 3100 4119 Babvlone.
3133 4061 3220 4118 16.
3246 4067 3316 4131 Χ
3340 4061 3475 4126 Quia
3499 4059 3606 4113 haec
3631 4054 3742 4108 dicit

2201 4159 2468 4214 Dominus
2499 4157 2566 4212 ad
2595 4171 2776 4226 regem
2809 4156 3092 4211 sedentem
3121 4169 3287 4224 super
3336 4153 3475 4208 solio
3529 4145 3743 4206 Davidis.

2202 4257 2256 4304 et
2277 4263 2441 4317 super
2469 4261 2686 4301 omnem
2714 4243 2972 4314 populum
3006 4242 3340 4296 habitantem
3371 4240 3424 4292 iu
3469 4236 3597 4290 urbe
3636 4233 3742 4289 hac,

2203 4434 2617 4504 demigratione.
2662 4431 2748 4485 1⁵1.
2791 4428 2918 4485 11ωο
2953 4428 3089 4483 dicit
3137 4426 3403 4480 Dominus
3447 4422 3687 4475 virtutum
3729 4428 3740 4462 :

2205 4525 2342 4582 Ecce
2371 4540 2472 4595 ego
2495 4524 2652 4578 mitto
2675 4523 2727 4577 in
2758 4537 2854 4576 eos
2877 4520 3142 4591 gladium,
3183 4527 3240 4573 et
3287 4517 3506 4578 famem,
3533 4519 3585 4564 et
3616 4519 3740 4560 mor-

2202 4627 2336 4678 tem,
2365 4623 2420 4668 et
2451 4613 2593 4667 dabo
2627 4613 2677 4666 id
2723 4620 2781 4666 ut
2813 4612 2950 4665 licus
2990 4610 3068 4679 (ῃ)
3106 4609 3347 4669 Suarim,
3387 4619 3507 4675 qua:
3537 4615 3637 4655 non
3662 4611 3741 4650 σοι

2202 4707 2488 4761 medentur
2523 4718 2632 4772 prae
2655 4701 2883 4756 malitia.
2917 4701 3003 4756 18.
3042 4699 3107 4753 Et
3125 4713 3421 4769 persequar
3443 4701 3560 4765 post
3583 4703 3670 4743 eos
3696 4685 3741 4738 in

2201 4797 2401 4868 gladio,
2425 4795 2554 4850 etin
2588 4793 2749 4854 fame.
2782 4801 2836 4846 et
2867 4793 2920 4845 in
2951 4801 3149 4853 morte,
3175 4797 3230 4843 et
3250 4789 3392 4843 dabo
3421 4801 3513 4840 eos
3538 4784 3587 4834 in
3614 4789 3740 4832 com-

2204 4889 2498 4945 motionem
2547 4885 2804 4940 omnibus
2838 4884 3021 4954 regnis
3058 4891 3234 4942 terrae,
3283 4882 3334 4933 in
3373 4879 3740 4947 jurameulum.

2201 4993 2255 5036 et
2299 4982 2352 5034 in
2388 4980 2636 5042 exitium,
2667 4989 2721 5032 et
2765 4978 2816 5030 in
2861 4976 3102 5034 sibilum,
3140 4983 3192 5026 et
3228 4973 3282 5025 in
3315 4966 3648 5040 opprobrium
3695 4956 3740 5008 in

2203 5071 2460 5126 omnibus
2492 5068 2780 5140 gentibus,
2816 5081 2926 5136 quo
2963 5063 3194 5134 dispersi
3226 5076 3320 5116 eos
3364 5058 3508 5112 illuc.
3541 5051 3619 5106 l9.
3649 5045 3741 5100 Pro

1808 5247 2026 5317 c):\u-li.
2105 5245 2378 5323 (d)'l‘uas,
2454 5241 2642 5311 (e)'l'c.
2715 5239 3072 5318 (flA.,super
3101 5233 3262 5288 terris
3296 5230 3498 5311 multis.
3569 5219 3732 5292 (aM--

1832 5317 2147 5362 mum-sus.
2226 5314 2298 5362 (In
2343 5316 2416 5362 tax
2440 5316 2599 5362 collo.
2677 5310 3027 5362 (luerentur.
3106 5307 3201 5362 (ml
3241 5303 3346 5357 Pro
3378 5315 3476 5353 ets.
3550 5296 3621 5362 (n)
3655 5289 3732 5344 Αη

1479 5342 1485 5376 I
1512 5323 1752 5376 veritate.
1790 5307 1801 5320 ’
1832 5307 1891 5386 (ἑ)
1916 5317 2093 5370 [{ursu

1479 5408 1640 5461 super
1673 5391 1977 5446 mendacio.
2022 5388 2098 5461 A(_p

2226 5314 2298 5383 (It)
2343 5314 2416 5366 lix
2440 5307 2599 5366 collo.
2677 5307 3027 5379 (l)'.|ereuii:e.
3106 5307 3201 5375 (ηε)
3241 5307 3346 5357 Pro
3378 5307 3476 5353 cis.
3550 5307 3621 5362 (η)
3655 5307 3733 5344 Λα

2198 5386 2264 5461 1..
2303 5391 2587 5461 postquam
2618 5395 2877 5461 egressus
2911 5385 2994 5431 est
3020 5375 3289 5461 Jechonia
3317 5377 3507 5461 ranae}
3531 5377 3642 5461 (ικξε

521 5439 754 5537 ῗὲἕῖἱιέἐῗ
789 5439 1330 5536 ’ἂῖἑῗῖᾦτΰῶἳρἑὶὂ
1356 5439 1912 5537 ῐὶῖ›ι-ἷιῖἷῖἶιῖίὲί’ὶῖῦὖῖρ
1941 5439 2034 5526 φεῖ
2058 5439 2320 5537 ῖῑίειιιιιέιέ
2387 5439 2460 5537 ἐν)
2494 5454 2592 5534 du
2612 5439 2705 5531 εἰ.
2725 5450 2782 5537 it!
2810 5445 3342 5537 P_".99',':-"E!'f§:_._£i’
3381 5439 3525 5537 [ἓξὲξ

3561 5435 3618 5504 (ι)
3652 5427 3733 5480 Βι-

1019 5507 1662 5609 ,
1689 5507 1790 5602 Tu)
1935 5507 2168 5604 s'oimiu;
2188 5507 2206 5508 η
2226 5507 2324 5594 ν(.υ)
2367 5507 2458 5588 .f
2493 5523 2544 5577 in
2575 5507 3045 5588 ore'intplctiouis,
3072 5507 3352 5587 Babyloni.
3423 5507 3497 5580 fy)
3536 5507 3617 5566 Αον
3639 5510 3730 5553 ι¹⁰¹¹

523 5606 678 5665 came
699 5608 901 5663 lcnalas.
945 5606 1026 5662 8..
1059 5606 1277 5660 ultimas
