4042 6194
368 275 508 334 2549

1596 263 1912 322 ΙΕΒΕΜΙΑΞ
1947 267 2178 326 CAPUT
2220 267 2388 322 XXX.

3462 268 3604 327 9350

369 389 604 460 eoqttod
643 404 749 443 non
779 387 1108 443 audiverunt
1134 385 1298 442 verba
1329 399 1470 452 mea,
1495 384 1626 440 dicit
1654 385 1938 449 Dominus,
1973 391 2014 445 Α
2045 385 2271 439 remiam
2301 401 2330 438 a
2364 383 2598 436 Domino
2637 401 2650 437 :
2681 383 2737 436 2.
2769 383 2859 439 Sic
2881 385 3028 440 dixit
3059 367 3325 442 Dominus
3361 385 3506 442 Deus
3537 386 3615 442 ls-

368 483 496 552 quia
523 482 647 537 misi
671 481 738 536 ad
761 495 856 536 eos
879 495 1064 535 servos
1087 493 1234 532 meos
1262 478 1573 546 prophetas,
1593 485 1934 531 antevertens

368 589 422 628 et
449 574 694 637 mittens,
725 583 912 626 etnon
963 571 1036 640 (ι)
1079 569 1429 634 audiverunt,
1477 568 1611 622 dicit
1653 566 1936 622 Dominus.

367 662 458 717 20.
494 661 561 714 Et
591 677 690 716 vos
719 661 903 715 audite
923 648 1166 714 verbum
1203 658 1438 720 Domini,
1458 659 1636 712 munis
1664 657 1942 726 demigra-

370 755 466 816 tio,
492 768 657 820 quam
710 752 834 806 misi
867 767 934 806 ex
972 749 1275 804 Jerusalem
1315 749 1367 801 in
1416 747 1746 818 Babylonem
1779 748 1801 815 1
1837 749 1938 816 (α).

366 845 456 898 21.
497 843 589 899 Sic
615 843 754 897 dixit
799 841 1065 895 Dominus
1104 845 1168 907 Χ
1209 841 1520 909 virtutum1
1560 839 1698 893 Deus
1728 838 1941 893 lsraelis

369 952 534 1004 super
570 935 777 989 Achiab
808 937 874 1001 Χ
909 934 1080 987 tilium
1115 932 1283 987 Culia:
1310 931 1367 999 1,
1392 940 1446 984 et
1466 946 1629 999 super
1657 929 1940 982 Sedeciam

373 1031 438 1096 Χ
463 1028 631 1080 filium
655 1025 890 1090 Maasite,
917 1025 1307 1094 prophetantes
1346 1022 1498 1075 vobis
1525 1035 1690 1089 super
1722 1020 1944 1075 nomine

368 1133 491 1172 meo
521 1117 598 1186 (b)
630 1118 683 1170 iu
711 1118 898 1186 iniquo
927 1117 950 1184 1
983 1133 997 1170 :
1029 1115 1165 1170 Ecce
1187 1131 1288 1184 ego
1327 1115 1397 1168 do
1437 1128 1532 1168 eos
1565 1113 1618 1166 iu
1653 1127 1848 1166 manus
1873 1114 1941 1179 Χ

368 1207 919 1262 Nabuchodonosoris
948 1207 971 1274 1
999 1207 1143 1275 regis
1172 1205 1458 1275 Babylonis
1491 1221 1505 1258 :
1537 1212 1590 1257 et
1611 1201 1822 1257 occidet
1843 1217 1941 1256 eos

369 1309 492 1353 ante
531 1299 722 1354 oculos
759 1309 990 1353 vestros.
1030 1297 1120 1350 ΞΩ.
1153 1297 1218 1348 Ει
1244 1305 1459 1350 sument
1499 1310 1564 1349 ex
1599 1294 1678 1348 eis
1714 1293 1944 1346 maledi-

367 1391 605 1442 etiouem
648 1391 700 1441 in
739 1388 885 1442 omni
914 1387 1308 1455 demigratioue
1337 1384 1511 1445 Judze,
1538 1399 1660 1452 quze
1685 1383 1737 1436 in
1772 1382 1944 1452 Baby-

371 1480 516 1544 lone,
546 1481 788 1534 dicentes
817 1495 832 1531 :
871 1476 1056 1532 Faciat
1085 1489 1136 1530 te
1160 1475 1444 1538 Dominus,
1491 1475 1632 1528 sicut
1679 1471 1805 1527 fecit
1839 1474 1941 1526 Se-

369 1571 603 1632 deciam,
648 1578 704 1623 et
747 1568 893 1623 sicut
933 1567 1142 1621 Achiab
1194 1565 1282 1636 (‘),
1338 1580 1478 1634 quos
1537 1566 1608 1630 (ε)
1661 1562 1811 1615 frixit
1846 1577 1938 1614 rex

369 1660 666 1730 Babylonis
692 1659 745 1712 in
769 1658 911 1728 igne,
935 1657 1024 1710 ‘25.
1047 1666 1266 1726 propter
1289 1657 1363 1725 (ιι)
1389 1655 1752 1724 iniquitatem,
1775 1667 1938 1721 quam

2045 476 2228 540 raelis,
2251 474 2436 529 dicens
2465 494 2478 529 :
2505 473 2695 528 Scribe
2715 479 2780 542 Χ
2805 476 2899 530 tibi
2929 477 2949 544 1
2977 479 3160 531 omnia
3178 477 3364 542 verba,
3390 478 3464 547 (ο)
3490 495 3614 547 qum

2043 567 2275 620 revelavi
2315 566 2436 629 tibi,
2473 566 2525 618 in
2563 566 2704 620 libro
2741 583 2754 618 :
2791 567 2844 620 5.
2880 567 3007 637 quia
3033 582 3162 622 ecce
3204 568 3320 622 dies
3362 569 3612 632 veniunt,

2042 657 2173 712 dicit
2205 658 2488 721 Dominus,
2541 668 2595 713 et
2627 659 2884 712 reducam
2927 658 3002 728 (p)
3035 658 3484 729 demigrationem
3517 675 3613 729 po-

2043 749 2154 818 puli
2203 750 2309 804 mei
2347 751 2584 812 lsraelis,
2630 761 2684 805 et
2721 749 2894 815 Judae,
2929 752 3060 806 dicit
3098 751 3381 816 Dominus,
3439 753 3512 822 (τι)
3561 762 3616 808 et

2044 840 2298 894 reducam
2325 856 2421 896 eos
2447 841 2500 894 in
2537 851 2758 905 terram,
2781 857 2946 910 quam
2973 842 3096 896 dedi
3128 842 3373 910 patribus
3398 858 3612 909 eorum,

2044 931 2115 999 (ν)
2141 943 2192 986 et
2226 933 2616 1001 imperitabant
2635 934 2704 986 ei.
2733 933 2787 987 4.
2819 933 2884 988 Et
2909 935 3022 988 hsce
3043 933 3232 996 verba,
3261 934 3615 1002 quzelocutus

2042 1028 2126 1072 est
2158 1019 2418 1074 Dominus
2449 1036 2614 1090 super
2650 1021 2869 1085 lsraele,
2902 1032 2957 1076 et
2999 1025 3068 1090 Χ
3095 1038 3262 1090 super
3300 1023 3322 1090 1
3359 1023 3520 1079 Juda.
3555 1024 3612 1080 5.
3653 1059 3660 1095 ε

2045 1105 2136 1160 Sic
2185 1107 2324 1160 dixit
2371 1109 2632 1164 Dominus
2673 1127 2687 1163 :
2730 1108 2928 1165 Vocem
2965 1112 3035 1180 (ε)
3084 1110 3298 1166 timoris
3332 1113 3612 1168 audietis:

2043 1197 2226 1259 timor,
2257 1205 2313 1250 et
2359 1213 2465 1250 non
2509 1207 2594 1252 est
2628 1214 2754 1268 pax.
2787 1201 2840 1253 6.
2877 1199 3214 1270 Interrogata
3256 1206 3320 1270 Χ
3369 1218 3515 1258 nunc
3549 1203 3612 1271 1,

2041 1294 2096 1339 et
2129 1286 2326 1348 videte,
2355 1286 2397 1340 si
2420 1287 2628 1356 peperit
2659 1290 2974 1344 masculus?
3015 1304 3077 1346 οξ-
3109 1299 3165 1346 et
3197 1291 3264 1346 de
3303 1293 3520 1355 timore,
3558 1293 3611 1346 in

2042 1391 2152 1445 quo
2180 1377 2501 1432 detinebuut
2532 1380 2674 1434 latus
2705 1389 2758 1434 et
2786 1383 3022 1436 salutem
3063 1382 3130 1450 1?
3153 1399 3324 1452 quare
3352 1384 3461 1438 vidi
3498 1401 3617 1438 om-

2043 1483 2165 1521 nem
2204 1468 2498 1533 homiuem,
2531 1481 2584 1526 et
2613 1487 2805 1526 manus
2834 1472 2954 1541 ejus
2989 1489 3155 1542 super
3187 1475 3330 1530 latus
3355 1475 3516 1544 ejus"
3545 1478 3612 1542 Χ

2043 1558 2302 1642 sicut‘illa
2325 1559 2349 1626 1
2375 1576 2497 1628 quae
2531 1563 2690 1629 parit,
2718 1578 2886 1618 versa:
2913 1574 3041 1618 sunt
3069 1570 3135 1633 Χ
3166 1581 3359 1622 omnes
3383 1567 3405 1633 1
3449 1566 3614 1621 facies

2045 1648 2098 1702 in
2122 1650 2422 1720 aut-iginem
2455 1669 2468 1705 :
2502 1652 2556 1707 7.
2595 1667 2655 1708 -ε-
2683 1652 2848 1709 Facta
2888 1663 3017 1708 sunt
3062 1655 3119 1722 1,
3165 1660 3228 1718 Χ
3270 1672 3348 1710 ναξ
3387 1658 3444 1725 1,
3487 1657 3616 1727 quia

372 1719 622 1801 fecerunt
648 1747 698 1798 in
736 1719 951 1809 Israele,
982 1719 1390 1814 et-stuprarunt
1418 1719 1617 1797 uxores
1645 1743 1715 1813 (e)
1739 1719 1939 1796 civium
1974 1719 2016 1773 Β
2047 1719 2274 1806 magnus
2307 1737 2428 1793 dies
2465 1739 2574 1803 ille,
2609 1751 2661 1795 et
2693 1758 2800 1794 non
2834 1751 2920 1797 est
2967 1719 3091 1798 talis
3131 1763 3145 1800 :
3179 1756 3231 1800 ct
3265 1719 3480 1816 tempus
3506 1719 3611 1800 au-

369 1849 619 1894 suorum,
646 1833 712 1902 II)
746 1841 801 1886 et
846 1831 1156 1886 revelarunt
1185 1833 1408 1885 verbum
1451 1832 1505 1885 in
1552 1831 1774 1885 nomine
1822 1845 1942 1883 meo

371 1925 438 1989 Χ
468 1923 718 1991 iniquum
747 1925 802 1990 1,
827 1921 969 1990 quod
994 1934 1100 1974 non
1126 1921 1353 1990 pnecepi
1375 1921 1456 1975 eis
1485 1939 1498 1975 :
1527 1930 1580 1975 et
1607 1936 1707 1990 ego
1733 1923 1801 1988 Χ
1819 1935 1942 1974 sum

370 2026 594 2080 gnarus,
636 2013 800 2065 etiam
836 2011 858 2080 1
897 2011 1072 2075 testis,
1114 2012 1241 2066 dicit
1293 2011 1580 2066 Dominus.
1623 2012 1712 2064 25.
1762 2013 1824 2065 Et
1873 2011 1942 2064 ad

372 2103 640 2156 Samaeam
673 2101 1071 2157 Nehemalitam
1093 2103 1262 2166 dices,
1294 2105 1360 2169 Χ
1399 2102 1587 2156 dicens
1616 2119 1630 2156 :
1683 2101 1776 2155 25.
1820 2101 1943 2156 Ilaec

369 2191 501 2244 dicit
521 2190 785 2245 Dominus
813 2191 1076 2244 virtutum
1118 2190 1262 2244 Deus
1287 2194 1354 2258 Χ
1387 2190 1617 2254 lsraelis,
1661 2191 1850 2244 dicens
1874 2190 1896 2256 1
1926 2207 1940 2243 :

371 2281 478 2336 Pro
505 2295 573 2334 eo
595 2282 740 2350 quod
773 2291 828 2334 tu
856 2283 1052 2336 misisti
1086 2281 1140 2335 in
1181 2282 1403 2336 nomine
1433 2282 1508 2350 (g)
1553 2290 1648 2334 tuo
1678 2280 1848 2334 libros
1876 2280 1942 2332 ad

371 2387 592 2425 omnem
616 2372 899 2442 populum,
934 2373 1030 2441 qui
1060 2373 1114 2425 in
1141 2371 1467 2434 Jerusalem,
1515 2384 1572 2425 -t—
1614 2384 1782 2438 quum
1833 2385 1943 2423 non

370 2461 497 2516 misi
535 2473 587 2516 te
620 2462 674 2515 in
710 2463 932 2517 nomine
972 2478 1096 2517 meo
1137 2465 1184 2531 1,
1211 2474 1266 2518 et
1294 2463 1359 2516 ad
1401 2461 1731 2531 Sophoniam
1773 2461 1941 2514 [ilium

370 2551 622 2618 llaasiaa,
651 2555 719 2620 Χ
744 2562 796 2607 et
829 2553 896 2606 ad
927 2567 1118 2608 omnes
1143 2553 1454 2609 sacerdotes
1487 2552 1510 2619 1
1543 2551 1774 2606 dicendo
1806 2569 1819 2604 :
1849 2551 1942 2606 26.

371 2642 634 2698 Dominus
655 2643 804 2699 dedit
827 2654 877 2699 te
907 2645 1244 2699 sacerdotem
1273 2659 1370 2712 pro
1413 2641 1604 2712 Jojada
1639 2643 1943 2705 sacerdote,

370 2736 449 2803 (It)
495 2744 554 2790 ut
594 2751 747 2791 esses
783 2735 1072 2807 praefectus
1113 2736 1166 2789 in
1195 2736 1360 2788 domo
1407 2733 1626 2787 Domini
1668 2733 1815 2786 omni
1849 2733 1946 2786 ho;-

369 2824 527 2885 mini,
563 2838 620 2879 -t—
652 2823 715 2895 (ἕ)
747 2827 838 2894 qui
885 2826 1106 2891 insanit,
1163 2834 1218 2880 et
1264 2825 1414 2878 omni
1491 2825 1698 2878 homini
1741 2825 1803 2892 1,
1852 2824 1944 2894 qui

369 2916 658 2982 prophetat
691 2933 704 2968 :
739 2925 792 2969 et
818 2916 974 2970 dabis
1005 2932 1126 2970 eum
1157 2916 1210 2970 in
1238 2932 1537 2979 carcerem.
1568 2927 1620 2972 et
1654 2917 1708 2970 in
1731 2925 1943 2969 catara-

2044 1837 2263 1897 gustum
2296 1839 2379 1884 est
2407 1828 2632 1892 Jacobo.
2660 1835 2713 1886 8.
2744 1842 2799 1886 et
2830 1849 2896 1888 ex
2930 1837 3032 1888 hoc
3069 1838 3378 1892 servabitur
3411 1857 3424 1892 :
3459 1842 3525 1907 Χ
3561 1849 3617 1893 ιι

2044 1918 2149 1970 erit
2181 1917 2202 1984 1
2239 1919 2290 1971 in
2313 1919 2401 1973 die
2423 1920 2538 1983 illo,
2569 1921 2708 1975 dixit
2733 1923 2996 1978 Dominus
3023 1929 3078 1991 Χ
3113 1927 3371 1982 virtutum
3401 1929 3458 1995 1,
3487 1945 3620 1983 cond

2045 2005 2280 2076 fringam
2310 2007 2502 2078 jugum
2539 2025 2604 2064 ex
2637 2011 2777 2066 collo
2821 2027 3034 2078 eorum,
3071 2025 3124 2068 et
3159 2015 3373 2070 vincula
3427 2032 3616 2070 eorum

2045 2098 2361 2151 absciudam
2398 2116 2411 2152 :
2447 2099 2508 2168 (ι)
2539 2109 2593 2152 et
2629 2116 2734 2155 non
2761 2104 3004 2157 servient
3046 2103 3123 2158 illi
3167 2121 3358 2160 rursus
3383 2106 3615 2161 alienis:

2046 2185 2098 2239 9.
2129 2195 2182 2238 et
2207 2187 2450 2240 servient
2484 2188 2716 2242 Domino
2763 2189 2874 2244 Deo
2904 2207 3026 2255 suo,
3055 2202 3107 2245 et
3142 2193 3328 2246 Davidi
3355 2195 3461 2262 regi
3491 2212 3615 2256 suo,

2045 2279 2111 2342 Χ
2137 2293 2296 2345 quem
2331 2277 2352 2344 1
2387 2278 2638 2332 excitabo
2663 2280 2764 2335 eis.
2801 2281 2884 2336 10.
2913 2286 2978 2350 Χ
3004 2282 3083 2336 Tu
3113 2293 3288 2338 autctu
3310 2301 3377 2338 nc
3401 2287 3613 2352 timeas,

2045 2385 2200 2424 serve
2223 2370 2318 2434 nti,
2365 2369 2554 2436 Iacob,
2587 2372 2718 2426 dicit
2752 2373 3033 2439 Dominus,
3073 2391 3248 2445 neque
3283 2392 3500 2446 paveas,
3535 2379 3614 2433 ls-

2046 2458 2159 2512 rael
2196 2477 2208 2511 :
2246 2461 2374 2528 quia
2411 2476 2538 2514 ecce
2563 2477 2665 2531 ego
2697 2463 2906 2516 redimo
2941 2473 2993 2519 te
3023 2481 3054 2519 e
3102 2465 3424 2536 longinquo,
3452 2478 3506 2522 et
3531 2484 3614 2522 se-

2046 2565 2168 2604 men
2197 2560 2348 2604 tttum
2379 2567 2410 2605 a
2439 2552 2751 2621 captivitate
2769 2569 2961 2608 eorum
2990 2574 3004 2610 :
3029 2565 3083 2610 et
3105 2568 3406 2612 revertetur
3425 2556 3614 2624 .laeob,

2045 2647 2100 2691 et
2134 2640 2458 2708 requiescet,
2500 2653 2556 2696 et
2585 2643 2722 2698 bene
2761 2649 3014 2714 patietur,
3045 2656 3100 2701 et
3132 2661 3240 2701 non
3291 2649 3397 2703 erit
3447 2660 3616 2704 exter-

2049 2745 2199 2785 rens.
2234 2733 2319 2787 ll.
2351 2733 2489 2797 Quia
2523 2743 2700 2788 tecum
2732 2751 2877 2798 sum,
2916 2737 3050 2793 dicit
3105 2739 3391 2805 Dominus,
3430 2741 3496 2794 ad
3532 2756 3614 2794 re-

2048 2821 2363 2875 dimctnlum
2397 2834 2449 2877 te
2493 2841 2508 2878 τ
2558 2826 2687 2894 quia
2730 2825 2927 2882 faciam
2982 2831 3516 2886 consummationem
3563 2831 3618 2885 in

2049 2913 2306 2967 omnibus
2363 2915 2645 2982 gentibus,
2679 2916 2732 2969 in
2767 2932 2908 2986 quos
2941 2919 3171 2988 dispersi
3222 2930 3274 2975 te
3329 2921 3506 2975 illuc:
3569 2931 3617 2976 te

367 3015 537 3058 ctam.
563 3006 653 3058 27.
686 3005 752 3059 Et
781 3023 926 3062 nunc
949 3023 1120 3077 quare
1159 3007 1232 3077 (It)
1276 3023 1384 3062 non
1432 3008 1752 3078 increpastis
1793 3005 1942 3060 Jere-
1969 3040 2012 3094 ο
2051 3013 2232 3056 autem
2279 3019 2386 3058 non
2414 3003 2613 3060 faciam
2647 3015 2698 3061 te
2723 3011 3256 3066 consummationem
3283 3022 3338 3068 et
3367 3013 3618 3067 erudiam

370 3098 560 3159 miam,
590 3099 680 3165 qui
715 3113 780 3151 ex
830 3099 1130 3160 Anatboth.
1161 3099 1253 3168 qui
1292 3101 1582 3169 prophetat
1624 3100 1817 3172 vobis?
1843 3099 1936 3153 28.

369 3185 528 3251 Quod
567 3196 788 3255 propter
814 3188 918 3242 hoc
947 3187 1096 3242 misit
1141 3188 1202 3256 (Ι)
1237 3189 1302 3241 ad
1347 3204 1444 3242 vos
1490 3188 1541 3241 in
1585 3187 1938 3258 Babylonem,

370 3277 560 3330 dicens
589 3295 602 3329 :
638 3278 966 3331 Momentum
995 3289 1078 3333 est
1110 3297 1124 3332 :
1157 3279 1421 3334 aedificato
1455 3278 1671 3339 domos,
1700 3289 1755 3332 et
1789 3279 1942 3331 habi-

372 3380 502 3431 tate,
527 3381 580 3423 et
600 3371 837 3438 plautate
863 3370 1070 3432 hortos,
1102 3381 1154 3422 et
1178 3370 1474 3424 comedetis
1499 3368 1706 3422 fructus
1726 3383 1938 3422 eorum.

367 3463 461 3515 Q9.
521 3461 585 3513 Et
637 3462 760 3530 legit
811 3460 1092 3531 Sophouia
1143 3465 1208 3530 Χ
1253 3462 1510 3516 sacerdos
1556 3462 1577 3528 1
1627 3462 1822 3514 librttm
1873 3463 1940 3527 Χ

373 3553 518 3606 hunc
550 3554 602 3605 in
637 3569 795 3607 aures
824 3552 850 3605 εἰ
876 3553 1074 3606 rentia:
1111 3553 1386 3621 prophetae
1420 3553 1466 3619 1.
1509 3553 1598 3605 50.
1636 3553 1697 3603 Et
1733 3550 1939 3604 factum

369 3653 452 3699 est
473 3646 694 3696 verbum
730 3645 937 3698 Domini
974 3646 1039 3697 ad
1068 3643 1382 3706 Jeremiam,
1415 3643 1604 3696 dicens
1638 3661 1651 3695 :
1684 3643 1773 3696 5|.
1796 3642 1943 3694 Mitte

370 3738 435 3788 ad
475 3738 541 3802 Χ
588 3751 802 3788 omnem
841 3736 862 3800 1
907 3733 1379 3803 demigrationem,
1417 3733 1605 3786 dicens
1637 3750 1650 3786 :
1687 3730 1780 3786 Sic
1809 3731 1943 3786 dixit

373 3820 639 3874 Dominus
678 3836 842 3884 super
875 3820 1146 3873 Samaeam
1178 3816 1602 3882 Nebemalitam,
1645 3821 1774 3890 quia
1817 3835 1944 3890 pro-

370 3910 611 3976 phetavit
649 3909 832 3964 vobis'
859 3908 1092 3973 Samaaa,
1141 3918 1196 3962 et
1241 3925 1343 3979 ego
1386 3925 1494 3962 nou
1545 3909 1668 3963 misi
1712 3925 1860 3970 eum,
1891 3919 1946 3965 et

368 4000 644 4054 confidere
678 3999 805 4054 fecit
837 4015 936 4055 vos
968 4001 1063 4069 (m)
1095 4015 1259 4070 super
1289 4001 1480 4070 iniquo
1523 4019 1538 4054 :
1583 4000 1672 4053 32.
1722 4009 1946 4070 propter

372 4092 477 4144 hoc
511 4093 590 4145 sic
629 4091 770 4146 dixit
817 4093 1081 4146 Dominus
1123 4109 1137 4146 :
1176 4091 1316 4146 Ecce
1364 4106 1466 4162 ego
1509 4091 1744 4144 visitabo
1778 4105 1945 4158 super

371 4183 636 4235 Satna‘am
695 4185 761 4250 Χ
816 4182 1211 4236 Nehemalitam
1256 4183 1314 4249 1,
1365 4191 1418 4236 et
1458 4196 1622 4250 super
1662 4181 1740 4250 (η)
1772 4196 1944 4251 genus

367 4272 490 4339 ejus
529 4289 542 4324 :
574 4281 629 4326 et
659 4288 765 4326 non
805 4274 910 4327 erit
951 4274 1000 4328 ei
1040 4280 1105 4342 Χ
1140 4275 1304 4328 homo
1349 4273 1543 4328 sedens
1586 4273 1608 4338 1
1648 4272 1788 4325 inter
1823 4287 1942 4337 vos,

2047 3101 2098 3144 te
2124 3092 2176 3144 in
2203 3091 2497 3161 judicium,
2533 3105 2588 3148 et
2618 3096 2892 3166 impunem
2925 3099 3253 3156 dimittendo
3282 3116 3394 3155 non
3440 3102 3624 3171 impu-

2044 3197 2168 3235 nem
2219 3181 2492 3238 dimittam
2535 3191 2589 3238 te
2621 3185 2668 3253 1.
2722 3186 2810 3240 12.
2861 3188 2941 3253 (u)
2986 3187 3078 3244 Sic
3122 3190 3264 3244 dixit
3306 3191 3616 3249 Dominus:

2044 3271 2288 3326 Excitavi
2321 3275 2388 3341 Χ
2417 3275 2844 3331 eonframiouem
2872 3287 3019 3336 tuam
3051 3280 3072 3346 1
3115 3297 3130 3333 :
3180 3279 3434 3336 dolorosa
3463 3283 3616 3354 plaga

2044 3371 2134 3417 tua
2162 3382 2175 3417 :
2210 3364 2294 3418 l5.
2329 3381 2436 3419 non
2465 3377 2568 3430 est,
2601 3368 2692 3436 qui
2711 3367 2920 3438 judicet
2949 3369 3217 3438 judicium
3247 3389 3261 3424 :
3289 3371 3342 3425 in
3371 3373 3616 3428 dolorem

2045 3464 2234 3510 sanata
2257 3471 2349 3511 es:
2381 3458 2460 3525 (τις)
2494 3458 2704 3514 utilitas
2741 3475 2847 3513 uon
2870 3470 2953 3514 est
2977 3461 3095 3514 tibi.
3123 3461 3207 3516 N.
3235 3461 3440 3517 Omnes
3461 3464 3618 3518 amici

2045 3547 2120 3600 tui
2138 3547 2286 3601 obliti
2302 3559 2430 3603 sunt
2445 3550 2541 3610 tui.
2568 3553 2636 3620 Χ
2655 3551 2768 3620 ipse
2795 3553 2817 3620 1
2847 3551 2970 3622 (sic)
2996 3569 3102 3608 non
3128 3554 3539 3623 iuterrogabunt
3556 3556 3618 3610 de

2042 3647 2094 3692 te
2114 3654 2129 3700 ;
2153 3639 2282 3707 quia
2315 3641 2670 3709 percussione
2705 3642 2910 3697 inimici
2943 3643 3186 3713 percussi
3215 3651 3290 3706 te,
3321 3643 3619 3710 disciplina

2045 3729 2184 3784 dura
2233 3745 2397 3798 super
2439 3747 2656 3786 omnem
2683 3727 3036 3802 iniquitatem
3088 3744 3234 3789 tuam
3265 3734 3626 3802 multiplicata

2046 3832 2174 3877 sunt
2206 3831 2428 3891 peccata
2471 3833 2584 3878 tua.
2624 3823 2714 3878 15.
2745 3827 2814 3892 Χ
2837 3823 3020 3889 Quare
3056 3825 3262 3879 clamas
3291 3839 3457 3894 super
3496 3841 3624 3879 eon-

2047 3913 2369 3969 fractionem
2405 3922 2553 3967 tuam
2575 3915 2598 3968 ?
2624 3913 2834 3968 violens
2856 3915 3014 3969 dolor
3043 3924 3169 3968 tuus
3191 3923 3411 3983 propter
3440 3915 3624 3968 multi-

2046 4004 2291 4056 tudinetn
2346 4002 2694 4069 iniquitatum
2747 4010 2966 4056 tuarum
3019 4017 3036 4053 :
3082 4003 3228 4071 quod
3281 4001 3622 4056 invalueruut

2047 4100 2268 4159 peccata
2308 4100 2424 4155 tua,
2464 4090 2711 4144 fecerunt
2748 4091 2864 4144 baac
2909 4090 3004 4144 tibi
3047 4091 3094 4158 1.
3139 4089 3227 4142 l6.
3259 4089 3485 4160 Propter
3518 4090 3623 4144 hoc

2046 4195 2260 4243 omnes,
2291 4181 2382 4248 qui
2419 4179 2716 4234 comedunt
2750 4188 2822 4242 te,
2854 4179 3215 4234 comedetttur
3264 4196 3278 4234 :
3328 4189 3383 4233 et
3432 4193 3624 4234 omnes

2047 4272 2121 4342 (ει)
2169 4271 2378 4326 iuituici
2417 4273 2490 4324 tui
2533 4286 2754 4326 carnem
2791 4284 2947 4324 suam
3005 4283 3224 4323 omnem
3271 4269 3559 4323 comedent
3602 4287 3618 4323 :

368 4359 435 4412 ad
468 4359 757 4414 videndum
787 4363 950 4425 bona,
988 4380 1112 4433 quae
1147 4379 1248 4433 ego
1287 4364 1481 4419 faciam
1512 4364 1687 4428 vobis,
1723 4366 1789 4433 Χ
1819 4365 1950 4418 dicit
1979 4356 2026 4416 ο
2057 4377 2118 4418 σε·
2167 4378 2330 4431 super
2363 4361 2767 4415 multitudinem
2810 4359 3162 4429 iniquitatum
3195 4367 3414 4414 tuarum
3445 4359 3624 4413 multi-

370 4449 665 4516 Dominus,
721 4453 847 4523 quia
889 4455 1347 4512 machinationem
1397 4457 1613 4512 locutus
1667 4466 1750 4510 est
1785 4471 1949 4525 super

372 4541 600 4597 Domino
623 4545 668 4598 ἶ.

438 4635 570 4710 Cap.
604 4590 922 4694 )iXX.—i.
952 4639 1206 4704 Verbum,
1237 4638 1384 4709 quod
1411 4637 1615 4696 factum
1645 4648 1728 4695 est
1758 4639 1824 4694 ad
1851 4636 1943 4695 Je-

2052 4454 2248 4524 plicata
2280 4460 2405 4507 sunt
2442 4459 2660 4519 peccata
2699 4459 2812 4514 tua,
2859 4449 3106 4505 fecerunt
3155 4449 3270 4504 hazc
3320 4447 3414 4502 tibi
3462 4446 3485 4514 1
3522 4465 3534 4500 :
3570 4456 3626 4502 ct

2051 4554 2232 4610 erunt,
2275 4544 2368 4614 qui
2424 4543 2656 4596 illtnluut
2707 4541 2803 4596 tibi
2860 4540 2912 4594 in
2963 4538 3283 4600 ludibrium.
3314 4546 3368 4591 et
3409 4551 3621 4599 omnes,

2051 4637 2126 4707 (ι)
2175 4635 2266 4706 qui
2311 4631 2604 4704 deprredati
2652 4639 2782 4687 sunt
2837 4641 2910 4692 te,
2949 4629 3094 4684 dabo
3146 4627 3199 4683 in
3237 4627 3496 4698 prtedatn.
3535 4626 3617 4682 l7.

441 4878 514 4946 (ι)
553 4877 866 4950 Audivistis.
946 4877 1020 4947 (a)
1062 4877 1318 4932 Scholion
1351 4879 1472 4932 cod.
1507 4877 1713 4950 Syriaci
1745 4896 1759 4933 :
1791 4877 1975 4950 Allata?
2013 4876 2102 4931 hic
2134 4873 2309 4950 verba
2337 4871 2593 4950 quaedam
2640 4868 2939 4950 secundum
2979 4866 3254 4950 Aquilam,
3292 4864 3622 4950 utinqui‘dem

368 4934 459 5029 iis,
483 4934 604 5029 qute
636 4963 735 5029 L'xx
767 4934 1291 5029 interpretesnpostea
1321 4934 2102 5029 posuerintt,_congrtteutiora,
2131 4945 2206 5029 ibi
2237 4934 2410 5024 posita
2444 4949 2615 5029 sunt.u
2650 4941 2722 5011 (b)
2762 4941 2850 5022 τι,
2884 4944 2937 5022 in
2969 4934 3295 5029 mtlé‘uda‘cio.0

368 5018 470 5069 Ac-
485 5017 627 5070 biab.
657 5016 747 5069 Dr.

368 5095 516 5140 sunt.
595 5087 668 5156 (g)
708 5078 842 5140 Meo.
879 5078 888 5086 ’
919 5089 994 5154 (Ia)
1038 5086 1120 5150 S.,
1146 5078 1210 5140 ut
1233 5103 1382 5142 esses
1408 5078 1713 5157 speculator
1737 5086 1934 5140 domus
1967 5078 2178 5140 Domini
2215 5083 2359 5152 apud
2397 5097 2612 5138 omnem
2661 5078 2834 5135 virum
2863 5078 3253 5201 gmdieentcm
3301 5084 3354 5127 et

369 5165 595 5201 tantem-
623 5166 674 5201 nl
708 5157 1001 5201 enniieeres
1030 5173 1152 5201 eum
1179 5161 1232 5201 in
1263 5157 1481 5201 dmmtm
1516 5165 1934 5201 tormentorum-
1957 5165 2011 5201 el
2041 5155 2142 5201 sub
2167 5169 2308 5201 sera.
2387 5154 2452 5201 lii
2491 5151 2579 5201 Α..
2612 5151 2825 5201 insano.
2910 5185 2945 5201 ..
2974 5146 3206 5201 perdito.
3285 5143 3354 5201 (Ῐεῖ

369 5165 596 5214 tantem.
623 5155 676 5211 ut
708 5157 1001 5223 conjiceres
1030 5173 1152 5209 eum
1179 5161 1232 5210 in
1263 5155 1482 5210 domum
1516 5165 1934 5219 tormentorum,
1957 5165 2011 5208 et
2041 5155 2142 5210 sub
2167 5169 2308 5223 sera.

825 5002 1157 5092 (c)'z_1.._S'.,
1206 5002 1428 5072 assa'vit.
1507 5018 1587 5092 (di
1624 5002 1714 5081 31η
1755 5002 1928 5092 εἷρῐειε.

2045 5002 2202 5092 r)'_A_.,
2233 5002 2532 5092 sociorum.
2577 5002 2668 5075 8.,
2693 5002 2951 5092 proximi.
3006 5007 3093 5092 ‘m
3133 5002 3622 5092 1‘4..S._,-'et_l‘o_t;uti

3433 5072 3628 5138 rephe-

2387 5154 2452 5220 (ἰ)
2491 5151 2579 5213 Α.,
2612 5151 2825 5203 insano.
2863 5141 2945 5208 8..
2974 5146 3206 5216 perdito.
3285 5143 3358 5207 (It)
3395 5141 3623 5220 Reliqitt',

2387 5262 2394 5283 .
2447 5219 2531 5281 8.,
2567 5220 2632 5272 ad
2665 5234 2784 5272 nos.
2862 5216 2956 5286 (ut)
2998 5216 3088 5286 Α..
3121 5227 3285 5286 super
3314 5210 3620 5286 mendacio.

371 5210 477 5278 non
513 5210 1126 5292 inerepas“.Jeremiatn
1173 5227 1579 5280 Auathothiten.
1634 5210 1934 5278 Convitiali
1973 5226 2124 5278 estis.
2201 5221 2262 5288 (ι)
2304 5210 2404 5284 Α.,’
2436 5210 2531 5281 ’8η
2567 5210 2784 5292 ad_no_s.
2862 5210 3088 5292 (ut)
3121 5227 3285 5292 super
3310 5210 3620 5292 [tnett‘daci‘m

368 5276 591 5362 ma;
607 5276 798 5347 1.3.5:...
830 5276 1126 5363 (nisa—("'13)—
1165 5276 1529 5364 x.‘;“s;;'.’,...¢
1567 5276 1779 5349 locutus
1810 5276 1941 5348 sum

2045 5276 2101 5362 ρ)
2140 5276 2528 5364 Aversionem.
2593 5288 2668 5357 (τι)
2709 5289 2800 5364 ᾼ.,
2845 5276 2897 5339 et
2927 5276 3225 5364 collpcabo.
3303 5282 3375 5350 (r)
3417 5276 3622 5364 A.,"S.,

366 5375 422 5415 et
463 5365 835 5432 possidebunt.
927 5368 993 5432 (δ)
1038 5368 1124 5420 Α..
1155 5366 1392 5430 stuporis
1435 5364 1743 5418 audivimus
1785 5383 1798 5418 :

1852 5379 2033 5432 pavor.

2113 5363 2174 5433 (ι)
2215 5360 2301 5433 δ..
2344 5376 2450 5414 nou
2493 5361 2544 5433 in
2586 5347 2898 5433 servitu-tem
2940 5347 3363 5433 redigenﬁeuul'
3392 5347 3623 5429 amplius

369 5420 553 5496 alieni,
583 5438 676 5487 sed
708 5435 884 5487 colent
918 5420 1200 5487 servitium
1237 5420 1460 5487 Domino
1493 5433 1600 5486 Deo
1633 5450 1752 5495 suo,
1805 5420 1864 5486 (δι’
1899 5432 2079 5486 Davidi
2118 5420 2226 5500 regi
2269 5420 2388 5483 suo.
2420 5499 2423 5500 ν
2466 5431 2544 5494 (u)
2588 5426 2971 5500 z_L,_quoniam
3010 5420 3284 5500 luecodicit
3321 5420 3622 5500 Dominus:

371 5495 580 5572 resecta
609 5520 732 5572 spes
779 5504 1165 5558 cnufraetiouis
1193 5514 1295 5556 tuze
1330 5527 1339 5557 :
1372 5505 1503 5556 dura
1542 5505 1694 5572 plaga
1729 5514 1818 5557 tua
1851 5523 1862 5556 :
1902 5519 2008 5556 non
2035 5514 2138 5563 est,
2179 5495 2270 5569 qui
2312 5499 2517 5572 judicet
2545 5498 2609 5549 ad
2639 5495 3323 5572 alligatiotnetmsanitatum
3382 5499 3620 5572 tuartmlt'o

371 5574 450 5639 (ε)
491 5571 574 5635 8.,
623 5561 844 5629 sanitas.
925 5574 1000 5643 (ξι)
1041 5573 1128 5632 Α..
1161 5573 1242 5635 8.,
1289 5561 1747 5644 oppt'essu'resvtui
1793 5590 1984 5629 tuuncs
2036 5561 2213 5628 illi'iti
2247 5561 2611 5639 captivitatem
2659 5565 2832 5620 ibunt.
2868 5562 2950 5630 8.,
2987 5561 3341 5617 deducentur.

369 5658 463 5713 qut
495 5644 756 5714 diripiunt
786 5655 836 5700 te
867 5645 918 5698 in
950 5644 1324 5714 direptionem.

3445 5557 3521 5630 (ι)
3561 5557 3622 5612 s-
