4042 6194
506 217 640 276 23351

1667 218 1899 276 CODEX
1936 219 2016 276 δν
2028 219 2603 278 ιιαιιεχιιρωιιιε.

3569 228 3694 290 235%

508 338 647 404 Quia
678 336 944 391 adducam
978 333 1054 405 (ο)
1081 333 1420 388 sanationem
1453 341 1600 388 tuam
1639 351 1655 388 :
1687 349 1716 388 a
1746 335 1898 415 plaga
1926 337 2080 390 dolo-
2106 341 2154 396 Α
2178 338 2425 397 claudus.
2445 334 2689 405 gravida,
2719 342 2777 390 et
2801 332 3017 404 pariens
3047 332 3236 393 simul:
3262 345 3430 395 cretus
3446 348 3696 416 magnus1,

507 444 635 483 rosa
661 427 869 482 sanabo
907 437 981 492 te,
1010 427 1144 481 dicit
1183 426 1479 489 Dominus;
1531 425 1606 494 (li)
1663 427 1791 494 quia
1831 427 2076 496 dispersa

505 528 698 572 vocata
723 533 805 572 es.
854 523 919 585 β(
963 517 1094 571 Sion
1130 519 1245 572 batc
1277 518 1300 585 1
1342 531 1400 570 -ε-
1436 517 1652 570 venatio
1684 527 1864 570 vestra
1903 527 1988 572 est
2015 517 2074 584 1;

506 612 635 678 quia
670 611 765 679 qui
799 620 1009 679 quaerat
1038 624 1178 675 eam,
1216 623 1324 662 non
1349 616 1452 663 est.
1487 608 1573 662 18.
1607 608 1678 678 (ε)
1701 608 1792 663 Sic
1814 607 2078 662 dixitDo-

507 701 692 755 minus
727 717 745 754 :
777 699 915 754 Ecce
937 716 1037 768 ego
1061 700 1313 754 reducam
1337 699 1784 769 demigrationem
1808 702 1874 766 »ζ
1901 707 2078 752 tento-

507 793 714 844 riorum
743 791 765 858 1
803 789 1014 854 Jacobi,
1039 799 1094 843 et
1136 789 1213 859 ιιι)
1242 789 1574 858 captivitatis
1603 788 1724 858 ejus
1753 788 2072 843 miserebor.

509 879 574 934 Et
612 880 970 934 :edilicabitnr
1019 879 1151 933 urbs
1202 895 1368 948 super
1413 879 1754 934 altitudinem
1798 878 1919 946 ejus
1963 895 1976 931 :
2022 887 2078 932 et

504 969 766 1036 teinplnm
799 969 954 1037 juxta
982 968 1247 1037 judicium
1273 983 1432 1022 suum
1461 969 1686 1023 sedebit.
1721 969 1808 1022 19.
1841 967 1905 1022 Et
1922 983 2076 1038 egre-

503 1059 723 1113 dientur
761 1060 830 1127 (ρ)
863 1074 930 1112 ex
970 1059 1051 1113 eis
1091 1058 1452 1122 celebrantes,
1485 1069 1538 1113 et
1581 1074 1686 1113 vox
1723 1059 2020 1112 ludentium
2054 1075 2071 1114 :

504 1160 558 1204 ct
586 1150 962 1218 multiplicabo
985 1166 1100 1212 eos,
1127 1159 1312 1203 etnon
1343 1151 1679 1212 minuentur,
1715 1152 1783 1218 χ
1812 1157 1867 1203 et
1901 1149 2075 1203 cﬁun-

503 1237 629 1290 dam
667 1251 784 1299 eos,
824 1247 880 1291 et
912 1251 1020 1291 non
1073 1237 1230 1306 pauci
1269 1237 1562 1292 reddentur
1601 1237 1648 1304 1.
1675 1236 1766 1290 20.
1799 1236 1864 1290 Et
1895 1237 2075 1306 ingre-

504 1328 724 1380 dientur
764 1327 855 1382 ﬁlii
902 1341 1116 1392 eorum,
1167 1336 1226 1381 ut
1275 1336 1433 1382 antea
1481 1345 1494 1381 :
1543 1327 1613 1397 (f)
1656 1336 1712 1381 et
1763 1327 2074 1380 testimonia

503 1432 695 1470 eorum
725 1428 852 1472 ante
881 1418 1074 1472 faciem
1107 1433 1283 1472 meam
1326 1417 1632 1488 dirigentur
1677 1435 1691 1472 :
1735 1426 1790 1472 et
1840 1417 2076 1472 visitabo

507 1508 573 1573 )t(
605 1521 768 1574 super
806 1522 998 1562 omnes
1045 1507 1102 1575 1,
1152 1507 1245 1577 qui
1295 1507 1540 1576 all'ligunt
1579 1521 1675 1561 eos
1708 1524 1722 1560 :
1767 1506 1857 1560 2|.
1912 1507 1986 1576 (g)
2021 1519 2077 1562 et

501 1607 665 1653 erunt
692 1598 1024 1665 potentiores
1053 1613 1120 1650 eo
1143 1611 1307 1666 super
1329 1612 1425 1652 eos
1455 1614 1468 1650 :
1495 1605 1552 1651 et
1579 1597 1831 1666 princeps
1859 1597 1979 1667 ejus
2008 1613 2072 1651 ex

2183 435 2237 480 et
2265 434 2603 480 revertentur
2635 423 2762 479 huc.
2805 424 2857 479 9.
2904 422 2960 477 lu
2995 423 3121 478 ﬁetu
3150 426 3409 492 exierunt,
3432 437 3483 484 et
3515 430 3563 484 in
3587 449 3699 488 con-

2183 514 2449 570 solatione
2481 512 2744 568 adducam
2763 529 2858 568 eos
2874 513 2950 583 (υ)
2981 514 3305 573 conﬁrmans
3326 520 3386 587 (‘)
3407 535 3557 589 super
3574 523 3701 580 rivos

2184 617 2450 672 aquarum
2483 603 2536 655 in
2561 601 2650 655 via
2681 610 2848 666 recta,
2877 611 2933 657 et
2980 617 3089 656 non
3117 606 3372 660 errabunt
3398 607 3449 662 in
3480 623 3559 665 ea.
3583 609 3703 676 Quia

2182 691 2359 746 factus
2387 707 2508 746 sum
2543 691 2723 745 Israeli
2756 692 2807 745 in
2842 701 3049 760 patrem
3081 701 3173 748 :et
3207 693 3444 764 Epltraam
3466 700 3704 771 primoge-

2185 782 2331 837 nitus
2352 797 2506 837 meus
2538 792 2642 836 est.
2679 781 2761 836 10.
2787 780 2985 836 Audite
3005 783 3229 838 verbum
3270 783 3497 852 Domini,
3520 802 3712 860 gentem

2180 881 2236 926 et
2277 871 2594 926 annuntiate
2642 871 2697 924 in
2743 872 2953 928 insulas
2987 873 3343 943 longinquas,
3390 876 3582 932 dicite:
3617 881 3711 945 Qui

2181 963 2462 1018 ventilavit
2501 960 2777 1025 lsraelem,
2822 960 3174 1032 congregablt
3209 979 3356 1027 eum,
3393 974 3446 1020 et
3468 969 3710 1024 custodiet

2180 1067 2328 1114 eum,
2358 1053 2528 1120 utqui
2555 1051 2728 1121 pascit
2751 1067 2965 1121 gregem
3003 1066 3186 1106 suum.
3221 1052 3306 1105 11.
3352 1052 3482 1118 Quia
3513 1054 3713 1113 redemit

2183 1141 2446 1202 Dominus
2477 1138 2762 1202 Iacobum,
2794 1141 2868 1208 (ι)
2900 1139 3150 1195 liberavit
3171 1154 3293 1194 eum
3317 1156 3347 1194 e
3370 1156 3526 1196 manu
3545 1142 3711 1199 durio-

2182 1233 2259 1288 ris
2287 1248 2352 1288 eo
2381 1250 2394 1286 :
2423 1231 2508 1286 12.
2534 1240 2590 1286 et
2620 1231 2855 1295 venient,
2879 1240 2933 1285 et
2961 1230 3310 1294 lmtabuntur,
3337 1233 3400 1298 Χ
3427 1239 3479 1286 et
3501 1234 3711 1289 exsulta-

2181 1325 2316 1379 bunt
2344 1325 2365 1392 1
2398 1325 2472 1393 (ιι)
2506 1324 2560 1378 in
2591 1331 2773 1378 monte
2800 1322 2981 1377 Sionis
3024 1339 3039 1375 :
3075 1332 3130 1378 et
3163 1324 3378 1378 venient
3418 1340 3569 1394 super
3593 1326 3716 1384 bona

2182 1416 2418 1480 Domini,
2479 1431 2644 1484 super
2690 1424 2888 1469 terram
2925 1412 3216 1478 frumenti,
3267 1425 3323 1468 et
3371 1414 3518 1479 vini,
3567 1416 3634 1484 (ὁ)
3671 1425 3718 1472 et

2182 1508 2440 1570 fructum,
2491 1515 2546 1562 et
2601 1506 2997 1576 jumentorum,
3061 1514 3116 1560 et
3157 1505 3366 1570 ovium,
3419 1515 3472 1560 et
3519 1507 3717 1562 boum:

2179 1610 2234 1655 et
2281 1600 2387 1656 erit
2441 1599 2623 1654 anima
2685 1613 2899 1663 eorum,
2941 1598 3013 1667 (ε)
3069 1607 3130 1653 ιιι
3186 1597 3412 1667 lignum,
3454 1596 3590 1666 quod
3639 1597 3721 1653 dat

503 1702 572 1740 co
605 1686 934 1754 egredietur.
967 1687 1044 1755 (Ιι)
1097 1685 1164 1740 Et
1209 1687 1553 1756 congregabo
1585 1701 1702 1751 eos,
1748 1694 1804 1740 et
1845 1701 1906 1742 se
1943 1701 2074 1741 con-
2109 1701 2148 1757 Β
2179 1692 2390 1746 fructus
2419 1709 2433 1744 :
2481 1699 2536 1745 et
2569 1703 2678 1744 non
2729 1689 2974 1744 esurient
3009 1688 3268 1756 amplius.
3307 1687 3394 1742 13.
3429 1687 3575 1741 Tunc
3601 1702 3722 1757 gan~

503 1785 716 1830 vertent
745 1777 811 1830 ad
843 1792 929 1831 me
964 1795 978 1831 :
1013 1780 1274 1846 quoniam
1304 1777 1429 1846 quis
1459 1777 1547 1832 hic
1585 1785 1690 1840 est,
1733 1777 1827 1846 qui
1864 1777 2077 1832 dederit

503 1876 600 1918 cor
628 1879 788 1918 suum
829 1863 891 1933 (i)
933 1863 1179 1918 convi-rti
1215 1863 1282 1916 ad
1320 1878 1428 1925 me,
1482 1865 1550 1930 Ἃ(
1603 1862 1735 1917 dicit
1777 1860 2078 1916 Dominus?

501 1954 593 2007 22.
630 1953 695 2008 Et
719 1954 876 2008 eritis
908 1952 1043 2007 milii
1085 1953 1139 2007 in
1170 1953 1456 2022 populum,
1492 1962 1547 2008 ct
1573 1969 1674 2022 ego
1708 1968 1803 2008 ero
1835 1953 1992 2008 vobis
2019 1953 2074 2007 in

503 2044 673 2098 Deum
702 2044 750 2111 1.
775 2045 869 2098 25.
903 2043 978 2114 (k)
1008 2043 1148 2109 Quia
1179 2045 1258 2098 ira
1292 2042 1507 2098 Domini
1540 2042 1835 2098 furibunda
1855 2058 2076 2111 egressa

500 2145 587 2189 est
625 2153 638 2188 :
678 2150 900 2205 egressa
947 2145 1031 2190 est
1069 2136 1174 2198 ira,
1226 2149 1350 2204 qua:
1404 2145 1620 2188 versata
1665 2149 1831 2202 super
1881 2134 2079 2202 impios

505 2227 704 2283 veniet.
735 2226 826 2280 21.
861 2227 980 2280 Non
1019 2235 1321 2281 revertetur
1355 2225 1434 2281 ira
1473 2225 1676 2280 furoris
1715 2225 1952 2290 Domini,
1981 2225 2080 2278 do-

508 2333 611 2371 nec
673 2317 860 2382 faciat,
919 2330 974 2372 et
1024 2319 1202 2372 donec
1261 2318 1560 2372 constituat
1628 2315 2078 2385 praeparationem

501 2407 688 2462 cordis
709 2409 815 2462 sui.
848 2410 906 2461 lu
945 2409 1050 2462 ﬁne
1078 2408 1290 2461 dierum
1321 2406 1664 2476 cognoscetis
1690 2421 1776 2460 ea.

574 2498 727 2551 CAP.
764 2497 1089 2552 XXXl.—1.
1121 2497 1176 2551 In
1211 2507 1455 2564 tempore
1491 2496 1584 2549 illo
1615 2495 1754 2549 dixit
1788 2494 2078 2556 Dominus,

501 2593 611 2645 Ero
637 2591 690 2643 in
722 2589 890 2644 Deum
926 2589 988 2659 (ι)
1033 2589 1220 2657 generi
1276 2588 1511 2650 lsraelis,
1544 2595 1595 2640 et
1645 2586 1720 2640 illi
1764 2595 1924 2639 erunt
1945 2585 2078 2638 mibi

506 2681 558 2734 in
583 2679 864 2749 populum.
895 2678 953 2731 2.
990 2675 1082 2730 Sic
1117 2676 1255 2730 dixit
1299 2676 1563 2729 Dominus
1599 2694 1611 2729 :
1647 2676 1831 2728 Inveni
1863 2674 1955 2746 (ιη)
1990 2690 2082 2730 ca-

504 2770 673 2824 lidum
705 2770 761 2822 in
783 2769 1002 2824 deserto
1042 2767 1118 2836 (η)
1160 2781 1283 2821 cum
1320 2767 1408 2829 iis,
1452 2766 1544 2834 qui
1581 2767 1855 2836 perierunt
1881 2765 2078 2836 gladio.

504 2859 600 2922 Ite,
641 2869 696 2914 et
722 2874 790 2913 ne
813 2857 1049 2927 perdatis
1090 2845 1340 2911 lsraelem
1375 2875 1390 2911 :
1434 2858 1488 2912 '5.
1527 2873 1594 2910 ex
1629 2857 1930 2926 longinquo
1979 2857 2085 2911 Do-

503 2952 689 3006 minus
741 2951 893 3005 visus
935 2959 1020 3005 est
1060 2951 1133 3004 ei.
1173 2950 1491 3012 Dilectione,
1526 2964 1648 3018 qua:
1701 2949 1754 3001 in
1799 2949 2080 3010 saeculum,

2176 1781 2383 1836 debunt
2414 1779 2653 1850 virgines
2680 1779 2758 1849 (ιι)
2782 1779 2835 1832 in
2861 1785 3008 1833 coetu
3036 1777 3487 1842 adolescentium,
3509 1787 3560 1830 et
3584 1793 3726 1833 senes

2179 1884 2240 1925 -t—
2273 1869 2580 1940 gaudebunt
2621 1870 2642 1938 1
2681 1885 2695 1922 :
2735 1877 2792 1922 et
2827 1877 3034 1922 vertam
3065 1867 3276 1921 luctum
3306 1881 3493 1920 eorum
3527 1866 3577 1919 in
3605 1882 3722 1934 gau-

2175 1961 2348 2024 dium,
2391 1959 2461 2031 (ε)
2503 1968 2556 2016 et
2586 1959 2784 2013 faciam
2819 1973 2917 2014 eos
2957 1957 3201 2012 lauantes
3248 1957 3316 2023 >4<
3355 1970 3387 2009 e
3426 1956 3730 2011 maeroribus

2175 2067 2368 2107 eorum
2400 2052 2448 2119 1.
2481 2051 2565 2106 14.
2591 2065 2651 2107 -ι-
2674 2049 3030 2122 Maguiﬁeabo
3050 2049 3097 2115 1,
3121 2058 3176 2102 et
3207 2047 3488 2101 inebriabo
3513 2047 3724 2102 animam

2177 2143 2524 2198 sacerdotum
2563 2156 2624 2196 -t—
2657 2140 2893 2195 ﬁliorum
2923 2138 3052 2195 Levi
3092 2138 3140 2206 1,
3171 2140 3240 2206 χ
3274 2137 3726 2207 piuguedine1:ot

2179 2232 2412 2301 populus
2460 2247 2616 2285 meus
2672 2230 2830 2284 bonis
2880 2230 3019 2284 meis
3063 2229 3489 2294 saturabuntur,
3524 2230 3586 2294 )t(
3615 2229 3727 2282 dicit

2183 2322 2443 2377 Dominus
2466 2321 2514 2389 1.
2556 2322 2645 2377 15.
2682 2319 2775 2375 Sic
2808 2321 2948 2374 dixit
2995 2320 3260 2375 Dominus
3290 2339 3305 2376 :
3341 2318 3452 2374 Vox
3491 2319 3544 2374 in
3581 2318 3726 2373 llama

2179 2415 2363 2470 audita
2384 2422 2486 2479 est,
2515 2413 2582 2483 (Γ)
2618 2413 2960 2476 lamentatio,
2995 2421 3048 2466 et
3089 2410 3254 2466 fletus
3291 2429 3305 2466 :
3346 2410 3727 2479 Rachcldeplo-

2181 2520 2312 2560 rans
2355 2518 2522 2573 super
2566 2503 2694 2558 filiis
2730 2503 2846 2559 suis
2881 2519 2898 2558 ;
2951 2516 3057 2558 non
3093 2502 3272 2558 voluit
3305 2501 3380 2571 lg)
3420 2503 3730 2571 requiescere

2183 2599 2250 2663 χ
2283 2611 2447 2662 super
2481 2594 2609 2650 ﬁliis
2645 2593 2763 2650 suis
2798 2594 2846 2662 1,
2879 2593 3011 2662 quia
3048 2609 3154 2648 non
3200 2603 3352 2648 sunt.
3391 2593 3474 2647 16.
3506 2592 3590 2647 Sic
3611 2592 3726 2646 dixit

2182 2686 2448 2740 Dominus
2492 2703 2506 2739 :
2571 2684 2809 2740 Desistat
2836 2699 2939 2738 vox
2990 2691 3082 2738 tua
3111 2698 3143 2736 a
3179 2683 3336 2748 ﬁetu,
3371 2692 3424 2737 et
3451 2682 3584 2737 oculi
3611 2682 3678 2734 tui
3702 2697 3729 2735 a

2183 2778 2457 2845 lacrimis;
2501 2779 2632 2848 quia
2669 2785 2754 2832 est
2791 2791 3002 2831 merces
3043 2776 3193 2844 Operi
3232 2784 3354 2841 tuo,
3398 2777 3462 2842 >κ
3499 2775 3618 2829 dicit
3639 2775 3730 2827 Do-

2183 2870 2366 2924 minus
2410 2869 2458 2937 1,
2510 2877 2565 2923 et
2626 2875 2970 2923 revertentur
3020 2880 3088 2921 ex
3144 2875 3297 2919 terra
3366 2865 3732 2919 inimicorum:

2186 2961 2250 3016 17
2285 2963 2352 3030 ζα(
2378 2972 2431 3016 et
2461 2961 2569 3016 erit
2593 2975 2717 3029 spes
2740 2956 3073 3014 extremitati
3102 2966 3228 3021 tuae,
3256 2957 3396 3011 dicit
3419 2955 3666 3010 Dominus
3690 2954 3732 3020 1.

499 3042 665 3096 dilexi
698 3050 748 3096 te
789 3059 803 3095 :
846 3049 1066 3110 prepter
1101 3042 1203 3096 hoc
1243 3040 1381 3094 traxi
1431 3047 1482 3094 te
1529 3041 1596 3094 ad
1646 3039 2074 3094 misericordiam

2179 3026 2690 3122 (h)iperntanentia
2751 3049 2876 3104 ﬁliis
2933 3049 3042 3104 tuis
3099 3049 3154 3102 in
3209 3047 3478 3102 terminos
3539 3058 3732 3100 eorum.

502 3122 930 3203 adipiscendam.
987 3135 1044 3188 4.
1107 3131 1411 3188 .‘Edilicabo
1467 3139 1536 3193 te,
1597 3139 1652 3185 et
1698 3129 2072 3192 aadil’icaberis,

501 3230 654 3296 virgo
678 3227 892 3283 lsraelis
926 3246 940 3281 :
975 3227 1049 3298 (ο)
1083 3229 1262 3281 adhuc
1289 3242 1539 3281 assumes
1559 3236 1872 3296 tympanum
1898 3234 2073 3288 tuum,

500 3327 557 3372 et
588 3317 885 3386 egredieris
926 3316 1004 3386 (p)
1034 3333 1158 3371 cum
1193 3318 1348 3371 turba
1398 3316 1719 3370 ludentium.
1761 3315 1815 3370 5.
1866 3315 2080 3371 Rursus

503 3406 774 3474 plantabis
807 3406 994 3460 vineas
1025 3406 1080 3460 in
1108 3416 1293 3460 monte
1322 3403 1585 3458 Samaria:
1618 3422 1632 3458 :
1663 3404 1900 3472 plantate
1927 3404 2082 3473 plan-

505 3498 760 3558 tationes,
787 3499 860 3567 (q)
897 3507 946 3550 et
980 3497 1194 3551 laudate
1227 3515 1241 3552 :
1293 3497 1346 3550 6.
1388 3495 1515 3565 quia
1548 3505 1630 3549 est
1658 3495 1776 3550 dies
1815 3495 1888 3566 (r)
1917 3509 2078 3550 voca-

503 3587 668 3641 tionis
697 3587 1037 3641 defendentis
1063 3602 1318 3642 sermone
1358 3586 1413 3640 iu
1456 3586 1736 3640 montibus
1784 3583 2032 3654 Epitrazm
2061 3602 2075 3640 :

501 3676 732 3744 surgite,
783 3675 852 3743 (ε)
897 3683 952 3728 et
985 3675 1262 3729 ascendite
1300 3675 1353 3727 in
1405 3673 1627 3728 Sionem
1668 3675 1736 3727 ad
1787 3672 2074 3728 Dominum

503 3763 674 3817 Deum
709 3772 974 3816 nostrum.
998 3763 1052 3813 ’1.
1077 3764 1141 3828 (t)
1167 3761 1260 3815 Sic
1275 3762 1414 3816 dixit
1443 3761 1704 3816 Dominus
1728 3765 1795 3828 Χ
1819 3760 2074 3828 Jacobo1:

501 3852 584 3925 (ιι)
617 3852 918 3917 Exsultate,
947 3851 1228 3917 lastamini,
1250 3859 1305 3905 et
1333 3851 1542 3906 ltinnite
1563 3865 1728 3920 super
1755 3859 1922 3921 caput
1944 3865 2080 3917 gen-

502 3943 640 3998 tium
676 3961 690 3997 :
725 3943 910 3996 audita
956 3941 1138 4008 facite,
1194 3954 1248 3996 et
1294 3941 1531 4003 laudate,
1581 3941 1744 3996 dicite
1781 3959 1796 3995 :
1843 3939 2081 3994 Salvavit

503 4034 769 4089 Dominus
806 4034 1060 4104 populum
1102 4050 1282 4097 suum,
1309 4033 1570 4102 reliquias
1599 4029 1836 4087 lsraelis.
1861 4031 1914 4086 8.
1942 4029 2082 4087 Ecce

499 4141 602 4195 ego
639 4126 853 4180 adduco
877 4142 973 4180 eos
1003 4141 1069 4180 ex
1109 4125 1384 4195 aquilone,
1419 4133 1473 4180 et
1500 4123 1846 4194 congregabo
1870 4138 1967 4178 eos
2000 4123 2081 4194 (π)

502 4219 572 4271 ab
593 4225 838 4271 extremo
857 4226 1013 4271 terra:
1049 4218 1101 4271 iu
1136 4217 1481 4272 solemnitate
1512 4216 1810 4285 paseliatis;
1843 4218 1911 4282 Ἀ(
1939 4224 1994 4269 et
2013 4217 2082 4270 ad

503 4310 812 4365 faciendum
843 4310 983 4366 ﬁlios
1014 4311 1230 4365 turbam
1273 4311 1498 4364 multam
1533 4328 1548 4364 :
1593 4311 1648 4364 in
1678 4310 1760 4364 eis
1785 4324 1987 4375 caecus,
2018 4317 2073 4363 et

2181 3139 2271 3194 18.
2317 3139 2604 3194 Andiendo
2653 3139 2839 3192 audivi
2891 3136 3145 3207 prraam
3185 3135 3247 3205 (i)
3297 3144 3732 3204 conquerentem:

2178 3230 2458 3301 castigasti
2483 3246 2589 3291 me.
2613 3239 2667 3284 et
2693 3231 2989 3300 castigatus
3015 3243 3136 3284 sum
3171 3237 3269 3282 :nt
3301 3228 3502 3282 vitulus
3530 3225 3597 3296 (lt)
3640 3239 3734 3279 non

2178 3319 2363 3374 didici.
2418 3317 2690 3372 Converte
2746 3332 2853 3378 me.
2907 3326 2962 3372 et
3015 3325 3334 3378 convertar,
3370 3314 3498 3383 quia
3545 3323 3598 3366 tu
3635 3311 3730 3364 Do-

2180 3411 2362 3465 minus
2393 3409 2536 3464 Deus
2565 3424 2716 3464 meus
2749 3426 2762 3462 :
2796 3409 2883 3462 19.
2920 3408 3181 3477 quoniam
3211 3406 3273 3476 (Ι)
3324 3407 3391 3461 ad
3426 3407 3581 3460 ﬁnem
3611 3417 3728 3471 cap.

2179 3501 2402 3556 tivitatis
2439 3516 2571 3555 mea:
2598 3499 2848 3568 paenituit
2882 3514 2990 3562 me,
3035 3499 3129 3568 (in)
3165 3505 3220 3551 et
3258 3497 3332 3551 ad
3367 3498 3526 3551 ﬁnem
3549 3509 3614 3549 ex
3637 3506 3734 3561 quo

2178 3592 2432 3662 cognovi,
2475 3591 2553 3662 (ιι)
2597 3589 2837 3661 ingemui
2882 3605 2991 3658 prae
3025 3588 3114 3642 die
3157 3586 3407 3656 pudoris,
3441 3594 3496 3640 et
3542 3580 3736 3638 ostendi

2181 3683 2302 3745 tibi,
2330 3682 2474 3751 quod
2509 3681 2694 3749 accepi
2720 3679 3072 3750 opprobrium
3104 3679 3174 3732 ab
3211 3676 3580 3732 adolescentia
3612 3686 3735 3728 mea.

2179 3770 2270 3823 20.
2309 3768 2380 3824 Es
2436 3769 2580 3824 ﬁlius
2622 3768 2694 3837 (ο)
2737 3768 2969 3822 dilectus
3013 3767 3150 3820 mihi
3202 3764 3481 3834 prmm:
3525 3765 3591 3829 x
3631 3756 3736 3824 cs1

2179 3857 2442 3926 parvulus
2469 3856 2766 3922 delicatus;
2800 3856 2931 3926 quia
2959 3855 3036 3925 (p)
3059 3870 3158 3924 pro
3186 3869 3252 3908 eo
3280 3853 3428 3924 quod
3457 3852 3612 3906 verba
3635 3861 3740 3902 mea

2181 3950 2237 4004 in
2263 3965 2329 4003 eo
2355 3948 2453 4018 (ιι),
2499 3947 2838 4004 recordando
2872 3947 3202 4001 recordabor
3231 3945 3358 4014 ejus
3389 3946 3458 4012 Χ
3490 3943 3674 3996 iterum
3694 3936 3737 4004 1:

2182 4041 2254 4109 (r)
2297 4048 2517 4109 propter
2556 4040 2660 4094 ltoc
2696 4039 2766 4108 (ε)
2807 4037 3057 4094 festinavi
3089 4052 3256 4106 super
3302 4051 3392 4101 eo,
3444 4030 3740 4089 miserando

2181 4129 2482 4184 miserebor
2513 4127 2652 4197 ejus,
2691 4127 2820 4184 dicit
2853 4126 3141 4182 Dominus.
3175 4126 3268 4182 21.
3313 4125 3599 4180 Constitue
3623 4120 3742 4188 teip-

2182 4234 2321 4280 sam,
2349 4221 2416 4286 χ(
2443 4219 2508 4290 (ι)
2543 4219 2918 4288 speculatores
2959 4217 3044 4272 fac
3073 4217 3168 4270 tibi
3209 4214 3312 4286 ipsi
3351 4216 3375 4284 1
3409 4218 3488 4285 (ιι)
3531 4212 3746 4284 punitio-

2181 4322 2331 4372 nem,
2356 4308 2425 4363 da
2458 4323 2552 4363 cor
2579 4318 2731 4364 tuum
2765 4307 2846 4378 (ω)
2882 4307 2937 4360 in
2977 4307 3234 4362 humeros
3267 4324 3281 4359 :
3315 4308 3396 4375 (y)
3423 4305 3530 4368 via,
3563 4303 3615 4355 iu
3649 4313 3745 4368 qua

573 4450 650 4521 (α)
673 4451 766 4514 Α.,
789 4449 1176 4512 S.,sanitatrm
1201 4451 1317 4505 tibi.
1376 4450 1450 4518 (ὁ)
1474 4450 1556 4514 8.,
1574 4450 1932 4521 quiaremota
1955 4458 2142 4503 vocata
2173 4464 2253 4505 es.
2312 4448 2550 4521 (c)4_ll:ec.
2610 4450 2688 4520 (cf)
2713 4449 2793 4512 8.,
2813 4448 3130 4521 diversoriis
3150 4446 3272 4521 ejus
3293 4457 3523 4521 gratiam
3547 4443 3744 4521 faciant.

503 4523 573 4603 (ις)
598 4524 683 4586 Α.,
711 4521 796 4584 8.,
819 4537 885 4574 ex
911 4521 990 4603 eis
1017 4522 1316 4603 gratiarum
1348 4521 1513 4603 actio.

503 4519 683 4591 (0)11),
711 4521 796 4584 8.,
819 4537 885 4574 ex
911 4521 990 4574 eis
1017 4522 1316 4589 gratiarum
1348 4521 1513 4573 actio.
1593 4519 1660 4588 (fl
1690 4519 1780 4582 Α.,
1818 4520 1902 4583 8.,
1930 4528 1984 4573 et
2007 4535 2077 4575 ca

501 4593 622 4659 ejus
657 4605 723 4659 ex
744 4605 831 4644 eo.
907 4590 984 4659 (ἡ)
1015 4591 1104 4653 Α.,
1138 4589 1220 4649 8..
1247 4599 1300 4644 et
1327 4590 1584 4645 accedere
1617 4589 1809 4644 faciam
1837 4605 1982 4650 eum,
2007 4597 2062 4643 et

2179 4554 2202 4576 ν.
2281 4520 2354 4590 (g)
2381 4519 2464 4582 8.,
2489 4529 2543 4573 et
2567 4519 2675 4574 erit
2701 4519 2856 4572 fortis
2879 4521 3000 4587 ejus
3027 4533 3094 4573 ex
3122 4533 3209 4572 eo.
3240 4519 3329 4580 Α.,

2179 4590 2313 4659 ξθόει
2342 4590 2409 4643 ad
2439 4605 2546 4643 me.
2620 4591 2684 4658 (i)
2725 4590 2814 4650 A.,
2845 4587 3193 4659 accederead
3225 4601 3329 4639 me.

505 4657 660 4713 turbo
683 4657 925 4722 Domini,
947 4657 1048 4721 ira,
1072 4674 1194 4728 qum
1230 4659 1559 4728 egredietur,
1589 4659 1821 4728 procella
1847 4669 2114 4713 evertens.
2148 4657 2229 4726 8.,
2251 4675 2375 4713 ecce
2399 4657 2690 4726 tempestas
2716 4659 2950 4712 Domini.

3240 4513 3329 4580 Αῖ,
3363 4525 3419 4569 et
3448 4514 3552 4567 erit
3573 4513 3747 4566 fortior

2281 4520 2354 4590 (g)
2381 4519 2464 4582 8.,
2489 4529 2543 4573 et
2567 4519 2675 4574 erit
2701 4519 2856 4572 fortis
2879 4521 3005 4590 ejus
3027 4533 3094 4573 ex
3122 4533 3209 4590 eo.

3414 4584 3488 4656 (k)
3528 4584 3614 4645 Α.,
3637 4595 3748 4656 ecce

3009 4657 3070 4736 (ι)
3091 4657 3182 4720 Α.,
3211 4651 3470 4736 omnibus
3492 4651 3747 4736 cng'nati‘o-

503 4730 686 4782 nibus.
739 4731 832 4798 (m)
876 4717 1107 4798 Reliqui;
1141 4717 1390 4798 gratiam.
1469 4717 1670 4799 (n)'.'1.,
1714 4730 1942 4798 populus
1992 4717 2430 4799 deletus'gladio,
2481 4717 2573 4797 q'ui
2605 4729 2747 4799 abit,
2788 4738 2845 4781 ut
2878 4717 3118 4799 requiem
3164 4717 3378 4799 prmstet
3419 4717 3624 4799 Israeli.
3672 4717 3746 4782 8.,

543 4798 768 4867 opulntn
801 4797 1074 4869 Servatum
1117 4797 1370 4869 a’gladio,
1411 4797 1678 4869 quiiabit,
1706 4797 2027 4867 utrequiem
2068 4797 2521 4869 prmstetlsracli.

543 4814 768 4867 oputnm
801 4814 1074 4853 servatum
1117 4814 1370 4869 agtauto,
1411 4816 1503 4868 qut
1544 4814 1678 4860 abit,
1706 4814 1764 4853 ut
1785 4814 2027 4867 requiem
2068 4814 2286 4868 pra-Stet
2316 4814 2521 4852 tsracn.
2600 4814 2674 4867 (υ)
2715 4814 2802 4862 Α.,
2836 4814 2893 4848 οι¹

503 4814 579 4948 ει)
761 4877 814 4921 et
842 4867 1168 4948 profanata
1205 4938 1214 4948 _
1259 4871 1326 4938 (r)
1367 4871 1480 4948 ΑΔ,
1508 4868 1594 4948 8.,,
1644 4869 1948 4948 clamat-unt
1982 4868 2338 4948 custodesjn
2395 4877 2578 4921 monte
2620 4867 2893 4948 Epitraem.

2115 4939 2204 5004 Α.,
2237 4939 2432 4992 ducam
2471 4953 2567 4993 eus
2605 4931 2681 4992 ad—
2718 4936 2893 4990 fontes
2926 4931 3211 5002 aquarum.
3289 4937 3351 5001 (')
3403 4931 3535 5004 Pro
3561 4937 3746 5004 τω,

528 4873 579 4935 (ι)
616 4870 710 4938 7A.,
761 4877 814 4921 et
865 4867 1191 4935 profanatef
1259 4871 1326 4938 (r)
1367 4867 1461 4933 A.,
1508 4868 1594 4932 8.,

505 4937 568 5008 (ι)
613 4937 756 4992 llaec.
833 4939 912 5007 (tt)
953 4937 1044 5004 .4.,
1093 4937 1328 4992 laudate.
1407 4939 1486 5007 (ω)
1526 4938 1618 5003 Α.,
1658 4953 1689 4991 a
1729 4937 1919 5008 foveis.
1998 4940 2074 5008 (ῃ)

2600 4797 2674 4867 (υ)
2715 4797 2802 4862 Α.,
2836 4793 3176 4867 οι·ιιειι)εξι“ἱε.’
3217 4795 3292 4867 (ρ)
3331 4795 3423 4857 Α.,
3463 4793 3517 4845 in
3560 4800 3747 4867 turma.

2984 4865 3053 4932 (ε)
3103 4867 3192 4928 Α.,
3226 4861 3336 4926 ’8.,
3381 4861 3746 4932 ascendamns.

505 4996 850 5077 conﬁrmans:
876 4996 1236 5077 scribendum
1263 4996 1444 5076 putem
1469 4996 1689 5074 ’δι-πέτε,
1720 5005 1977 5077 hospitari
2004 4996 2227 5076 ‘fa'ct'ens.
2278 5008 2538 5074 Aorberg.
2619 5005 2690 5077 (ς.)
2730 5009 2815 5071 Α.,
2841 5014 2902 5077 et
2933 4996 3211 5077 roboravit
3241 4996 3388 5056 eum.
3421 5071 3432 5077 _
3467 5000 3545 5077 (α)
3589 4998 3668 5077 8.,
3701 4996 3747 5047 in

505 5076 794 5136 altitudine
816 5076 1019 5132 Sionis.
1097 5076 1173 5145 (ὁ)
1212 5076 1297 5143 8.,
1321 5094 1483 5146 super
1513 5079 1716 5131 oleum.

504 5157 560 5201 et
596 5163 754 5201 senes
785 5147 970 5201 simul.

511 5286 632 5351 Tir,
663 5288 756 5340 lilii
791 5289 887 5342 tui.

510 5427 798 5493 pretiosus.
873 5426 958 5495 ιιι)
996 5427 1078 5494 8.,
1115 5443 1201 5482 εἰ·
1279 5426 1330 5496 ((1

510 5498 724 5566 turbata
749 5505 877 5566 Slllll
898 5513 1020 5551 vasa
1039 5498 1294 5551 interiora
1315 5505 1332 5566 ι

1046 5147 1114 5216 (e)
1152 5147 1244 5212 11.,
1275 5158 1330 5200 et
1363 5150 1693 5202 consolabor
1718 5146 1845 5206 eos,
1863 5155 1917 5200 et
1950 5147 2232 5201 laztiﬁcabo
2261 5161 2377 5202 eos.
2453 5147 2520 5216 (ι’)
2561 5146 2651 5210 Α.,
2692 5147 2777 5210 8.,

603 5216 1150 5297 A.,_e0ns_olationem
1168 5217 1414 5297 accipere
1443 5233 1605 5285 super
1627 5217 1750 5297 ﬁliis
1776 5216 1912 5297 suis,
1930 5219 2057 5287 quia
2081 5233 2187 5297 non
2217 5226 2364 5270 sunt.

1791 5071 1859 5148 (ε)
1901 5071 2086 5148 Λ.,ἰιι
2131 5078 2321 5132 ltortus
2358 5071 2637 5148 irrig'uusf
2673 5071 2773 5148 ’(ιι)
2816 5076 2903 5140 Α.,
2949 5075 3006 5148 in
3049 5084 3244 5148 turnia,
3285 5081 3334 5126 et
3365 5071 3746 5148 adolescentem

2817 5147 3088 5199 canticum
3122 5143 3280 5197 fletus
3306 5139 3742 5196 amaritudinum.

2441 5210 2518 5285 (ἦ)
2560 5216 2648 5275 Α..
2671 5224 2725 5267 et
2754 5221 3092 5267 revertentur
3115 5213 3210 5266 lilii
3242 5213 3294 5285 i_n
3313 5210 3594 5285 terminos
3610 5220 3744 5257 suos.

965 5286 1023 5356 (i)
1064 5290 1154 5350 4.,
1185 5275 1593 5356 demigrantem.
1671 5284 1742 5356 (It)
1779 5275 1910 5351 ΤΙι.,’
1943 5275 2047 5340 non
2070 5286 2316 5340 edoctus.
2372 5275 2458 5356 7(l)'
2498 5275 2585 5351 '11.,
2615 5295 2898 5354 postquam
2924 5297 3225 5356 conversus
3254 5275 3745 5356 fu_i,pa:_nituit‘tnc.

509 5356 606 5425 (m)
636 5359 724 5418 Α..
757 5356 838 5418 8.,
865 5367 919 5411 et
944 5366 1231 5427 postquam
1259 5359 1510 5427 cognovi,
1533 5359 1706 5424 plaUsl
1739 5371 1903 5427 super
1921 5358 2060 5411 latus
2089 5371 2291 5410 meum.

1395 5418 1579 5496 Sunt.
1630 5427 1699 5496 (r)
1739 5418 1827 5489 Af,
1853 5436 2125 5480 commota
2151 5434 2277 5480 sunt
2307 5418 2672 5496 viscera'inea
2687 5423 2733 5476 ei
2771 5418 3143 5496 {inliserandti
3159 5419 3483 5496 miserebor.
3517 5418 3596 5496 8.,
3625 5428 3747 5496 cop-

1339 5483 1375 5550 i.
1393 5512 1442 5550 e.
1468 5483 1857 5560 medios/intuit)
1884 5511 1999 5549 inca
2025 5512 2077 5548 sn

2179 5511 2292 5550 'eo.
2357 5495 2426 5565 (δ)
2459 5494 2840 5547 Visitavieuut.
2899 5489 3511 5565 (l)A/1.,‘S.,speculam.
3567 5483 3742 5558 (n).1.,

2359 5343 2700 5427 (tiflttgétnui
2721 5343 2890 5434 super
2915 5353 3101 5434 diebus
3124 5343 3345 5431 pudoris
3360 5343 3497 5434 inci.
3523 5418 3554 5434 Π
3574 5343 3745 5434 (ait.

511 5565 922 5620 atuaritudines.
949 5566 1033 5632 8.,
1061 5562 1333 5622 semitam.
1409 5570 1486 5637 (λ’)
1511 5570 1599 5635 Λ.,
1630 5566 1759 5622 dum
1789 5566 2046 5622 cruciﬁxa
2071 5583 2150 5622 es.
2228 5567 2304 5638 (υ)
2342 5562 2430 5632 Αζ,
2463 5565 2548 5633 8.,
2579 5565 2630 5617 in
2669 5565 2774 5631 via,
2813 5579 2920 5635 qua
2944 5562 3146 5627 abiisti,
3177 5568 3464 5616 revertere.
