4042 6194
381 301 520 361 2355

383 413 586 479 abiisti,
619 414 687 480 Χ
714 419 1005 474 revertere,
1036 410 1188 480 virgo
1220 408 1437 464 Israelis
1477 409 1501 479 1

384 506 547 563 urbes
568 515 692 560 luas
721 504 928 574 lugens.
956 502 1050 557 23.
1084 499 1381 571 Usquequo
1406 500 1479 571 (ι)
1514 499 1824 564 reverteris,
1851 499 1960 553 tilia

384 597 678 668 despecta?
722 596 851 666 quia
885 596 1091 651 creavit
1129 592 1391 648 Dominus
1420 591 1654 647 salutem
1693 603 1755 645 σι-
1801 588 1879 659 (α)
1906 589 1960 643 in

381 688 776 761 plautationem
819 688 841 757 1
881 701 1075 741 novam
1102 703 1117 740 :
1152 685 1207 739 in
1239 684 1413 740 salute
1438 683 1749 739 circuibuut
1781 681 1962 736 bomi-

384 795 503 835 nes.
525 779 616 834 ‘25.
644 776 737 834 Sic
754 778 891 833 dixit
921 775 1186 832 Dominus
1216 778 1282 842 Χ
1312 774 1572 828 virtutum
1609 771 1750 828 Deus
1792 770 1966 825 Israe-

384 868 455 927 lis
475 870 534 938 1:
562 870 756 924 Adhuc
785 869 969 925 dicent
1005 879 1316 923 sermonem
1346 863 1494 918 hunc
1523 862 1577 918 in
1616 870 1759 916 terra
1790 858 1964 924 Iudae,

385 972 439 1016 et
477 961 534 1014 in
583 960 809 1014 urbibus
846 957 1002 1028 ejus,
1046 955 1266 1026 quando
1301 953 1571 1008 reduxere
1609 950 1965 1021 demigratio-

386 1066 512 1107 nem
539 1050 662 1120 ejus
692 1068 706 1104 :
740 1049 816 1120 (ὑ)
866 1047 1187 1102 Benedictus
1221 1044 1485 1100 Dominus
1528 1058 1690 1112 super
1724 1033 1965 1096 inonteTn

384 1143 593 1215 justum
617 1150 869 1198 sanctum
897 1139 1018 1209 ejus
1046 1156 1060 1193 :
1091 1137 1184 1192 ει.
1212 1140 1281 1205 (r)
1304 1146 1357 1192 et
1383 1135 1475 1206 qui
1512 1134 1761 1188 habitant
1791 1133 1844 1186 in
1872 1131 1967 1187 Ju-

386 1233 532 1297 11:23,
581 1241 636 1289 et
685 1232 739 1287 in
790 1230 940 1287 omni
986 1229 1123 1284 urbe
1165 1227 1323 1299 ejus,
1359 1242 1484 1281 cum
1514 1224 1752 1294 agricola
1782 1233 1835 1277 et
1862 1222 1972 1277 ele-

1594 289 1913 349 JEBEMUE
1950 290 2186 350 CAPUT
2225 291 2441 350 XXXII.

1538 427 1551 463 :
1592 416 1869 462 revertere
1893 404 1959 462 ad
1990 412 2035 470 Α
2063 423 2184 463 esse
2214 424 2345 479 gens
2381 416 2508 464 ante
2543 405 2736 462 faciem
2777 420 2951 461 meam
2979 406 3237 463 omnibus
3263 406 3479 463 diebus.
3517 406 3643 463 llmc

3498 289 3641 349 255,

2066 500 2198 555 dicit
2227 500 2486 555 Dominus
2527 518 2541 555 :
2573 499 2662 555 5⁸1.
2701 498 2764 570 (Ι)
2794 499 2850 555 Si
2873 500 3141 554 elevatum
3170 499 3331 554 fuerit
3360 501 3557 555 ccelum
3587 500 3642 553 in

2066 591 2298 646 sublime
2331 601 2385 646 et
2416 591 2461 645 si
2496 590 2818 662 depressum
2855 589 3020 644 fuerit
3066 589 3434 659 pavimentum
3484 599 3644 645 terra:

2065 680 2344 744 deorsum;
2365 680 2531 734 etiam
2552 694 2654 750 ego
2673 695 2779 733 non
2806 680 3108 750 reprobabo
3131 680 3196 747 Χ
3225 694 3386 733 omne
3410 679 3435 747 1
3470 696 3642 750 genus

2066 766 2305 835 Israelis,
2327 784 2426 839 pro
2451 770 2728 835 omnibus,
2761 784 2883 837 quae
2906 769 3170 832 fecerunt,
3195 768 3327 823 dicit
3360 766 3641 825 Dominus.

2066 862 2156 917 38.
2181 860 2318 916 Ecce
2338 861 2457 915 dies
2478 861 2722 925 veniunt,
2746 860 2879 916 dicit
2896 859 3183 923 Dominus,
3209 869 3265 914 et
3292 858 3648 914 aedificabitur

2068 953 2200 1006 urbs
2224 950 2459 1006 Domino
2481 967 2511 1006 a
2536 960 2687 1007 turre
2710 951 2985 1007 Hauanael
3008 967 3182 1022 usque
3214 951 3280 1005 ad
3314 961 3523 1021 portam
3546 967 3647 1005 an-

2070 1042 2204 1113 guli,
2239 1042 2328 1097 39.
2354 1050 2408 1097 et
2446 1041 2616 1096 exibit
2650 1043 2718 1111 Χ
2741 1042 2919 1096 adhuc
2945 1039 3040 1113 (m)
3066 1055 3189 1110 spes
3219 1040 3269 1110 1,
3295 1050 3350 1095 et
3379 1041 3650 1097 dimensio

2068 1136 2188 1206 ejus
2216 1150 2400 1190 coram
2423 1134 2503 1189 eis
2533 1150 2707 1202 usque
2738 1134 2803 1188 ad
2825 1133 3020 1189 collem
3045 1133 3222 1189 Gareb
3252 1150 3266 1187 :
3309 1141 3363 1187 et
3404 1134 3651 1204 cingetur

2072 1226 2125 1280 iu
2157 1226 2388 1281 circuitu
2424 1241 2488 1279 ex
2523 1225 2793 1295 lapidibus
2826 1223 2906 1295 (η)
2935 1224 3159 1288 electis;
3188 1222 3278 1279 40.
3314 1224 3381 1292 Χ
3404 1231 3459 1278 et
3488 1237 3651 1278 omne

389 1322 608 1379 vabitur
669 1322 725 1375 in
799 1334 981 1392 grege.
1052 1318 1144 1374 25.
1221 1316 1360 1384 Quia
1414 1313 1677 1370 inebriavi
1751 1327 1968 1366 onmem
2071 1317 2401 1388 profundum
2426 1315 2499 1388 (0)
2528 1318 2726 1371 domus
2747 1313 3172 1387 Fagadim1('),
3207 1314 3281 1385 (p)
3309 1324 3364 1369 et
3388 1314 3646 1379 cinerem,

389 1414 631 1469 animam
670 1411 967 1477 sitientem,
1010 1417 1065 1465 et
1107 1423 1323 1464 omnem
1357 1407 1595 1461 animam
1639 1405 1969 1460 esurientem
2071 1417 2128 1463 et
2154 1423 2372 1463 omnem
2402 1407 2713 1463 Asarimotb
2746 1423 2922 1481 usque
2968 1408 3036 1462 ad
3083 1416 3380 1462 torrentem
3410 1406 3648 1472 Cedron,

389 1504 658 1561 saturavi.
711 1502 803 1557 26.
853 1499 1081 1571 Propter
1128 1499 1235 1553 hoc
1277 1494 1688 1566 expergefactus
1729 1512 1876 1556 sum,
1919 1502 1976 1548 et
2074 1514 2249 1569 usque
2273 1499 2339 1553 ad
2362 1498 2621 1568 angulqu
2646 1507 2814 1569 portae
2834 1513 3099 1569 equorum
3131 1498 3204 1568 (ᾳ)
3239 1497 3487 1561 orientis,
3523 1512 3653 1553 sau-

390 1594 549 1650 vidi:
603 1603 660 1648 et
716 1608 943 1648 somnus
993 1605 1146 1645 meus
1192 1588 1374 1643 attulit
1427 1588 1762 1658 voluptatem
1814 1586 1970 1640 mihi.
2074 1589 2344 1646 etuarium
2378 1588 2629 1653 Domino,
2661 1598 2715 1644 et
2756 1604 2861 1643 non
2897 1588 3133 1658 amplius
3153 1587 3436 1654 evelletur,
3477 1602 3652 1657 neque

390 1684 482 1739 27.
514 1682 656 1739 Ecce
692 1683 810 1738 dies
842 1680 1087 1744 veniunt,
1119 1677 1252 1733 dicit
1288 1679 1571 1739 Dominus,
1613 1688 1667 1731 et
1693 1677 1974 1733 seminabo
2074 1680 2387 1734 destruetur
2426 1694 2602 1749 usque
2623 1680 2678 1733 in
2715 1680 2997 1734 saeculum.

395 1777 465 1845 Χ
498 1775 723 1830 domum
750 1771 987 1838 Israelis,
1020 1778 1075 1827 et
1107 1770 1131 1839 1
1176 1772 1396 1826 domum
1433 1768 1606 1833 Iudae,
1647 1784 1832 1823 semen
1874 1768 1973 1823 bo-

2143 1772 2297 1830 CAP.
2332 1773 2626 1828 XXXll.—
2657 1777 2707 1830 Ι.
2750 1774 3010 1841 Verbum,
3045 1774 3191 1846 quod
3226 1774 3427 1831 factum
3462 1788 3545 1829 est
3582 1775 3651 1829 ad

392 1882 549 1930 num,
582 1874 638 1921 et
666 1880 850 1921 semen
888 1863 1144 1934 jumeuti.
1173 1862 1265 1916 28.
1320 1862 1383 1916 lit
1414 1864 1536 1924 erit,
1570 1862 1715 1916 sicut
1742 1860 1975 1931 vigilans

396 1957 475 2012 fui
503 1971 670 2025 super
693 1970 789 2011 eos
818 1956 886 2023 Χ
924 1954 990 2009 ad
1024 1951 1458 2022 exstirpandum,
1497 1959 1553 2006 et
1588 1951 1655 2005 ad
1688 1951 1977 2006 destruen-

393 2048 547 2113 dum,
587 2055 642 2103 et
674 2046 724 2114 1,
756 2046 822 2102 ad
858 2045 1232 2110 evertendum,
1266 2045 1337 2113 Χ
1363 2053 1417 2098 et
1443 2041 1510 2096 ad
1554 2041 1887 2113 perdendum
1924 2041 1974 2109 1,

393 2147 449 2192 et
485 2137 552 2191 ad
596 2137 736 2192 male
778 2136 1125 2200 faciendum;
1165 2135 1246 2190 sic
1281 2133 1517 2205 vigilabo
1550 2148 1715 2202 super
1744 2148 1859 2192 eos.
1908 2133 1977 2186 ad

392 2230 853 2296 aa.lilicandum,et
876 2227 944 2283 ad
977 2227 1356 2299 plantandum,
1377 2224 1510 2278 dicit
1534 2222 1974 2278 Dominus.29.ln

394 2319 588 2373 diebus
618 2316 740 2372 istis
763 2331 870 2370 non
900 2315 1085 2389 dicent
1107 2313 1376 2384 amplius:
1401 2310 1598 2367 Patres
1619 2311 1975 2365 comederunt

394 2423 532 2463 uvas
580 2407 843 2469 acerbas,
903 2414 957 2461 et
1013 2405 1203 2461 dentes
1262 2404 1499 2458 ﬁliorum
1559 2402 1974 2470 obstupuerunt.

394 2496 484 2551 $0.
517 2495 620 2549 Sed
651 2493 1023 2565 unusquisque
1064 2493 1117 2548 in
1176 2503 1398 2564 peccato
1441 2506 1544 2546 suo
1597 2490 1880 2554 morietur,
1909 2491 1976 2558 Χ

374 2586 693 2657 (arumnis
721 2585 887 2639 homo
917 2586 964 2655 1,
1007 2593 1061 2639 et
1100 2583 1192 2652 qui
1227 2581 1525 2639 comederit
1556 2597 1692 2636 uvas
1729 2582 1976 2647 acerbas,

386 2675 784 2743 ‘obstupeseent
832 2673 1028 2731 dentes
1076 2673 1215 2743 ejus.
1269 2672 1358 2729 51.
1390 2671 1533 2727 Ecce
1571 2674 1690 2727 dies
1733 2672 1976 2739 veniunt,

393 2764 526 2820 dicit
570 2764 854 2829 Dominus,
886 2774 940 2819 et
983 2764 1052 2836 (e)
1094 2764 1382 2834 disponam
1424 2764 1607 2819 domui
1656 2763 1897 2827 lsraelis,
1924 2774 1980 2818 et

395 2856 578 2911 domui
612 2855 763 2911 Judze
795 2856 863 2927 (Γ)
886 2856 1066 2913 fmdus
1092 2872 1314 2922 novum,
1338 2857 1431 2922 52,
1459 2873 1567 2912 non
1585 2858 1742 2928 juxta
1768 2855 1969 2921 lanius,

394 2946 541 3014 quod
592 2944 836 3015 disposui
876 2944 1125 3016 patribus
1166 2959 1358 2999 eorum
1391 2944 1445 2998 in
1488 2945 1597 3008 die,
1635 2960 1759 3000 cum
1786 2959 1979 3014 appre-

394 3033 557 3087 nendi
601 3048 822 3087 manum
860 3048 1075 3096 eorum,
1107 3032 1173 3086 ad
1213 3030 1555 3087 educendum
1588 3047 1684 3088 eos
1710 3048 1778 3087 ex
1832 3041 1975 3087 terra

397 3120 635 3193 Egypti;
666 3123 793 3193 quia
831 3122 905 3176 illi
953 3136 1062 3175 non
1100 3129 1422 3176 manserunt
1475 3122 1529 3175 iu
1578 3120 1782 3177 foedere
1830 3137 1975 3188 meo,

395 3212 557 3267 etiam
589 3226 689 3283 ego
719 3210 929 3282 neglexi
956 3226 1073 3273 eos,
1106 3210 1240 3266 dicit
1271 3209 1553 3266 Dominus.
1584 3212 1673 3266 55.
1710 3212 1848 3277 Quia
1877 3212 1981 3268 hoc

394 3301 595 3366 foedus,
628 3301 774 3372 quod
810 3302 1101 3373 disponam
1133 3302 1323 3358 domui
1355 3302 1590 3368 Israelis,
1618 3303 1691 3374 (g)
1725 3304 1980 3373 postdies

389 3394 552 3458 istos,
587 3393 719 3449 dicit
739 3392 1004 3448 Dominus
1036 3411 1051 3448 :
1097 3394 1174 3463 (Ir)
1213 3394 1359 3465 quod
1392 3394 1532 3448 dabo
1563 3394 1711 3465 leges
1746 3411 1897 3450 meas
1924 3396 1977 3449 in

396 3491 634 3538 mentem
665 3499 883 3549 eorum,
914 3491 967 3539 et
993 3485 1063 3552 Χ
1098 3499 1263 3554 super
1296 3492 1514 3555 pectore
1535 3483 1559 3552 1
1583 3484 1763 3540 cordis
1789 3500 1978 3540 eorum

394 3574 631 3630 scribam
663 3590 757 3631 eas
786 3594 800 3631 :
832 3584 886 3630 et
920 3590 1016 3631 ero
1043 3576 1123 3631 eis
1149 3575 1202 3630 in
1228 3576 1418 3641 Deum,
1462 3585 1516 3631 et
1547 3576 1622 3631 illi
1651 3586 1813 3631 erunt
1846 3576 1982 3631 milii

395 3664 454 3721 in
511 3665 797 3735 populum.
847 3665 940 3721 54.
1006 3664 1072 3720 Et
1124 3680 1234 3720 non
1287 3665 1559 3721 docebunt
1598 3669 1667 3735 Χ
1719 3667 1978 3736 iterum1

396 3757 781 3826 unusquisque
823 3756 1045 3811 fratrem
1079 3771 1264 3820 suum,
1294 3764 1350 3812 et
1382 3757 1763 3828 unusquisque
1800 3758 1985 3828 proxi-

396 3860 547 3899 mum
578 3860 761 3911 suum,
792 3846 983 3902 dicens
1017 3865 1031 3902 :
1057 3844 1235 3902 Nosce
1274 3846 1598 3914 Dominum;
1638 3850 1767 3918 quia
1792 3866 1985 3906 eomes

404 3942 743 4005 cognascent
781 3950 868 3989 me
909 3951 940 3990 a
984 3949 1152 4005 parvo
1193 3950 1383 3990 eorum
1424 3953 1600 4007 usque
1628 3939 1694 3993 ad
1726 3956 1984 4010 magnum

396 4038 615 4093 eorum,
644 4028 713 4095 Χ
741 4026 876 4081 dicit
903 4025 1167 4081 Dominus
1200 4027 1224 4096 1
1258 4044 1272 4080 :
1301 4028 1559 4097 quoniam
1591 4030 1861 4097 propitius
1888 4046 1985 4085 ero

396 4110 781 4183 iniquitatibus
809 4131 1026 4180 eorum,
1062 4126 1116 4171 et
1142 4124 1490 4186 peccatorum
1523 4131 1715 4172 eorum
1750 4132 1857 4173 non
1886 4131 1986 4173 re-

397 4204 671 4260 cordabor
701 4207 955 4276 amplius.
980 4208 1069 4263 35.
1107 4206 1199 4263 Sic
1226 4205 1367 4262 dixit
1402 4205 1685 4273 Dominus,
1718 4208 1810 4277 qui
1840 4209 1987 4265 dedit

405 4295 579 4352 solem
609 4296 662 4351 in
694 4297 875 4354 lumen
911 4299 1039 4363 diei,
1073 4301 1141 4367 Χ
1172 4298 1234 4369 (i)
1258 4300 1312 4354 in
1342 4307 1602 4355 statutum
1634 4298 1683 4368 1,
1707 4299 1893 4354 lunam
1932 4309 1987 4355 et

2075 1862 2367 1920 Jeremiam
2401 1880 2431 1919 a
2482 1863 2711 1919 Domino
2730 1865 2787 1919 in
2814 1880 2960 1919 anno
2985 1864 3200 1920 decimo
3239 1864 3478 1919 Sedecia:
3510 1864 3653 1933 regis

2075 1951 2229 2008 Iudae
2264 1971 2279 2008 :
2318 1953 2407 2008 hic
2432 1968 2609 2008 annus
2637 1963 2864 2008 octavus
2888 1954 3134 2009 decimus
3172 1957 3241 2023 Χ
3273 1969 3452 2007 annus
3486 1953 3520 2021 1.
3541 1952 3650 2008 Na-

2077 2042 2565 2108 bucliodouosoris,
2590 2043 2702 2114 regi
2729 2044 2845 2112 (sic)
2868 2042 3178 2115 Babylonis.
3202 2044 3257 2098 2.
3288 2042 3353 2098 Et
3378 2047 3445 2112 Χ
3474 2053 3603 2098 tunc
3626 2042 3649 2112 1

2077 2142 2319 2203 potestas
2342 2133 2484 2202 regis
2515 2131 2805 2203 Babylonis
2836 2133 2902 2203 (r)
2931 2133 3057 2188 fecit
3087 2134 3261 2190 fossas
3298 2150 3461 2203 super
3489 2133 3652 2187 Jeru-

2077 2225 2247 2278 salem
2288 2242 2302 2278 :
2347 2230 2407 2277 et
2427 2222 2660 2277 Jeremia
2693 2227 2761 2291 Χ
2796 2224 3053 2292 propheta
3082 2225 3104 2292 1
3138 2224 3549 2278 custodiebatur
3596 2224 3649 2277 in

2078 2313 2219 2367 atrio
2267 2313 2541 2375 carceris,
2575 2313 2670 2383 qui
2715 2323 2799 2369 est
2848 2315 2901 2368 in
2944 2316 3110 2369 domo
3153 2316 3295 2385 regis
3328 2320 3394 2383 Χ
3425 2314 3578 2370 Judae
3623 2314 3647 2384 1

2074 2402 2130 2456 5.
2163 2402 2215 2456 in
2247 2416 2359 2472 quo
2403 2401 2676 2456 clauserat
2713 2418 2838 2457 eum
2879 2400 3103 2458 Sedecla
3143 2419 3237 2459 rex
3295 2408 3362 2472 Χ
3405 2402 3559 2458 Iuda:
3600 2405 3650 2474 1,

2076 2494 2266 2550 dicens
2292 2511 2305 2547 :
2342 2492 2522 2559 Quare
2553 2504 2606 2547 tu
2635 2494 2967 2564 pr0plietas?
2997 2495 3223 2551 dicens:
3258 2494 3349 2551 Sic
3378 2495 3514 2550 dixit
3541 2494 3652 2551 Do-

2079 2586 2294 2639 minus:
2325 2584 2460 2639 EICB
2487 2599 2587 2655 ego
2618 2587 2688 2639 do
2716 2589 2783 2654 Χ
2812 2586 2912 2658 τὴν
2940 2586 2963 2654 1
3005 2587 3193 2643 urbem
3229 2588 3373 2643 bane
3400 2589 3452 2642 in
3486 2604 3650 2643 manu

2082 2674 2222 2744 regis
2250 2672 2561 2744 Babylonis,
2596 2684 2650 2729 et
2673 2676 2850 2745 capiet
2873 2692 3014 2731 eam.
3041 2677 3095 2732 4.
3126 2677 3193 2732 Et
3217 2676 3441 2733 Sedecia
3470 2681 3537 2748 Χ
3560 2695 3653 2734 rex

2077 2762 2282 2835 Judae1
2324 2782 2430 2819 non
2480 2766 2779 2822 salvabitur
2814 2784 2842 2822 a
2886 2784 3050 2823 manu
3087 2770 3654 2842 Cbaldzeorum;quia

2079 2855 2341 2909 tradendo
2376 2858 2618 2911 tradetur
2657 2858 2709 2910 in
2748 2873 2945 2915 manus
2988 2860 3130 2931 regis
3160 2860 3472 2931 Babylonis,
3498 2872 3552 2917 et
3581 2863 3658 2916 Io-

2078 2955 2277 3015 quetur
2299 2960 2360 2999 os
2385 2945 2503 3014 ejus
2525 2946 2591 3000 ad
2622 2963 2684 3002 os
2708 2947 2875 3014 illius,
2913 2956 2969 3003 et
3004 2951 3148 3005 oculi
3171 2950 3291 3020 ejus
3314 2952 3502 3006 oculos
3536 2951 3657 3020 ejus

2079 3035 2340 3089 videbunt
2369 3053 2384 3090 :
2416 3036 2468 3090 5.
2502 3044 2557 3090 et
2581 3037 2632 3090 in
2675 3036 2999 3110 Babylonem
3027 3040 3095 3112 (ε)
3146 3040 3368 3096 intrabit
3408 3041 3655 3104 Sedecia.

2078 3132 2132 3178 et
2157 3124 2228 3179 ibi
2262 3125 2327 3195 (ι)
2373 3125 2602 3191 sedebit.
2652 3128 2719 3195 Χ
2763 3128 2935 3182 donec
2990 3129 3286 3185 visitavero
3329 3145 3477 3192 eum,
3526 3129 3658 3184 dicit

2076 3214 2366 3282 Dominus;
2390 3218 2517 3287 quia
2553 3218 2631 3286 (ul
2672 3218 2716 3272 si
2752 3220 3069 3288 pugnaverit
3094 3236 3218 3274 cum
3247 3218 3538 3284 Chaldaeis,
3575 3217 3656 3290 (at)

2081 3323 2188 3362 non
2215 3317 2363 3365 recte
2385 3312 2576 3381 agetis.
2609 3309 2663 3366 6.
2695 3310 2761 3366 Et
2785 3312 2924 3367 dixit
2947 3310 3183 3368 Ieremia
3211 3312 3234 3381 1
3275 3329 3289 3367 :
3321 3309 3547 3366 Factum
3573 3319 3657 3366 est

2080 3399 2307 3453 verbum
2340 3398 2557 3454 Domini
2602 3402 2669 3455 ad
2714 3417 2820 3464 me,
2871 3402 3059 3457 dicens
3093 3418 3107 3455 :
3156 3401 3208 3455 7.
3241 3399 3378 3456 Ecce
3406 3400 3657 3455 Nalimail

2083 3487 2227 3544 lilius
2265 3488 2449 3544 Salom
2487 3490 2673 3546 fratris
2706 3493 2878 3563 patris
2912 3493 2990 3547 tui
3034 3492 3181 3547 venit
3210 3493 3277 3547 ad
3323 3499 3393 3558 te,
3427 3492 3613 3547 dicens
3636 3510 3657 3549 :

2081 3576 2306 3635 Posside
2341 3580 2436 3636 tibi
2476 3597 2667 3652 agrum
2711 3586 2780 3652 Χ
2821 3598 3001 3636 meum
3039 3581 3088 3651 1,
3124 3582 3217 3653 qui
3263 3582 3317 3637 iu
3354 3582 3660 3648 Anathotb,

2084 3670 2211 3739 quia
2237 3671 2312 3741 (y)
2343 3671 2437 3725 tibi
2466 3670 2558 3743 jus
2594 3676 2660 3741 Χ
2688 3672 3064 3744 propinquitas
3100 3674 3314 3744 generis
3352 3674 3375 3745 1
3413 3673 3480 3728 ad
3517 3672 3660 3728 acci-

2084 3760 2343 3830 piendum
2377 3763 2806 3833 possessionem.
2839 3764 2893 3819 8.
2939 3763 3004 3819 Et
3035 3765 3181 3819 venit
3204 3765 3271 3818 ad
3312 3780 3397 3819 me
3423 3778 3485 3819 σι-
3513 3763 3661 3818 Nab-

2086 3856 2216 3913 mail
2255 3856 2399 3913 lilius
2433 3856 2616 3912 Saloni
2646 3856 2670 3927 1
2709 3855 2891 3912 fratris
2920 3856 3090 3927 patris
3113 3856 3242 3922 mei,
3267 3858 3334 3925 Χ
3353 3855 3506 3927 juxta
3539 3872 3661 3911 ver-

2086 3950 2213 4004 bum
2254 3948 2303 4016 1,
2338 3948 2391 4001 in
2420 3949 2618 4003 atrium
2650 3949 2905 4014 carceris,
2941 3957 2997 4003 et
3032 3948 3172 4002 dixit
3210 3948 3344 4003 milii
3379 3964 3394 4002 :
3438 3946 3661 4004 Posside

2086 4037 2154 4102 Χ
2184 4049 2328 4088 nunc
2364 4033 2388 4100 1
2439 4048 2631 4101 agrqu
2673 4048 2877 4093 meum,
2910 4033 3004 4102 qui
3042 4033 3095 4085 in
3134 4033 3431 4099 Anatbotb,
3469 4033 3562 4102 qu'i
3610 4035 3660 4089 in

2086 4131 2228 4176 terra
2260 4118 2577 4189 Benjamiu;
2614 4121 2740 4190 quia
2789 4120 2886 4174 tibi
2923 4121 3176 4175 convenit
3204 4120 3480 4190 possidere
3507 4123 3574 4191 Χ
3606 4122 3659 4177 in

2084 4210 2478 4275 hzereditatem,
2510 4219 2565 4264 et
2596 4218 2653 4263 tu
2682 4210 2868 4265 senior
2888 4223 2969 4275 es,
2999 4209 3219 4279 posside
3244 4224 3369 4264 eum
3398 4220 3453 4265 tu
3486 4211 3581 4267 tibi
3609 4212 3659 4282 1.

2084 4299 2153 4354 Et
2180 4298 2433 4368 cegnovi,
2458 4299 2600 4367 quod
2636 4299 2862 4352 verbum
2894 4297 3110 4353 Domini
3133 4306 3218 4353 est
3248 4315 3263 4353 :
3289 4297 3324 4354 9
3353 4308 3408 4353 et
3432 4297 3658 4355 Possedi

396 4385 589 4441 stellas
619 4386 674 4440 in
701 4387 883 4442 lumen
912 4389 1111 4453 noctis,
1141 4388 1216 4459 (Ir)
1252 4398 1306 4444 et
1330 4390 1622 4444 clamorem
1652 4389 1706 4443 in
1737 4404 1907 4455 mare,
1929 4398 1984 4445 et
2014 4403 2057 4459 ι)
2085 4403 2277 4460 agrum
2308 4389 2375 4456 Χ
2398 4403 2425 4441 a
2457 4387 2705 4442 Nalimail
2735 4388 2759 4456 1
2790 4388 2900 4442 lilio
2927 4387 3112 4445 fratris
3133 4389 3307 4459 patris
3335 4388 3463 4454 mei,
3485 4391 3659 4461 Χ(ιυί

396 4478 797 4548 obstupuerunt
839 4479 1041 4536 lluctus
1090 4481 1260 4551 ejus:
1321 4481 1587 4536 Dominus
1633 4480 1980 4550 omnipotens
2084 4479 2139 4533 iu
2173 4476 2451 4531 Anatbotb
2488 4477 2535 4545 1,
2573 4484 2627 4531 et
2655 4476 2886 4545 appendi
2933 4477 2985 4532 ei
3026 4486 3305 4549 argentum
3345 4490 3551 4548 septem
3587 4478 3660 4550 (ι)

398 4582 595 4623 nomen
616 4571 687 4624 ei.
708 4571 799 4626 36.
825 4569 882 4626 Si
905 4572 1240 4627 cessaverint
1265 4572 1410 4644 leges
1435 4572 1517 4626 lite
1539 4572 1607 4625 ab
1629 4579 1753 4626 ante
1782 4570 1978 4627 faciem
2084 4569 2273 4634 siclos,
2305 4578 2361 4624 et
2382 4568 2571 4623 decem
2604 4569 2813 4638 argenti
2847 4585 2861 4623 :
2900 4568 2988 4624 l0.
3023 4578 3076 4624 et
3114 4568 3311 4640 scripsi
3342 4569 3397 4625 in
3438 4571 3659 4638 librum,

398 4674 599 4729 meam,
634 4662 768 4719 dicit
791 4662 1077 4732 Dominus;
1102 4664 1268 4719 etiam
1298 4677 1471 4735 genus
1495 4660 1713 4719 lsraelis
1746 4662 1982 4721 cessabit
2083 4672 2138 4720 et
2157 4660 2407 4733 sigillavi,
2429 4671 2482 4715 et
2510 4659 2699 4716 testari
2722 4658 2823 4715 feci
2846 4669 3033 4728 testes,
3053 4670 3108 4718 et
3126 4662 3357 4733 appendi
3379 4673 3660 4737 argentum

2005 4912 2081 4984 (a)
2106 4913 2331 4970 Femina
2360 4930 2499 4971 nova
2525 4914 2580 4970 in
2608 4924 2751 4971 terra
2782 4914 2836 4969 in
2867 4914 3044 4970 salute
3070 4910 3444 4984 circumdabit»
3457 4911 3659 4984 virum.

401 4981 489 5067 8..
521 4981 970 5067 ξιιιετςειξΐρηείηε
986 4981 1667 5067 circumdabitmasculum
1695 5000 1918 5067 iiovum.
1997 4981 2072 5067 (ρ)
2095 4986 2184 5066 Α..
2212 4984 2297 5067 8..
2333 4985 2618 5067 benedicat
2643 4986 2768 5067 tibi,
2787 4985 3039 5051 Domine,
3071 4982 3328 5067 habitans
3350 4981 3405 5067 in
3425 4982 3662 5067 justitia.

401 5063 470 5129 (ε)
499 5060 591 5124 Α..
609 5066 664 5114 et
680 5058 1002 5129 habitabunt
1023 5057 1075 5129 in
1094 5055 1336 5122 eaJuda,
1369 5062 1425 5129 et
1452 5054 1828 5129 omnesurbes
1847 5056 1986 5129 ejus.
2007 5052 2092 5122 8.,
2116 5057 2279 5129 simul
2305 5056 2559 5129 agricolae
2572 5059 2901 5129 etduetores
2925 5049 3171 5124 gregum.
3250 5050 3343 5129 (d)_
3367 5049 3450 5129 ἕξ.
3469 5052 3661 5129 omnis

401 5119 774 5197 bomiiiis,qui
797 5128 1097 5183 comederit
1112 5142 1247 5197 uvas
1268 5119 1515 5180 acerbas.
1594 5128 1664 5194 (e)
1696 5126 1795 5197 _A.,
1819 5119 2087 5197 excidam.
2112 5126 2198 5190 8.,
2217 5119 2516 5197 perficiam.
2594 5126 2770 5197 (0A.,
2799 5123 2884 5189 S.,
2909 5119 3201 5197 statutum,
3260 5119 3349 5197 ‘(g_)
3370 5119 3432 5175 Et
3451 5120 3661 5177 domui.

401 5201 480 5274 (Ia)
522 5192 672 5254 Dabo
698 5192 867 5274 legem
898 5213 1098 5254 meam.
1176 5196 1239 5274 (ἡ
1270 5199 1362 5261 Α.,
1390 5192 1653 5274 statutum
1695 5195 1852 5274 inme
1870 5204 1925 5248 et
1956 5192 2261 5251 stellarum.
2340 5195 2415 5274 (It)
2455 5199 2546 5261 A.,
2578 5192 2775 5274 scdans
2816 5208 2986 5249 mare.
3032 5193 3262 5274 _(l).A.,
3297 5192 3343 5245 si
3377 5206 3661 5246 mensura-

403 5261 606 5324 biintur
635 5261 833 5323 cadum
863 5283 1106 5332 sursum,
1145 5261 1200 5321 et
1219 5261 1694 5334 iuvestigabuntur
1723 5264 2078 5319 fumlameuta
2124 5275 2281 5320 terra:
2324 5267 2615 5331 deorsum;
2650 5264 2820 5318 etiam
2862 5278 2962 5328 ego
2995 5261 3250 5334 abjieiam
3290 5275 3453 5334 omne
3476 5275 3660 5317 seiuen

402 5338 572 5394 Indae.
616 5337 831 5393 lsraelis
850 5380 865 5404 ,
887 5329 1105 5407 propter
1124 5336 1329 5407 omnia,
1347 5329 1464 5403 (ιιιῶ
1486 5333 1749 5399 fecerunt,
1767 5335 1898 5407 dicit
1920 5334 2207 5407 Dominu_s.
2249 5335 2346 5407 (in)
2369 5342 2470 5407 A.,
2490 5329 2669 5407 regula
2689 5329 3076 5407 dimetisiottis.
3095 5329 3345 5407 S.._[unis
3363 5345 3658 5407 mensum.

406 5409 486 5474 (ιι)
519 5407 610 5474 Λ.,
645 5408 823 5462 bonis.
852 5397 864 5404 ’
888 5397 1107 5476 ’(ο)Ἀ.,
1142 5404 1227 5468 8.,
1255 5397 1599 5476 cadaverum.
1677 5397 1873 5476 (‘);Pro
1906 5397 2415 5476 n31m,7Fagedim,
2448 5397 2585 5459 forte
2608 5403 2922 5476 legendum,
2946 5401 3122 5476 ansa
3173 5397 3448 5476 egerim.
3482 5398 3659 5476 [Band

410 5468 606 5561 dubie,
635 5476 888 5558 ltebraiea
911 5468 1058 5530 enim
1091 5468 1291 5561 veritas
1322 5474 1484 5554 liabet
1513 5468 1926 5561 Πνςωξίυηίλςιι
2051 5468 2128 5544 (Ρ)
2160 5468 2372 5561 adipem
2470 5468 3154 5561 omnia—qumKanteAur-bem
3186 5468 3332 5561 lic'e‘.
3359 5468 3658 5561 «gavero.

430 5548 484 5618 ᾳ)
524 5537 607 5613 8.,
670 5549 724 5602 in
755 5547 1041 5601 orientem.
1118 5547 1188 5614 (r)
1229 5544 1319 5611 Α..
1365 5544 1840 5598 circumdederunt
1882 5537 2119 5600 urbem'.’
2171 5537 2362 5613 (σ)Ἀ.,
2405 5543 2490 5610 8.,
2528 5537 2761 5598 deducet
2804 5540 3109 5597 Sedeciam.
3186 5538 3252 5610 (Ι)
3280 5539 3371 5604 A.,
3409 5537 3496 5620 S._,
3534 5537 3658 5621 erit.

407 5550 1561 5739 Ξξὲυῇἱῖῃῗξι
1584 5613 1887 5682 Chaldaeos,
1914 5631 2021 5670 non
2057 5623 2201 5671 recte
2231 5612 2420 5683 agetis.
2498 5614 2578 5683 (at)
2610 5611 2729 5668 Non
2762 5618 2908 5668 recte
2936 5622 3079 5682 aget.
3132 5612 3231 5683 ly)
3268 5609 3423 5678 Quod
3454 5611 3547 5665 tibi
3578 5619 3660 5666 est

1011 5694 1102 5752 41.,
1136 5694 1219 5753 8.,
1251 5694 1505 5743 staturus.

469 4915 543 5001 (ι)
568 4920 654 5001 Α...
682 4917 1004 5001 deprimeris
1020 4917 1081 4999 in
1110 4915 1461 5001 profundum,
1490 4915 1620 5001 dum
1646 4929 1836 5001 aversa
1860 4928 1943 4970 es.

407 5687 806 5757 propinquitas.
884 5687 961 5756 ῃ)
