  <div class='ocr_page' id='page_1' title='image "/cluster/home/n/w/nwhite01/storage/ocr_20150623/16:pt.2/hvd.32044073501231/549.png"; bbox 0 0 4042 6194; ppageno 0'>
   <div class='ocr_carea' id='block_1_1' title="bbox 396 236 548 294">
    <p class='ocr_par' dir='ltr' id='par_1_1' title="bbox 396 236 548 294">
     <span class='ocr_line' id='line_1_1' title="bbox 396 236 548 294; baseline 0.013 -2"><span class='ocrx_word' id='word_1_1' title='bbox 396 236 548 294; x_wconf 71' lang='lat'><strong>9.559</strong></span> 
     </span>
    </p>
   </div>
   <div class='ocr_carea' id='block_1_2' title="bbox 1575 229 2512 287">
    <p class='ocr_par' dir='ltr' id='par_1_2' title="bbox 1575 229 2512 287">
     <span class='ocr_line' id='line_1_2' title="bbox 1575 229 2512 287; baseline 0.002 -3"><span class='ocrx_word' id='word_1_2' title='bbox 1575 229 1798 284; x_wconf 75' lang='lat' dir='ltr'><strong>CODEX</strong></span> <span class='ocrx_word' id='word_1_3' title='bbox 1841 230 2512 287; x_wconf 72' lang='lat' dir='ltr'><strong>SYRO-IIEXAPLABIS.</strong></span> 
     </span>
    </p>
   </div>
   <div class='ocr_carea' id='block_1_3' title="bbox 3516 232 3654 289">
    <p class='ocr_par' dir='ltr' id='par_1_3' title="bbox 3516 232 3654 289">
     <span class='ocr_line' id='line_1_3' title="bbox 3516 232 3654 289; baseline -0.022 -1"><span class='ocrx_word' id='word_1_4' title='bbox 3516 232 3654 289; x_wconf 67' lang='lat'><strong>9560</strong></span> 
     </span>
    </p>
   </div>
   <div class='ocr_carea' id='block_1_4' title="bbox 398 363 3654 441">
    <p class='ocr_par' dir='ltr' id='par_1_4' title="bbox 398 363 3654 441">
     <span class='ocr_line' id='line_1_4' title="bbox 398 363 3654 441; baseline 0 -17"><span class='ocrx_word' id='word_1_5' title='bbox 398 372 454 424; x_wconf 88' lang='lat' dir='ltr'><strong>Si</strong></span> <span class='ocrx_word' id='word_1_6' title='bbox 489 369 550 441; x_wconf 85' lang='grc' dir='ltr'><strong>(ι)</strong></span> <span class='ocrx_word' id='word_1_7' title='bbox 589 367 766 423; x_wconf 75' lang='lat' dir='ltr'><strong>fiedns</strong></span> <span class='ocrx_word' id='word_1_8' title='bbox 801 381 981 421; x_wconf 80' lang='lat' dir='ltr'><strong>meum</strong></span> <span class='ocrx_word' id='word_1_9' title='bbox 1029 364 1134 420; x_wconf 90' lang='lat' dir='ltr'><strong>diei</strong></span> <span class='ocrx_word' id='word_1_10' title='bbox 1183 373 1237 419; x_wconf 88' lang='lat' dir='ltr'><strong>et</strong></span> <span class='ocrx_word' id='word_1_11' title='bbox 1288 363 1487 426; x_wconf 90' lang='lat' dir='ltr'><strong>noctis,</strong></span> <span class='ocrx_word' id='word_1_12' title='bbox 1532 374 1734 420; x_wconf 87' lang='lat' dir='ltr'><strong>statuta</strong></span> <span class='ocrx_word' id='word_1_13' title='bbox 1766 367 1888 421; x_wconf 83' lang='lat' dir='ltr'><strong>coeli</strong></span> <span class='ocrx_word' id='word_1_14' title='bbox 1923 376 1978 421; x_wconf 90' lang='lat' dir='ltr'><strong>et</strong></span> <span class='ocrx_word' id='word_1_15' title='bbox 2005 373 2049 430; x_wconf 80' lang='grc' dir='ltr'><strong>Α</strong></span> <span class='ocrx_word' id='word_1_16' title='bbox 2081 366 2245 420; x_wconf 89' lang='lat' dir='ltr'><strong>miam</strong></span> <span class='ocrx_word' id='word_1_17' title='bbox 2297 381 2328 420; x_wconf 87' lang='lat' dir='ltr'><strong>a</strong></span> <span class='ocrx_word' id='word_1_18' title='bbox 2374 365 2628 428; x_wconf 90' lang='lat' dir='ltr'><strong>Domino,</strong></span> <span class='ocrx_word' id='word_1_19' title='bbox 2667 364 2857 420; x_wconf 88' lang='lat' dir='ltr'><strong>dicens</strong></span> <span class='ocrx_word' id='word_1_20' title='bbox 2890 381 2905 418; x_wconf 88' lang='lat'><strong>:</strong></span> <span class='ocrx_word' id='word_1_21' title='bbox 2956 363 3040 418; x_wconf 79' lang='lat' dir='ltr'><strong>l3.</strong></span> <span class='ocrx_word' id='word_1_22' title='bbox 3085 363 3176 420; x_wconf 85' lang='lat' dir='ltr'><strong>Sic</strong></span> <span class='ocrx_word' id='word_1_23' title='bbox 3209 364 3357 420; x_wconf 95' lang='lat' dir='ltr'><strong>dixit</strong></span> <span class='ocrx_word' id='word_1_24' title='bbox 3396 367 3654 424; x_wconf 79' lang='lat' dir='ltr'><strong>Dominus</strong></span> 
     </span>
    </p>
   </div>
   <div class='ocr_carea' id='block_1_5' title="bbox 399 456 1976 520">
    <p class='ocr_par' dir='ltr' id='par_1_5' title="bbox 399 456 1976 520">
     <span class='ocr_line' id='line_1_5' title="bbox 399 456 1976 520; baseline -0.001 -6"><span class='ocrx_word' id='word_1_25' title='bbox 399 473 555 514; x_wconf 69' lang='lat' dir='ltr'><strong>terra!</strong></span> <span class='ocrx_word' id='word_1_26' title='bbox 606 475 712 512; x_wconf 91' lang='lat' dir='ltr'><strong>non</strong></span> <span class='ocrx_word' id='word_1_27' title='bbox 762 459 1032 519; x_wconf 85' lang='lat' dir='ltr'><strong>ordinavi,</strong></span> <span class='ocrx_word' id='word_1_28' title='bbox 1070 456 1163 510; x_wconf 69' lang='lat'><strong>26.</strong></span> <span class='ocrx_word' id='word_1_29' title='bbox 1213 457 1378 510; x_wconf 85' lang='lat' dir='ltr'><strong>etiam</strong></span> <span class='ocrx_word' id='word_1_30' title='bbox 1423 471 1605 510; x_wconf 84' lang='lat' dir='ltr'><strong>semen</strong></span> <span class='ocrx_word' id='word_1_31' title='bbox 1660 457 1886 520; x_wconf 89' lang='lat' dir='ltr'><strong>Jacobi,</strong></span> <span class='ocrx_word' id='word_1_32' title='bbox 1921 469 1976 513; x_wconf 91' lang='lat' dir='ltr'><strong>et</strong></span> 
     </span>
    </p>
   </div>
   <div class='ocr_carea' id='block_1_6' title="bbox 403 547 1974 618">
    <p class='ocr_par' dir='ltr' id='par_1_6' title="bbox 403 547 1974 618">
     <span class='ocr_line' id='line_1_6' title="bbox 403 547 1974 618; baseline -0.001 -15"><span class='ocrx_word' id='word_1_33' title='bbox 403 552 640 614; x_wconf 82' lang='lat' dir='ltr'><strong>Davidis,</strong></span> <span class='ocrx_word' id='word_1_34' title='bbox 682 550 824 604; x_wconf 85' lang='lat' dir='ltr'><strong>servi</strong></span> <span class='ocrx_word' id='word_1_35' title='bbox 860 550 989 611; x_wconf 91' lang='lat' dir='ltr'><strong>mei,</strong></span> <span class='ocrx_word' id='word_1_36' title='bbox 1021 547 1346 618; x_wconf 79' lang='lat' dir='ltr'><strong>reprohabo,</strong></span> <span class='ocrx_word' id='word_1_37' title='bbox 1380 558 1440 600; x_wconf 85' lang='grc' dir='ltr'><strong>ιιι</strong></span> <span class='ocrx_word' id='word_1_38' title='bbox 1488 563 1595 600; x_wconf 87' lang='lat' dir='ltr'><strong>non</strong></span> <span class='ocrx_word' id='word_1_39' title='bbox 1649 562 1863 602; x_wconf 91' lang='lat' dir='ltr'><strong>sumam</strong></span> <span class='ocrx_word' id='word_1_40' title='bbox 1908 564 1974 602; x_wconf 79' lang='lat' dir='ltr'><strong>cx</strong></span> 
     </span>
    </p>
   </div>
   <div class='ocr_carea' id='block_1_7' title="bbox 397 637 1976 711">
    <p class='ocr_par' dir='ltr' id='par_1_7' title="bbox 397 637 1976 711">
     <span class='ocr_line' id='line_1_7' title="bbox 397 637 1976 711; baseline -0.003 -15"><span class='ocrx_word' id='word_1_41' title='bbox 397 644 604 697; x_wconf 87' lang='lat' dir='ltr'><strong>semine</strong></span> <span class='ocrx_word' id='word_1_42' title='bbox 654 642 774 710; x_wconf 71' lang='lat' dir='ltr'><strong>ejus</strong></span> <span class='ocrx_word' id='word_1_43' title='bbox 828 640 1126 711; x_wconf 83' lang='lat' dir='ltr'><strong>principem</strong></span> <span class='ocrx_word' id='word_1_44' title='bbox 1177 638 1244 692; x_wconf 89' lang='lat' dir='ltr'><strong>ad</strong></span> <span class='ocrx_word' id='word_1_45' title='bbox 1305 653 1491 691; x_wconf 88' lang='lat' dir='ltr'><strong>semen</strong></span> <span class='ocrx_word' id='word_1_46' title='bbox 1556 637 1872 700; x_wconf 78' lang='lat' dir='ltr'><strong>Abrahami,</strong></span> <span class='ocrx_word' id='word_1_47' title='bbox 1921 647 1976 692; x_wconf 90' lang='lat' dir='ltr'><strong>et</strong></span> 
     </span>
    </p>
   </div>
   <div class='ocr_carea' id='block_1_8' title="bbox 400 728 1974 796">
    <p class='ocr_par' dir='ltr' id='par_1_8' title="bbox 400 728 1974 796">
     <span class='ocr_line' id='line_1_8' title="bbox 400 728 1974 796; baseline 0.001 -15"><span class='ocrx_word' id='word_1_48' title='bbox 400 729 602 793; x_wconf 88' lang='lat' dir='ltr'><strong>lsaaci,</strong></span> <span class='ocrx_word' id='word_1_49' title='bbox 647 738 701 783; x_wconf 93' lang='lat' dir='ltr'><strong>ct</strong></span> <span class='ocrx_word' id='word_1_50' title='bbox 733 728 956 791; x_wconf 80' lang='lat' dir='ltr'><strong>Jacobi;</strong></span> <span class='ocrx_word' id='word_1_51' title='bbox 1003 729 1135 796; x_wconf 87' lang='lat' dir='ltr'><strong>quia</strong></span> <span class='ocrx_word' id='word_1_52' title='bbox 1192 734 1507 781; x_wconf 91' lang='lat' dir='ltr'><strong>convertam</strong></span> <span class='ocrx_word' id='word_1_53' title='bbox 1563 729 1974 782; x_wconf 79' lang='lat' dir='ltr'><strong>conversionem</strong></span> 
     </span>
    </p>
   </div>
   <div class='ocr_carea' id='block_1_9' title="bbox 387 805 1251 881">
    <p class='ocr_par' dir='ltr' id='par_1_9' title="bbox 387 805 1251 881">
     <span class='ocr_line' id='line_1_9' title="bbox 387 805 1251 881; baseline -0.006 -7"><span class='ocrx_word' id='word_1_54' title='bbox 387 805 608 881; x_wconf 83' lang='lat' dir='ltr'><strong>eorum,</strong></span> <span class='ocrx_word' id='word_1_55' title='bbox 637 829 693 873; x_wconf 88' lang='lat' dir='ltr'><strong>et</strong></span> <span class='ocrx_word' id='word_1_56' title='bbox 717 818 1014 872; x_wconf 77' lang='lat' dir='ltr'><strong>miserebor</strong></span> <span class='ocrx_word' id='word_1_57' title='bbox 1037 832 1251 871; x_wconf 89' lang='lat' dir='ltr'><strong>eorum.</strong></span> 
     </span>
    </p>
   </div>
   <div class='ocr_carea' id='block_1_10' title="bbox 468 905 1966 977">
    <p class='ocr_par' dir='ltr' id='par_1_10' title="bbox 468 905 1966 977">
     <span class='ocr_line' id='line_1_10' title="bbox 468 905 1966 977; baseline 0 -15"><span class='ocrx_word' id='word_1_58' title='bbox 468 909 598 977; x_wconf 90' lang='lat' dir='ltr'><strong>Cap.</strong></span> <span class='ocrx_word' id='word_1_59' title='bbox 649 907 964 962; x_wconf 74' lang='lat' dir='ltr'><strong>XXXIV.—</strong></span> <span class='ocrx_word' id='word_1_60' title='bbox 988 907 1038 960; x_wconf 90' lang='grc'><strong>1.</strong></span> <span class='ocrx_word' id='word_1_61' title='bbox 1070 905 1331 967; x_wconf 81' lang='lat' dir='ltr'><strong>Verbum,</strong></span> <span class='ocrx_word' id='word_1_62' title='bbox 1362 907 1504 976; x_wconf 86' lang='lat' dir='ltr'><strong>quod</strong></span> <span class='ocrx_word' id='word_1_63' title='bbox 1543 905 1742 962; x_wconf 88' lang='lat' dir='ltr'><strong>factum</strong></span> <span class='ocrx_word' id='word_1_64' title='bbox 1777 916 1861 963; x_wconf 80' lang='lat' dir='ltr'><strong>est</strong></span> <span class='ocrx_word' id='word_1_65' title='bbox 1897 911 1966 962; x_wconf 89' lang='lat' dir='ltr'><strong>ad</strong></span> 
     </span>
    </p>
   </div>
   <div class='ocr_carea' id='block_1_11' title="bbox 397 995 1963 1068">
    <p class='ocr_par' dir='ltr' id='par_1_11' title="bbox 397 995 1963 1068">
     <span class='ocr_line' id='line_1_11' title="bbox 397 995 1963 1068; baseline 0.001 -17"><span class='ocrx_word' id='word_1_66' title='bbox 397 997 682 1053; x_wconf 85' lang='lat' dir='ltr'><strong>Jeremiam</strong></span> <span class='ocrx_word' id='word_1_67' title='bbox 705 1013 734 1052; x_wconf 93' lang='lat' dir='ltr'><strong>a</strong></span> <span class='ocrx_word' id='word_1_68' title='bbox 770 997 1031 1050; x_wconf 89' lang='lat' dir='ltr'><strong>Domino:</strong></span> <span class='ocrx_word' id='word_1_69' title='bbox 1065 1006 1118 1051; x_wconf 92' lang='lat' dir='ltr'><strong>et</strong></span> <span class='ocrx_word' id='word_1_70' title='bbox 1141 995 1643 1051; x_wconf 81' lang='lat' dir='ltr'><strong>Nabuchodonosor</strong></span> <span class='ocrx_word' id='word_1_71' title='bbox 1659 1013 1748 1052; x_wconf 84' lang='lat' dir='ltr'><strong>rex</strong></span> <span class='ocrx_word' id='word_1_72' title='bbox 1786 998 1963 1068; x_wconf 84' lang='lat' dir='ltr'><strong>Baby-</strong></span> 
     </span>
    </p>
   </div>
   <div class='ocr_carea' id='block_1_12' title="bbox 401 1089 1975 1158">
    <p class='ocr_par' dir='ltr' id='par_1_12' title="bbox 401 1089 1975 1158">
     <span class='ocr_line' id='line_1_12' title="bbox 401 1089 1975 1158; baseline 0.001 -16"><span class='ocrx_word' id='word_1_73' title='bbox 401 1090 563 1151; x_wconf 86' lang='lat' dir='ltr'><strong>lonis,</strong></span> <span class='ocrx_word' id='word_1_74' title='bbox 599 1099 652 1143; x_wconf 91' lang='lat' dir='ltr'><strong>et</strong></span> <span class='ocrx_word' id='word_1_75' title='bbox 695 1090 878 1142; x_wconf 83' lang='lat' dir='ltr'><strong>omnia</strong></span> <span class='ocrx_word' id='word_1_76' title='bbox 928 1097 1109 1144; x_wconf 92' lang='lat' dir='ltr'><strong>castra</strong></span> <span class='ocrx_word' id='word_1_77' title='bbox 1169 1089 1318 1157; x_wconf 89' lang='lat' dir='ltr'><strong>ejus,</strong></span> <span class='ocrx_word' id='word_1_78' title='bbox 1374 1096 1429 1141; x_wconf 91' lang='lat' dir='ltr'><strong>et</strong></span> <span class='ocrx_word' id='word_1_79' title='bbox 1465 1089 1647 1143; x_wconf 89' lang='lat' dir='ltr'><strong>omnis</strong></span> <span class='ocrx_word' id='word_1_80' title='bbox 1683 1089 1779 1158; x_wconf 84' lang='lat' dir='ltr'><strong>(m)</strong></span> <span class='ocrx_word' id='word_1_81' title='bbox 1829 1099 1975 1144; x_wconf 89' lang='lat' dir='ltr'><strong>terra</strong></span> 
     </span>
    </p>
   </div>
   <div class='ocr_carea' id='block_1_13' title="bbox 402 1179 1978 1250">
    <p class='ocr_par' dir='ltr' id='par_1_13' title="bbox 402 1179 1978 1250">
     <span class='ocr_line' id='line_1_13' title="bbox 402 1179 1978 1250; baseline 0.002 -19"><span class='ocrx_word' id='word_1_82' title='bbox 402 1180 735 1249; x_wconf 78' lang='lat' dir='ltr'><strong>principatus</strong></span> <span class='ocrx_word' id='word_1_83' title='bbox 767 1183 832 1248; x_wconf 61' lang='grc' dir='ltr'>Χ</span> <span class='ocrx_word' id='word_1_84' title='bbox 861 1196 1053 1234; x_wconf 89' lang='lat' dir='ltr'><strong>manus</strong></span> <span class='ocrx_word' id='word_1_85' title='bbox 1084 1179 1106 1247; x_wconf 96' lang='lat'><strong>1</strong></span> <span class='ocrx_word' id='word_1_86' title='bbox 1146 1181 1290 1249; x_wconf 89' lang='lat' dir='ltr'><strong>ejus,</strong></span> <span class='ocrx_word' id='word_1_87' title='bbox 1332 1189 1384 1234; x_wconf 84' lang='lat' dir='ltr'><strong>et</strong></span> <span class='ocrx_word' id='word_1_88' title='bbox 1429 1195 1621 1234; x_wconf 88' lang='lat' dir='ltr'><strong>omnes</strong></span> <span class='ocrx_word' id='word_1_89' title='bbox 1652 1181 1838 1250; x_wconf 91' lang='lat' dir='ltr'><strong>populi</strong></span> <span class='ocrx_word' id='word_1_90' title='bbox 1876 1196 1978 1250; x_wconf 81' lang='lat' dir='ltr'><strong>pu-</strong></span> 
     </span>
    </p>
   </div>
   <div class='ocr_carea' id='block_1_14' title="bbox 400 1270 1977 1340">
    <p class='ocr_par' dir='ltr' id='par_1_14' title="bbox 400 1270 1977 1340">
     <span class='ocr_line' id='line_1_14' title="bbox 400 1270 1977 1340; baseline 0.001 -16"><span class='ocrx_word' id='word_1_91' title='bbox 400 1274 639 1340; x_wconf 85' lang='lat' dir='ltr'><strong>gnabant</strong></span> <span class='ocrx_word' id='word_1_92' title='bbox 673 1287 837 1340; x_wconf 89' lang='lat' dir='ltr'><strong>super</strong></span> <span class='ocrx_word' id='word_1_93' title='bbox 893 1270 1220 1336; x_wconf 80' lang='lat' dir='ltr'><strong>Jerusalem,</strong></span> <span class='ocrx_word' id='word_1_94' title='bbox 1263 1281 1320 1326; x_wconf 91' lang='lat' dir='ltr'><strong>et</strong></span> <span class='ocrx_word' id='word_1_95' title='bbox 1355 1287 1520 1340; x_wconf 85' lang='lat' dir='ltr'><strong>super</strong></span> <span class='ocrx_word' id='word_1_96' title='bbox 1580 1288 1772 1327; x_wconf 85' lang='lat' dir='ltr'><strong>omnes</strong></span> <span class='ocrx_word' id='word_1_97' title='bbox 1813 1272 1977 1326; x_wconf 85' lang='lat' dir='ltr'><strong>urbes</strong></span> 
     </span>
    </p>
   </div>
   <div class='ocr_carea' id='block_1_15' title="bbox 397 1362 1972 1424">
    <p class='ocr_par' dir='ltr' id='par_1_15' title="bbox 397 1362 1972 1424">
     <span class='ocr_line' id='line_1_15' title="bbox 397 1362 1972 1424; baseline 0.002 -10"><span class='ocrx_word' id='word_1_98' title='bbox 397 1362 570 1424; x_wconf 71' lang='lat' dir='ltr'><strong>Judze,</strong></span> <span class='ocrx_word' id='word_1_99' title='bbox 601 1363 788 1416; x_wconf 84' lang='lat' dir='ltr'><strong>dicens</strong></span> <span class='ocrx_word' id='word_1_100' title='bbox 818 1381 832 1417; x_wconf 89' lang='lat'>:</span> <span class='ocrx_word' id='word_1_101' title='bbox 863 1362 918 1416; x_wconf 72' lang='lat'><strong>2.</strong></span> <span class='ocrx_word' id='word_1_102' title='bbox 956 1362 1046 1416; x_wconf 87' lang='lat' dir='ltr'><strong>Sic</strong></span> <span class='ocrx_word' id='word_1_103' title='bbox 1080 1364 1218 1416; x_wconf 79' lang='lat' dir='ltr'><strong>dixit</strong></span> <span class='ocrx_word' id='word_1_104' title='bbox 1259 1362 1524 1416; x_wconf 67' lang='lat' dir='ltr'><strong>Dominus</strong></span> <span class='ocrx_word' id='word_1_105' title='bbox 1554 1363 1694 1418; x_wconf 90' lang='lat' dir='ltr'><strong>Deus</strong></span> <span class='ocrx_word' id='word_1_106' title='bbox 1717 1363 1930 1418; x_wconf 91' lang='lat' dir='ltr'><strong>lsraelis</strong></span> <span class='ocrx_word' id='word_1_107' title='bbox 1957 1380 1972 1417; x_wconf 89' lang='lat'><strong>:</strong></span> 
     </span>
    </p>
   </div>
   <div class='ocr_carea' id='block_1_16' title="bbox 405 1448 1976 1521">
    <p class='ocr_par' dir='ltr' id='par_1_16' title="bbox 405 1448 1976 1521">
     <span class='ocr_line' id='line_1_16' title="bbox 405 1448 1976 1521; baseline 0.003 -20"><span class='ocrx_word' id='word_1_108' title='bbox 405 1448 566 1512; x_wconf 86' lang='lat' dir='ltr'><strong>Vade,</strong></span> <span class='ocrx_word' id='word_1_109' title='bbox 599 1451 669 1517; x_wconf 61' lang='grc' dir='ltr'><strong>»ξ</strong></span> <span class='ocrx_word' id='word_1_110' title='bbox 704 1450 791 1504; x_wconf 89' lang='lat' dir='ltr'><strong>dic</strong></span> <span class='ocrx_word' id='word_1_111' title='bbox 831 1451 853 1518; x_wconf 96' lang='lat'><strong>1</strong></span> <span class='ocrx_word' id='word_1_112' title='bbox 886 1451 951 1505; x_wconf 92' lang='lat' dir='ltr'><strong>ad</strong></span> <span class='ocrx_word' id='word_1_113' title='bbox 988 1450 1275 1505; x_wconf 88' lang='lat' dir='ltr'><strong>Sedeciam</strong></span> <span class='ocrx_word' id='word_1_114' title='bbox 1304 1467 1484 1521; x_wconf 80' lang='lat' dir='ltr'><strong>regem</strong></span> <span class='ocrx_word' id='word_1_115' title='bbox 1529 1449 1704 1514; x_wconf 74' lang='lat' dir='ltr'><strong>Judze,</strong></span> <span class='ocrx_word' id='word_1_116' title='bbox 1736 1459 1792 1505; x_wconf 90' lang='lat' dir='ltr'><strong>et</strong></span> <span class='ocrx_word' id='word_1_117' title='bbox 1825 1449 1976 1506; x_wconf 85' lang='lat' dir='ltr'><strong>dices</strong></span> 
     </span>
    </p>
   </div>
   <div class='ocr_carea' id='block_1_17' title="bbox 401 1539 1977 1610">
    <p class='ocr_par' dir='ltr' id='par_1_17' title="bbox 401 1539 1977 1610">
     <span class='ocr_line' id='line_1_17' title="bbox 401 1539 1977 1610; baseline 0.002 -17"><span class='ocrx_word' id='word_1_118' title='bbox 401 1542 448 1593; x_wconf 89' lang='lat' dir='ltr'><strong>ei</strong></span> <span class='ocrx_word' id='word_1_119' title='bbox 480 1556 494 1592; x_wconf 87' lang='lat'><strong>:</strong></span> <span class='ocrx_word' id='word_1_120' title='bbox 530 1539 622 1595; x_wconf 87' lang='lat' dir='ltr'><strong>Sic</strong></span> <span class='ocrx_word' id='word_1_121' title='bbox 653 1542 791 1595; x_wconf 85' lang='lat' dir='ltr'><strong>dixit</strong></span> <span class='ocrx_word' id='word_1_122' title='bbox 817 1541 1081 1596; x_wconf 88' lang='lat' dir='ltr'><strong>Dominus</strong></span> <span class='ocrx_word' id='word_1_123' title='bbox 1109 1560 1121 1596; x_wconf 94' lang='lat'>:</span> <span class='ocrx_word' id='word_1_124' title='bbox 1157 1547 1234 1610; x_wconf 86' lang='grc' dir='ltr'><strong>(η)</strong></span> <span class='ocrx_word' id='word_1_125' title='bbox 1259 1542 1548 1598; x_wconf 88' lang='lat' dir='ltr'><strong>Tradendo</strong></span> <span class='ocrx_word' id='word_1_126' title='bbox 1581 1542 1824 1597; x_wconf 89' lang='lat' dir='ltr'><strong>tradetur</strong></span> <span class='ocrx_word' id='word_1_127' title='bbox 1845 1542 1977 1596; x_wconf 84' lang='lat' dir='ltr'><strong>urbs</strong></span> 
     </span>
    </p>
   </div>
   <div class='ocr_carea' id='block_1_18' title="bbox 404 1632 1974 1704">
    <p class='ocr_par' dir='ltr' id='par_1_18' title="bbox 404 1632 1974 1704">
     <span class='ocr_line' id='line_1_18' title="bbox 404 1632 1974 1704; baseline 0.001 -20"><span class='ocrx_word' id='word_1_128' title='bbox 404 1633 518 1686; x_wconf 67' lang='lat' dir='ltr'><strong>haec</strong></span> <span class='ocrx_word' id='word_1_129' title='bbox 554 1633 606 1686; x_wconf 92' lang='lat' dir='ltr'><strong>in</strong></span> <span class='ocrx_word' id='word_1_130' title='bbox 649 1648 846 1687; x_wconf 90' lang='lat' dir='ltr'><strong>manus</strong></span> <span class='ocrx_word' id='word_1_131' title='bbox 891 1633 1035 1699; x_wconf 74' lang='lat' dir='ltr'><strong>regis</strong></span> <span class='ocrx_word' id='word_1_132' title='bbox 1077 1632 1407 1704; x_wconf 79' lang='lat' dir='ltr'><strong>Babylonis:</strong></span> <span class='ocrx_word' id='word_1_133' title='bbox 1443 1633 1515 1702; x_wconf 88' lang='grc' dir='ltr'><strong>(ο)</strong></span> <span class='ocrx_word' id='word_1_134' title='bbox 1552 1641 1605 1688; x_wconf 87' lang='lat' dir='ltr'><strong>et</strong></span> <span class='ocrx_word' id='word_1_135' title='bbox 1643 1633 1819 1699; x_wconf 89' lang='lat' dir='ltr'><strong>capiet</strong></span> <span class='ocrx_word' id='word_1_136' title='bbox 1854 1647 1974 1687; x_wconf 88' lang='lat' dir='ltr'><strong>eam</strong></span> 
     </span>
    </p>
   </div>
   <div class='ocr_carea' id='block_1_19' title="bbox 401 1703 2051 1808">
    <p class='ocr_par' dir='ltr' id='par_1_19' title="bbox 401 1703 2051 1808">
     <span class='ocr_line' id='line_1_19' title="bbox 401 1703 2051 1808; baseline 0.001 -33"><span class='ocrx_word' id='word_1_137' title='bbox 401 1722 479 1808; x_wconf 63' lang='lat' dir='ltr'><strong>ip)</strong></span> <span class='ocrx_word' id='word_1_138' title='bbox 514 1722 567 1775; x_wconf 92' lang='lat' dir='ltr'><strong>in</strong></span> <span class='ocrx_word' id='word_1_139' title='bbox 610 1722 750 1792; x_wconf 86' lang='lat' dir='ltr'><strong>igne.</strong></span> <span class='ocrx_word' id='word_1_140' title='bbox 790 1723 843 1776; x_wconf 80' lang='grc'><strong>5.</strong></span> <span class='ocrx_word' id='word_1_141' title='bbox 871 1721 936 1776; x_wconf 86' lang='lat' dir='ltr'><strong>Et</strong></span> <span class='ocrx_word' id='word_1_142' title='bbox 979 1732 1034 1776; x_wconf 92' lang='lat' dir='ltr'><strong>tu</strong></span> <span class='ocrx_word' id='word_1_143' title='bbox 1077 1703 1204 1776; x_wconf 88' lang='lat' dir='ltr'><strong>non</strong></span> <span class='ocrx_word' id='word_1_144' title='bbox 1232 1723 1430 1778; x_wconf 81' lang='lat' dir='ltr'><strong>evades</strong></span> <span class='ocrx_word' id='word_1_145' title='bbox 1473 1737 1504 1777; x_wconf 91' lang='lat' dir='ltr'><strong>e</strong></span> <span class='ocrx_word' id='word_1_146' title='bbox 1547 1738 1711 1776; x_wconf 90' lang='lat' dir='ltr'><strong>manu</strong></span> <span class='ocrx_word' id='word_1_147' title='bbox 1743 1721 1886 1792; x_wconf 87' lang='lat' dir='ltr'><strong>ejus,</strong></span> <span class='ocrx_word' id='word_1_148' title='bbox 1919 1730 1976 1777; x_wconf 87' lang='lat' dir='ltr'><strong>et</strong></span> <span class='ocrx_word' id='word_1_149' title='bbox 2007 1703 2051 1762; x_wconf 77' lang='grc' dir='ltr'><strong>Β</strong></span> 
     </span>
    </p>
   </div>
   <div class='ocr_carea' id='block_1_20' title="bbox 404 1811 1975 1882">
    <p class='ocr_par' dir='ltr' id='par_1_20' title="bbox 404 1811 1975 1882">
     <span class='ocr_line' id='line_1_20' title="bbox 404 1811 1975 1882; baseline -0.001 -15"><span class='ocrx_word' id='word_1_150' title='bbox 404 1813 668 1881; x_wconf 73' lang='lat' dir='ltr'><strong>capiendo</strong></span> <span class='ocrx_word' id='word_1_151' title='bbox 713 1811 964 1882; x_wconf 83' lang='lat' dir='ltr'><strong>capieris,</strong></span> <span class='ocrx_word' id='word_1_152' title='bbox 1017 1820 1072 1866; x_wconf 91' lang='lat' dir='ltr'><strong>et</strong></span> <span class='ocrx_word' id='word_1_153' title='bbox 1124 1812 1178 1865; x_wconf 93' lang='lat' dir='ltr'><strong>in</strong></span> <span class='ocrx_word' id='word_1_154' title='bbox 1228 1827 1424 1866; x_wconf 88' lang='lat' dir='ltr'><strong>manus</strong></span> <span class='ocrx_word' id='word_1_155' title='bbox 1473 1813 1593 1881; x_wconf 84' lang='lat' dir='ltr'><strong>ejus</strong></span> <span class='ocrx_word' id='word_1_156' title='bbox 1629 1812 1888 1868; x_wconf 89' lang='lat' dir='ltr'><strong>daberis:</strong></span> <span class='ocrx_word' id='word_1_157' title='bbox 1919 1819 1975 1866; x_wconf 90' lang='lat' dir='ltr'><strong>et</strong></span> 
     </span>
    </p>
   </div>
   <div class='ocr_carea' id='block_1_21' title="bbox 403 1895 1974 1972">
    <p class='ocr_par' dir='ltr' id='par_1_21' title="bbox 403 1895 1974 1972">
     <span class='ocr_line' id='line_1_21' title="bbox 403 1895 1974 1972; baseline -0.001 -12"><span class='ocrx_word' id='word_1_158' title='bbox 403 1895 556 1960; x_wconf 65' lang='lat' dir='ltr'><strong>mn.</strong></span> <span class='ocrx_word' id='word_1_159' title='bbox 584 1902 662 1957; x_wconf 78' lang='lat' dir='ltr'><strong>tui</strong></span> <span class='ocrx_word' id='word_1_160' title='bbox 693 1902 883 1956; x_wconf 82' lang='lat' dir='ltr'><strong>oculos</strong></span> <span class='ocrx_word' id='word_1_161' title='bbox 910 1900 982 1971; x_wconf 70' lang='grc' dir='ltr'><strong>(τι)</strong></span> <span class='ocrx_word' id='word_1_162' title='bbox 1013 1902 1156 1970; x_wconf 87' lang='lat' dir='ltr'><strong>regis</strong></span> <span class='ocrx_word' id='word_1_163' title='bbox 1195 1900 1490 1972; x_wconf 86' lang='lat' dir='ltr'><strong>Babylonis</strong></span> <span class='ocrx_word' id='word_1_164' title='bbox 1521 1901 1800 1966; x_wconf 86' lang='lat' dir='ltr'><strong>videbunt,</strong></span> <span class='ocrx_word' id='word_1_165' title='bbox 1831 1911 1886 1957; x_wconf 90' lang='lat' dir='ltr'><strong>et</strong></span> <span class='ocrx_word' id='word_1_166' title='bbox 1911 1917 1974 1958; x_wconf 82' lang='lat' dir='ltr'><strong>os</strong></span> 
     </span>
    </p>
   </div>
   <div class='ocr_carea' id='block_1_22' title="bbox 403 1993 1978 2065">
    <p class='ocr_par' dir='ltr' id='par_1_22' title="bbox 403 1993 1978 2065">
     <span class='ocr_line' id='line_1_22' title="bbox 403 1993 1978 2065; baseline -0.001 -15"><span class='ocrx_word' id='word_1_167' title='bbox 403 1993 525 2065; x_wconf 80' lang='lat' dir='ltr'><strong>ejus</strong></span> <span class='ocrx_word' id='word_1_168' title='bbox 558 2009 682 2052; x_wconf 79' lang='lat' dir='ltr'><strong>cum</strong></span> <span class='ocrx_word' id='word_1_169' title='bbox 722 2003 936 2054; x_wconf 74' lang='lat' dir='ltr'><strong>oretuo</strong></span> <span class='ocrx_word' id='word_1_170' title='bbox 961 1993 1231 2064; x_wconf 82' lang='lat' dir='ltr'><strong>loquetur,</strong></span> <span class='ocrx_word' id='word_1_171' title='bbox 1252 2002 1306 2048; x_wconf 93' lang='lat' dir='ltr'><strong>et</strong></span> <span class='ocrx_word' id='word_1_172' title='bbox 1339 1996 1391 2047; x_wconf 91' lang='lat' dir='ltr'><strong>in</strong></span> <span class='ocrx_word' id='word_1_173' title='bbox 1417 1993 1744 2064; x_wconf 82' lang='lat' dir='ltr'><strong>Babylonem</strong></span> <span class='ocrx_word' id='word_1_174' title='bbox 1778 1994 1978 2063; x_wconf 79' lang='lat' dir='ltr'><strong>ingre-</strong></span> 
     </span>
    </p>
   </div>
   <div class='ocr_carea' id='block_1_23' title="bbox 405 2082 1974 2146">
    <p class='ocr_par' dir='ltr' id='par_1_23' title="bbox 405 2082 1974 2146">
     <span class='ocr_line' id='line_1_23' title="bbox 405 2082 1974 2146; baseline -0.003 -4"><span class='ocrx_word' id='word_1_175' title='bbox 405 2087 668 2143; x_wconf 63' lang='lat' dir='ltr'><strong>dierisJ.</strong></span> <span class='ocrx_word' id='word_1_176' title='bbox 707 2085 816 2142; x_wconf 85' lang='lat' dir='ltr'><strong>Sed</strong></span> <span class='ocrx_word' id='word_1_177' title='bbox 851 2086 982 2141; x_wconf 74' lang='lat' dir='ltr'><strong>audi</strong></span> <span class='ocrx_word' id='word_1_178' title='bbox 1037 2085 1261 2142; x_wconf 62' lang='lat' dir='ltr'><strong>verbum</strong></span> <span class='ocrx_word' id='word_1_179' title='bbox 1316 2082 1556 2146; x_wconf 87' lang='lat' dir='ltr'><strong>Domini,</strong></span> <span class='ocrx_word' id='word_1_180' title='bbox 1600 2082 1824 2138; x_wconf 89' lang='lat' dir='ltr'><strong>Sedecia</strong></span> <span class='ocrx_word' id='word_1_181' title='bbox 1881 2097 1974 2138; x_wconf 85' lang='lat' dir='ltr'><strong>rex</strong></span> 
     </span>
    </p>
   </div>
   <div class='ocr_carea' id='block_1_24' title="bbox 404 2174 1978 2244">
    <p class='ocr_par' dir='ltr' id='par_1_24' title="bbox 404 2174 1978 2244">
     <span class='ocr_line' id='line_1_24' title="bbox 404 2174 1978 2244; baseline -0.003 -10"><span class='ocrx_word' id='word_1_182' title='bbox 404 2180 555 2234; x_wconf 66' lang='lat' dir='ltr'><strong>Jmlze</strong></span> <span class='ocrx_word' id='word_1_183' title='bbox 583 2201 597 2233; x_wconf 87' lang='lat'><strong>:</strong></span> <span class='ocrx_word' id='word_1_184' title='bbox 632 2179 711 2234; x_wconf 88' lang='lat' dir='ltr'><strong>sic</strong></span> <span class='ocrx_word' id='word_1_185' title='bbox 743 2178 882 2232; x_wconf 90' lang='lat' dir='ltr'><strong>dixit</strong></span> <span class='ocrx_word' id='word_1_186' title='bbox 914 2176 1178 2233; x_wconf 77' lang='lat' dir='ltr'><strong>Dominus</strong></span> <span class='ocrx_word' id='word_1_187' title='bbox 1209 2178 1285 2244; x_wconf 21' lang='grc' dir='ltr'><strong>Χ,</strong></span> <span class='ocrx_word' id='word_1_188' title='bbox 1305 2175 1373 2228; x_wconf 90' lang='lat' dir='ltr'><strong>de</strong></span> <span class='ocrx_word' id='word_1_189' title='bbox 1398 2181 1452 2228; x_wconf 88' lang='lat' dir='ltr'><strong>te</strong></span> <span class='ocrx_word' id='word_1_190' title='bbox 1483 2175 1542 2242; x_wconf 88' lang='lat'><strong>1:</strong></span> <span class='ocrx_word' id='word_1_191' title='bbox 1578 2174 1695 2228; x_wconf 83' lang='lat' dir='ltr'><strong>Non</strong></span> <span class='ocrx_word' id='word_1_192' title='bbox 1728 2174 1978 2230; x_wconf 81' lang='lat' dir='ltr'><strong>morieris</strong></span> 
     </span>
    </p>
   </div>
   <div class='ocr_carea' id='block_1_25' title="bbox 407 2265 1977 2341">
    <p class='ocr_par' dir='ltr' id='par_1_25' title="bbox 407 2265 1977 2341">
     <span class='ocr_line' id='line_1_25' title="bbox 407 2265 1977 2341; baseline -0.003 -17"><span class='ocrx_word' id='word_1_193' title='bbox 407 2273 461 2325; x_wconf 90' lang='lat' dir='ltr'><strong>in</strong></span> <span class='ocrx_word' id='word_1_194' title='bbox 488 2272 685 2341; x_wconf 87' lang='lat' dir='ltr'><strong>gladio,</strong></span> <span class='ocrx_word' id='word_1_195' title='bbox 711 2270 765 2324; x_wconf 83' lang='lat'><strong>5.</strong></span> <span class='ocrx_word' id='word_1_196' title='bbox 793 2270 846 2323; x_wconf 88' lang='lat' dir='ltr'><strong>itt</strong></span> <span class='ocrx_word' id='word_1_197' title='bbox 875 2283 1006 2338; x_wconf 77' lang='lat' dir='ltr'><strong>pace</strong></span> <span class='ocrx_word' id='word_1_198' title='bbox 1033 2268 1292 2326; x_wconf 75' lang='lat' dir='ltr'><strong>morieris.</strong></span> <span class='ocrx_word' id='word_1_199' title='bbox 1310 2287 1324 2323; x_wconf 88' lang='lat'>:</span> <span class='ocrx_word' id='word_1_200' title='bbox 1345 2268 1416 2339; x_wconf 86' lang='lat' dir='ltr'><strong>(r)</strong></span> <span class='ocrx_word' id='word_1_201' title='bbox 1452 2275 1507 2322; x_wconf 82' lang='lat' dir='ltr'><strong>et</strong></span> <span class='ocrx_word' id='word_1_202' title='bbox 1545 2266 1688 2321; x_wconf 90' lang='lat' dir='ltr'><strong>sicut</strong></span> <span class='ocrx_word' id='word_1_203' title='bbox 1721 2265 1977 2334; x_wconf 60' lang='lat' dir='ltr'><strong>deplora-</strong></span> 
     </span>
    </p>
   </div>
   <div class='ocr_carea' id='block_1_26' title="bbox 407 2356 1981 2430">
    <p class='ocr_par' dir='ltr' id='par_1_26' title="bbox 407 2356 1981 2430">
     <span class='ocr_line' id='line_1_26' title="bbox 407 2356 1981 2430; baseline -0.004 -13"><span class='ocrx_word' id='word_1_204' title='bbox 407 2372 533 2417; x_wconf 89' lang='lat' dir='ltr'><strong>runt</strong></span> <span class='ocrx_word' id='word_1_205' title='bbox 568 2370 747 2430; x_wconf 85' lang='lat' dir='ltr'><strong>patres</strong></span> <span class='ocrx_word' id='word_1_206' title='bbox 787 2370 928 2421; x_wconf 86' lang='lat' dir='ltr'><strong>tuos,</strong></span> <span class='ocrx_word' id='word_1_207' title='bbox 961 2360 1054 2430; x_wconf 90' lang='lat' dir='ltr'><strong>qui</strong></span> <span class='ocrx_word' id='word_1_208' title='bbox 1107 2368 1408 2427; x_wconf 76' lang='lat' dir='ltr'><strong>regnarunt</strong></span> <span class='ocrx_word' id='word_1_209' title='bbox 1463 2366 1596 2412; x_wconf 88' lang='lat' dir='ltr'><strong>ante</strong></span> <span class='ocrx_word' id='word_1_210' title='bbox 1635 2360 1702 2424; x_wconf 73' lang='grc' dir='ltr'><strong>&gt;ε&lt;</strong></span> <span class='ocrx_word' id='word_1_211' title='bbox 1737 2356 1829 2426; x_wconf 91' lang='lat' dir='ltr'><strong>qui</strong></span> <span class='ocrx_word' id='word_1_212' title='bbox 1865 2356 1981 2411; x_wconf 83' lang='lat' dir='ltr'><strong>fue-</strong></span> 
     </span>
    </p>
   </div>
   <div class='ocr_carea' id='block_1_27' title="bbox 406 2449 1981 2519">
    <p class='ocr_par' dir='ltr' id='par_1_27' title="bbox 406 2449 1981 2519">
     <span class='ocr_line' id='line_1_27' title="bbox 406 2449 1981 2519; baseline -0.004 -14"><span class='ocrx_word' id='word_1_213' title='bbox 406 2461 534 2505; x_wconf 90' lang='lat' dir='ltr'><strong>runt</strong></span> <span class='ocrx_word' id='word_1_214' title='bbox 564 2451 588 2519; x_wconf 98' lang='lat'><strong>1</strong></span> <span class='ocrx_word' id='word_1_215' title='bbox 620 2460 672 2505; x_wconf 87' lang='lat' dir='ltr'><strong>te</strong></span> <span class='ocrx_word' id='word_1_216' title='bbox 726 2451 812 2519; x_wconf 80' lang='lat'><strong>(‘),</strong></span> <span class='ocrx_word' id='word_1_217' title='bbox 847 2450 925 2504; x_wconf 91' lang='lat' dir='ltr'><strong>sic</strong></span> <span class='ocrx_word' id='word_1_218' title='bbox 971 2449 1327 2518; x_wconf 77' lang='lat' dir='ltr'><strong>deplorabant</strong></span> <span class='ocrx_word' id='word_1_219' title='bbox 1359 2449 1530 2504; x_wconf 72' lang='lat' dir='ltr'><strong>etiam</strong></span> <span class='ocrx_word' id='word_1_220' title='bbox 1579 2455 1652 2510; x_wconf 86' lang='lat' dir='ltr'><strong>te,</strong></span> <span class='ocrx_word' id='word_1_221' title='bbox 1689 2456 1872 2514; x_wconf 70' lang='lat' dir='ltr'><strong>atque,</strong></span> <span class='ocrx_word' id='word_1_222' title='bbox 1901 2459 1981 2499; x_wconf 66' lang='lat' dir='ltr'><strong>va:</strong></span> 
     </span>
    </p>
   </div>
   <div class='ocr_carea' id='block_1_28' title="bbox 408 2535 1981 2610">
    <p class='ocr_par' dir='ltr' id='par_1_28' title="bbox 408 2535 1981 2610">
     <span class='ocr_line' id='line_1_28' title="bbox 408 2535 1981 2610; baseline -0.003 -18"><span class='ocrx_word' id='word_1_223' title='bbox 408 2539 654 2604; x_wconf 83' lang='lat' dir='ltr'><strong>Domine,</strong></span> <span class='ocrx_word' id='word_1_224' title='bbox 681 2541 937 2610; x_wconf 89' lang='lat' dir='ltr'><strong>plangent</strong></span> <span class='ocrx_word' id='word_1_225' title='bbox 973 2547 1046 2601; x_wconf 90' lang='lat' dir='ltr'><strong>te,</strong></span> <span class='ocrx_word' id='word_1_226' title='bbox 1073 2540 1201 2608; x_wconf 90' lang='lat' dir='ltr'><strong>quia</strong></span> <span class='ocrx_word' id='word_1_227' title='bbox 1227 2539 1295 2607; x_wconf 72' lang='grc' dir='ltr'><strong>(ε)</strong></span> <span class='ocrx_word' id='word_1_228' title='bbox 1321 2552 1519 2607; x_wconf 86' lang='lat' dir='ltr'><strong>magna</strong></span> <span class='ocrx_word' id='word_1_229' title='bbox 1545 2539 1614 2605; x_wconf 59' lang='grc' dir='ltr'>Χ</span> <span class='ocrx_word' id='word_1_230' title='bbox 1643 2552 1745 2606; x_wconf 91' lang='lat' dir='ltr'><strong>ego</strong></span> <span class='ocrx_word' id='word_1_231' title='bbox 1776 2536 1797 2602; x_wconf 93' lang='lat'><strong>1</strong></span> <span class='ocrx_word' id='word_1_232' title='bbox 1829 2535 1981 2589; x_wconf 82' lang='lat' dir='ltr'><strong>locu-</strong></span> 
     </span>
    </p>
   </div>
   <div class='ocr_carea' id='block_1_29' title="bbox 407 2626 1979 2695">
    <p class='ocr_par' dir='ltr' id='par_1_29' title="bbox 407 2626 1979 2695">
     <span class='ocr_line' id='line_1_29' title="bbox 407 2626 1979 2695; baseline -0.004 -8"><span class='ocrx_word' id='word_1_233' title='bbox 407 2642 652 2695; x_wconf 87' lang='lat' dir='ltr'><strong>tussutn,</strong></span> <span class='ocrx_word' id='word_1_234' title='bbox 692 2631 825 2684; x_wconf 90' lang='lat' dir='ltr'><strong>dicit</strong></span> <span class='ocrx_word' id='word_1_235' title='bbox 847 2631 1129 2683; x_wconf 90' lang='lat' dir='ltr'><strong>Dominus.</strong></span> <span class='ocrx_word' id='word_1_236' title='bbox 1167 2629 1221 2683; x_wconf 86' lang='lat'><strong>6.</strong></span> <span class='ocrx_word' id='word_1_237' title='bbox 1270 2628 1336 2682; x_wconf 85' lang='lat' dir='ltr'><strong>Et</strong></span> <span class='ocrx_word' id='word_1_238' title='bbox 1364 2629 1584 2682; x_wconf 88' lang='lat' dir='ltr'><strong>locutus</strong></span> <span class='ocrx_word' id='word_1_239' title='bbox 1611 2638 1696 2685; x_wconf 73' lang='lat' dir='ltr'><strong>est</strong></span> <span class='ocrx_word' id='word_1_240' title='bbox 1745 2626 1979 2682; x_wconf 81' lang='lat' dir='ltr'><strong>Jeremia</strong></span> 
     </span>
    </p>
   </div>
   <div class='ocr_carea' id='block_1_30' title="bbox 406 2717 1978 2790">
    <p class='ocr_par' dir='ltr' id='par_1_30' title="bbox 406 2717 1978 2790">
     <span class='ocr_line' id='line_1_30' title="bbox 406 2717 1978 2790; baseline -0.003 -15"><span class='ocrx_word' id='word_1_241' title='bbox 406 2723 668 2790; x_wconf 69' lang='lat' dir='ltr'><strong>propheta</strong></span> <span class='ocrx_word' id='word_1_242' title='bbox 703 2721 768 2775; x_wconf 87' lang='lat' dir='ltr'><strong>ad</strong></span> <span class='ocrx_word' id='word_1_243' title='bbox 813 2719 1094 2774; x_wconf 88' lang='lat' dir='ltr'><strong>Sedcciam</strong></span> <span class='ocrx_word' id='word_1_244' title='bbox 1147 2734 1326 2788; x_wconf 81' lang='lat' dir='ltr'><strong>regem</strong></span> <span class='ocrx_word' id='word_1_245' title='bbox 1381 2717 1536 2772; x_wconf 84' lang='lat' dir='ltr'><strong>Juda:</strong></span> <span class='ocrx_word' id='word_1_246' title='bbox 1591 2718 1782 2776; x_wconf 66' lang='lat' dir='ltr'><strong>omnia.</strong></span> <span class='ocrx_word' id='word_1_247' title='bbox 1816 2718 1978 2771; x_wconf 86' lang='lat' dir='ltr'><strong>verba</strong></span> 
     </span>
    </p>
   </div>
   <div class='ocr_carea' id='block_1_31' title="bbox 407 2809 1980 2882">
    <p class='ocr_par' dir='ltr' id='par_1_31' title="bbox 407 2809 1980 2882">
     <span class='ocr_line' id='line_1_31' title="bbox 407 2809 1980 2882; baseline -0.002 -15"><span class='ocrx_word' id='word_1_248' title='bbox 407 2815 522 2868; x_wconf 72' lang='lat' dir='ltr'><strong>haec</strong></span> <span class='ocrx_word' id='word_1_249' title='bbox 551 2814 603 2866; x_wconf 91' lang='lat' dir='ltr'><strong>in</strong></span> <span class='ocrx_word' id='word_1_250' title='bbox 634 2811 958 2867; x_wconf 78' lang='lat' dir='ltr'><strong>Jerusalem.</strong></span> <span class='ocrx_word' id='word_1_251' title='bbox 1002 2811 1054 2863; x_wconf 88' lang='lat'><strong>7.</strong></span> <span class='ocrx_word' id='word_1_252' title='bbox 1105 2809 1170 2863; x_wconf 82' lang='lat' dir='ltr'><strong>Et</strong></span> <span class='ocrx_word' id='word_1_253' title='bbox 1197 2821 1436 2879; x_wconf 75' lang='lat' dir='ltr'><strong>potestas</strong></span> <span class='ocrx_word' id='word_1_254' title='bbox 1491 2810 1634 2878; x_wconf 82' lang='lat' dir='ltr'><strong>regis</strong></span> <span class='ocrx_word' id='word_1_255' title='bbox 1686 2809 1980 2882; x_wconf 70' lang='lat' dir='ltr'><strong>Babylonis</strong></span> 
     </span>
    </p>
   </div>
   <div class='ocr_carea' id='block_1_32' title="bbox 406 2901 1974 2974">
    <p class='ocr_par' dir='ltr' id='par_1_32' title="bbox 406 2901 1974 2974">
     <span class='ocr_line' id='line_1_32' title="bbox 406 2901 1974 2974; baseline -0.002 -17"><span class='ocrx_word' id='word_1_256' title='bbox 406 2904 682 2974; x_wconf 89' lang='lat' dir='ltr'><strong>pugnabat</strong></span> <span class='ocrx_word' id='word_1_257' title='bbox 723 2918 887 2972; x_wconf 89' lang='lat' dir='ltr'><strong>super</strong></span> <span class='ocrx_word' id='word_1_258' title='bbox 943 2901 1243 2956; x_wconf 80' lang='lat' dir='ltr'><strong>Jerusalem</strong></span> <span class='ocrx_word' id='word_1_259' title='bbox 1267 2939 1282 2962; x_wconf 97' lang='lat'><strong>,</strong></span> <span class='ocrx_word' id='word_1_260' title='bbox 1338 2910 1393 2956; x_wconf 88' lang='lat' dir='ltr'><strong>et</strong></span> <span class='ocrx_word' id='word_1_261' title='bbox 1438 2917 1602 2970; x_wconf 85' lang='lat' dir='ltr'><strong>super</strong></span> <span class='ocrx_word' id='word_1_262' title='bbox 1635 2905 1702 2970; x_wconf 50' lang='grc' dir='ltr'><strong>χ(</strong></span> <span class='ocrx_word' id='word_1_263' title='bbox 1732 2917 1921 2955; x_wconf 90' lang='lat' dir='ltr'><strong>omnes</strong></span> <span class='ocrx_word' id='word_1_264' title='bbox 1951 2902 1974 2970; x_wconf 94' lang='lat'><strong>1</strong></span> 
     </span>
    </p>
   </div>
   <div class='ocr_carea' id='block_1_33' title="bbox 406 2991 1976 3062">
    <p class='ocr_par' dir='ltr' id='par_1_33' title="bbox 406 2991 1976 3062">
     <span class='ocr_line' id='line_1_33' title="bbox 406 2991 1976 3062; baseline -0.001 -14"><span class='ocrx_word' id='word_1_265' title='bbox 406 2996 567 3050; x_wconf 82' lang='lat' dir='ltr'><strong>urbes</strong></span> <span class='ocrx_word' id='word_1_266' title='bbox 596 2994 747 3048; x_wconf 76' lang='lat' dir='ltr'><strong>Juda:</strong></span> <span class='ocrx_word' id='word_1_267' title='bbox 771 2993 1040 3055; x_wconf 82' lang='lat' dir='ltr'><strong>residuas,</strong></span> <span class='ocrx_word' id='word_1_268' title='bbox 1071 3008 1235 3062; x_wconf 86' lang='lat' dir='ltr'><strong>super</strong></span> <span class='ocrx_word' id='word_1_269' title='bbox 1258 2991 1477 3056; x_wconf 85' lang='lat' dir='ltr'><strong>Lachis,</strong></span> <span class='ocrx_word' id='word_1_270' title='bbox 1506 3002 1559 3046; x_wconf 92' lang='lat' dir='ltr'><strong>et</strong></span> <span class='ocrx_word' id='word_1_271' title='bbox 1583 3007 1749 3062; x_wconf 87' lang='lat' dir='ltr'><strong>super</strong></span> <span class='ocrx_word' id='word_1_272' title='bbox 1772 2992 1976 3060; x_wconf 78' lang='lat' dir='ltr'><strong>Azeea;</strong></span> 
     </span>
    </p>
   </div>
   <div class='ocr_carea' id='block_1_34' title="bbox 404 3083 1979 3154">
    <p class='ocr_par' dir='ltr' id='par_1_34' title="bbox 404 3083 1979 3154">
     <span class='ocr_line' id='line_1_34' title="bbox 404 3083 1979 3154; baseline 0 -16"><span class='ocrx_word' id='word_1_273' title='bbox 404 3087 662 3154; x_wconf 90' lang='lat' dir='ltr'><strong>quoniam</strong></span> <span class='ocrx_word' id='word_1_274' title='bbox 697 3088 778 3138; x_wconf 74' lang='lat' dir='ltr'><strong>ha:</strong></span> <span class='ocrx_word' id='word_1_275' title='bbox 807 3085 1010 3138; x_wconf 69' lang='lat' dir='ltr'><strong>relicta:</strong></span> <span class='ocrx_word' id='word_1_276' title='bbox 1035 3083 1256 3138; x_wconf 89' lang='lat' dir='ltr'><strong>fuerunt</strong></span> <span class='ocrx_word' id='word_1_277' title='bbox 1283 3083 1336 3137; x_wconf 92' lang='lat' dir='ltr'><strong>in</strong></span> <span class='ocrx_word' id='word_1_278' title='bbox 1369 3084 1599 3138; x_wconf 89' lang='lat' dir='ltr'><strong>urbibus</strong></span> <span class='ocrx_word' id='word_1_279' title='bbox 1635 3083 1789 3139; x_wconf 69' lang='lat' dir='ltr'><strong>Juilte</strong></span> <span class='ocrx_word' id='word_1_280' title='bbox 1814 3083 1979 3138; x_wconf 89' lang='lat' dir='ltr'><strong>urbes</strong></span> 
     </span>
    </p>
   </div>
   <div class='ocr_carea' id='block_1_35' title="bbox 407 3172 1979 3244">
    <p class='ocr_par' dir='ltr' id='par_1_35' title="bbox 407 3172 1979 3244">
     <span class='ocr_line' id='line_1_35' title="bbox 407 3172 1979 3244; baseline -0.001 -15"><span class='ocrx_word' id='word_1_281' title='bbox 407 3177 648 3230; x_wconf 77' lang='lat' dir='ltr'><strong>munitze.</strong></span> <span class='ocrx_word' id='word_1_282' title='bbox 667 3175 720 3229; x_wconf 90' lang='lat'><strong>8.</strong></span> <span class='ocrx_word' id='word_1_283' title='bbox 755 3173 1010 3239; x_wconf 83' lang='lat' dir='ltr'><strong>Verbum,</strong></span> <span class='ocrx_word' id='word_1_284' title='bbox 1039 3174 1184 3244; x_wconf 89' lang='lat' dir='ltr'><strong>quod</strong></span> <span class='ocrx_word' id='word_1_285' title='bbox 1223 3174 1425 3227; x_wconf 87' lang='lat' dir='ltr'><strong>factum</strong></span> <span class='ocrx_word' id='word_1_286' title='bbox 1460 3184 1544 3229; x_wconf 87' lang='lat' dir='ltr'><strong>est</strong></span> <span class='ocrx_word' id='word_1_287' title='bbox 1581 3175 1647 3228; x_wconf 88' lang='lat' dir='ltr'><strong>ad</strong></span> <span class='ocrx_word' id='word_1_288' title='bbox 1689 3172 1979 3228; x_wconf 85' lang='lat' dir='ltr'><strong>Jeremiam</strong></span> 
     </span>
    </p>
   </div>
   <div class='ocr_carea' id='block_1_36' title="bbox 406 3264 1982 3336">
    <p class='ocr_par' dir='ltr' id='par_1_36' title="bbox 406 3264 1982 3336">
     <span class='ocr_line' id='line_1_36' title="bbox 406 3264 1982 3336; baseline -0.001 -16"><span class='ocrx_word' id='word_1_289' title='bbox 406 3281 437 3320; x_wconf 92' lang='lat' dir='ltr'><strong>a</strong></span> <span class='ocrx_word' id='word_1_290' title='bbox 465 3265 714 3330; x_wconf 88' lang='lat' dir='ltr'><strong>Domino,</strong></span> <span class='ocrx_word' id='word_1_291' title='bbox 747 3275 1036 3336; x_wconf 83' lang='lat' dir='ltr'><strong>postquam</strong></span> <span class='ocrx_word' id='word_1_292' title='bbox 1075 3264 1138 3333; x_wconf 80' lang='grc' dir='ltr'><strong>(ι)</strong></span> <span class='ocrx_word' id='word_1_293' title='bbox 1179 3265 1583 3320; x_wconf 89' lang='lat' dir='ltr'><strong>consummavit</strong></span> <span class='ocrx_word' id='word_1_294' title='bbox 1621 3281 1711 3320; x_wconf 86' lang='lat' dir='ltr'><strong>rex</strong></span> <span class='ocrx_word' id='word_1_295' title='bbox 1759 3264 1982 3319; x_wconf 90' lang='lat' dir='ltr'><strong>Sedecia</strong></span> 
     </span>
    </p>
   </div>
   <div class='ocr_carea' id='block_1_37' title="bbox 407 3355 1985 3427">
    <p class='ocr_par' dir='ltr' id='par_1_37' title="bbox 407 3355 1985 3427">
     <span class='ocr_line' id='line_1_37' title="bbox 407 3355 1985 3427; baseline 0 -17"><span class='ocrx_word' id='word_1_296' title='bbox 407 3357 584 3412; x_wconf 69' lang='lat' dir='ltr'><strong>fmdus</strong></span> <span class='ocrx_word' id='word_1_297' title='bbox 624 3372 750 3427; x_wconf 89' lang='lat' dir='ltr'><strong>erga</strong></span> <span class='ocrx_word' id='word_1_298' title='bbox 783 3359 849 3424; x_wconf 77' lang='lat' dir='ltr'><strong>)t(</strong></span> <span class='ocrx_word' id='word_1_299' title='bbox 881 3371 1096 3410; x_wconf 89' lang='lat' dir='ltr'><strong>omnem</strong></span> <span class='ocrx_word' id='word_1_300' title='bbox 1135 3356 1158 3424; x_wconf 96' lang='lat'><strong>1</strong></span> <span class='ocrx_word' id='word_1_301' title='bbox 1196 3357 1456 3425; x_wconf 91' lang='lat' dir='ltr'><strong>populum</strong></span> <span class='ocrx_word' id='word_1_302' title='bbox 1519 3357 1614 3426; x_wconf 85' lang='lat' dir='ltr'><strong>qui</strong></span> <span class='ocrx_word' id='word_1_303' title='bbox 1665 3357 1720 3410; x_wconf 93' lang='lat' dir='ltr'><strong>in</strong></span> <span class='ocrx_word' id='word_1_304' title='bbox 1759 3355 1985 3412; x_wconf 86' lang='lat' dir='ltr'><strong>Jerusa-</strong></span> 
     </span>
    </p>
   </div>
   <div class='ocr_carea' id='block_1_38' title="bbox 406 3446 1986 3514">
    <p class='ocr_par' dir='ltr' id='par_1_38' title="bbox 406 3446 1986 3514">
     <span class='ocr_line' id='line_1_38' title="bbox 406 3446 1986 3514; baseline 0.001 -13"><span class='ocrx_word' id='word_1_305' title='bbox 406 3448 532 3511; x_wconf 87' lang='lat' dir='ltr'><strong>lem,</strong></span> <span class='ocrx_word' id='word_1_306' title='bbox 566 3448 634 3501; x_wconf 90' lang='lat' dir='ltr'><strong>ad</strong></span> <span class='ocrx_word' id='word_1_307' title='bbox 666 3449 971 3502; x_wconf 87' lang='lat' dir='ltr'><strong>vocandum</strong></span> <span class='ocrx_word' id='word_1_308' title='bbox 1024 3451 1086 3504; x_wconf 54' lang='grc' dir='ltr'><strong>ξεί</strong></span> <span class='ocrx_word' id='word_1_309' title='bbox 1126 3447 1206 3501; x_wconf 89' lang='lat' dir='ltr'><strong>eis</strong></span> <span class='ocrx_word' id='word_1_310' title='bbox 1241 3446 1263 3513; x_wconf 93' lang='lat'><strong>1</strong></span> <span class='ocrx_word' id='word_1_311' title='bbox 1301 3447 1380 3514; x_wconf 77' lang='grc' dir='ltr'><strong>(α)</strong></span> <span class='ocrx_word' id='word_1_312' title='bbox 1415 3447 1808 3512; x_wconf 82' lang='lat' dir='ltr'><strong>dimissionem,</strong></span> <span class='ocrx_word' id='word_1_313' title='bbox 1842 3447 1895 3502; x_wconf 89' lang='lat'><strong>9.</strong></span> <span class='ocrx_word' id='word_1_314' title='bbox 1927 3456 1986 3502; x_wconf 89' lang='lat' dir='ltr'><strong>ut</strong></span> 
     </span>
    </p>
   </div>
   <div class='ocr_carea' id='block_1_39' title="bbox 407 3538 1986 3606">
    <p class='ocr_par' dir='ltr' id='par_1_39' title="bbox 407 3538 1986 3606">
     <span class='ocr_line' id='line_1_39' title="bbox 407 3538 1986 3606; baseline 0.001 -16"><span class='ocrx_word' id='word_1_315' title='bbox 407 3539 726 3591; x_wconf 86' lang='lat' dir='ltr'><strong>amandaret</strong></span> <span class='ocrx_word' id='word_1_316' title='bbox 758 3538 1130 3606; x_wconf 82' lang='lat' dir='ltr'><strong>unusquisque</strong></span> <span class='ocrx_word' id='word_1_317' title='bbox 1173 3552 1386 3590; x_wconf 76' lang='lat' dir='ltr'><strong>servum</strong></span> <span class='ocrx_word' id='word_1_318' title='bbox 1406 3552 1589 3599; x_wconf 88' lang='lat' dir='ltr'><strong>suum,</strong></span> <span class='ocrx_word' id='word_1_319' title='bbox 1624 3547 1678 3590; x_wconf 91' lang='lat' dir='ltr'><strong>et</strong></span> <span class='ocrx_word' id='word_1_320' title='bbox 1710 3539 1780 3605; x_wconf 63' lang='grc' dir='ltr'>Χ</span> <span class='ocrx_word' id='word_1_321' title='bbox 1816 3551 1986 3591; x_wconf 78' lang='lat' dir='ltr'><strong>unus—</strong></span> 
     </span>
    </p>
   </div>
   <div class='ocr_carea' id='block_1_40' title="bbox 405 3625 1982 3696">
    <p class='ocr_par' dir='ltr' id='par_1_40' title="bbox 405 3625 1982 3696">
     <span class='ocr_line' id='line_1_40' title="bbox 405 3625 1982 3696; baseline 0.001 -16"><span class='ocrx_word' id='word_1_322' title='bbox 405 3628 639 3696; x_wconf 86' lang='lat' dir='ltr'><strong>quisque</strong></span> <span class='ocrx_word' id='word_1_323' title='bbox 692 3627 714 3694; x_wconf 91' lang='lat'><strong>1</strong></span> <span class='ocrx_word' id='word_1_324' title='bbox 763 3628 1015 3681; x_wconf 88' lang='lat' dir='ltr'><strong>ancillam</strong></span> <span class='ocrx_word' id='word_1_325' title='bbox 1063 3643 1242 3690; x_wconf 91' lang='lat' dir='ltr'><strong>suam,</strong></span> <span class='ocrx_word' id='word_1_326' title='bbox 1279 3625 1564 3680; x_wconf 70' lang='lat' dir='ltr'><strong>Hebraeum</strong></span> <span class='ocrx_word' id='word_1_327' title='bbox 1611 3636 1662 3680; x_wconf 90' lang='lat' dir='ltr'><strong>et</strong></span> <span class='ocrx_word' id='word_1_328' title='bbox 1706 3626 1982 3681; x_wconf 53' lang='lat' dir='ltr'><strong>llebraiam</strong></span> 
     </span>
    </p>
   </div>
   <div class='ocr_carea' id='block_1_41' title="bbox 409 3717 1981 3787">
    <p class='ocr_par' dir='ltr' id='par_1_41' title="bbox 409 3717 1981 3787">
     <span class='ocr_line' id='line_1_41' title="bbox 409 3717 1981 3787; baseline 0 -17"><span class='ocrx_word' id='word_1_329' title='bbox 409 3719 631 3779; x_wconf 87' lang='lat' dir='ltr'><strong>liberos,</strong></span> <span class='ocrx_word' id='word_1_330' title='bbox 667 3719 743 3787; x_wconf 69' lang='grc' dir='ltr'><strong>(π)</strong></span> <span class='ocrx_word' id='word_1_331' title='bbox 782 3728 840 3771; x_wconf 82' lang='grc' dir='ltr'><strong>ιιι</strong></span> <span class='ocrx_word' id='word_1_332' title='bbox 870 3735 976 3771; x_wconf 90' lang='lat' dir='ltr'><strong>non</strong></span> <span class='ocrx_word' id='word_1_333' title='bbox 1019 3719 1200 3772; x_wconf 86' lang='lat' dir='ltr'><strong>colant</strong></span> <span class='ocrx_word' id='word_1_334' title='bbox 1254 3718 1538 3771; x_wconf 83' lang='lat' dir='ltr'><strong>servitium</strong></span> <span class='ocrx_word' id='word_1_335' title='bbox 1586 3718 1669 3770; x_wconf 87' lang='lat' dir='ltr'><strong>vir</strong></span> <span class='ocrx_word' id='word_1_336' title='bbox 1703 3733 1768 3770; x_wconf 82' lang='lat' dir='ltr'><strong>ex</strong></span> <span class='ocrx_word' id='word_1_337' title='bbox 1820 3717 1981 3782; x_wconf 86' lang='lat' dir='ltr'><strong>Juda,</strong></span> 
     </span>
    </p>
   </div>
   <div class='ocr_carea' id='block_1_42' title="bbox 407 3806 1981 3875">
    <p class='ocr_par' dir='ltr' id='par_1_42' title="bbox 407 3806 1981 3875">
     <span class='ocr_line' id='line_1_42' title="bbox 407 3806 1981 3875; baseline -0.001 -13"><span class='ocrx_word' id='word_1_338' title='bbox 407 3806 783 3875; x_wconf 60' lang='lat' dir='ltr'><strong>fraterchns</strong></span> <span class='ocrx_word' id='word_1_339' title='bbox 814 3807 862 3874; x_wconf 94' lang='lat'><strong>1.</strong></span> <span class='ocrx_word' id='word_1_340' title='bbox 890 3807 974 3860; x_wconf 87' lang='lat' dir='ltr'><strong>l0.</strong></span> <span class='ocrx_word' id='word_1_341' title='bbox 1003 3807 1067 3858; x_wconf 88' lang='lat' dir='ltr'><strong>Et</strong></span> <span class='ocrx_word' id='word_1_342' title='bbox 1090 3808 1291 3861; x_wconf 87' lang='lat' dir='ltr'><strong>reversi</strong></span> <span class='ocrx_word' id='word_1_343' title='bbox 1319 3815 1446 3861; x_wconf 91' lang='lat' dir='ltr'><strong>sunt</strong></span> <span class='ocrx_word' id='word_1_344' title='bbox 1470 3823 1662 3860; x_wconf 91' lang='lat' dir='ltr'><strong>omnes</strong></span> <span class='ocrx_word' id='word_1_345' title='bbox 1679 3815 1981 3872; x_wconf 82' lang='lat' dir='ltr'><strong>magnatcs,</strong></span> 
     </span>
    </p>
   </div>
   <div class='ocr_carea' id='block_1_43' title="bbox 407 3895 1986 3967">
    <p class='ocr_par' dir='ltr' id='par_1_43' title="bbox 407 3895 1986 3967">
     <span class='ocr_line' id='line_1_43' title="bbox 407 3895 1986 3967; baseline -0.003 -15"><span class='ocrx_word' id='word_1_346' title='bbox 407 3906 462 3952; x_wconf 88' lang='lat' dir='ltr'><strong>et</strong></span> <span class='ocrx_word' id='word_1_347' title='bbox 490 3899 668 3953; x_wconf 90' lang='lat' dir='ltr'><strong>omnis</strong></span> <span class='ocrx_word' id='word_1_348' title='bbox 699 3897 951 3967; x_wconf 91' lang='lat' dir='ltr'><strong>populus,</strong></span> <span class='ocrx_word' id='word_1_349' title='bbox 991 3897 1083 3965; x_wconf 89' lang='lat' dir='ltr'><strong>qui</strong></span> <span class='ocrx_word' id='word_1_350' title='bbox 1125 3897 1358 3966; x_wconf 82' lang='lat' dir='ltr'><strong>ingressi</strong></span> <span class='ocrx_word' id='word_1_351' title='bbox 1412 3907 1570 3952; x_wconf 89' lang='lat' dir='ltr'><strong>erant</strong></span> <span class='ocrx_word' id='word_1_352' title='bbox 1605 3897 1660 3950; x_wconf 92' lang='lat' dir='ltr'><strong>in</strong></span> <span class='ocrx_word' id='word_1_353' title='bbox 1690 3895 1892 3959; x_wconf 76' lang='lat' dir='ltr'><strong>fcedus,</strong></span> <span class='ocrx_word' id='word_1_354' title='bbox 1925 3903 1986 3949; x_wconf 92' lang='lat' dir='ltr'><strong>ut</strong></span> 
     </span>
    </p>
   </div>
   <div class='ocr_carea' id='block_1_44' title="bbox 407 3987 1986 4059">
    <p class='ocr_par' dir='ltr' id='par_1_44' title="bbox 407 3987 1986 4059">
     <span class='ocr_line' id='line_1_44' title="bbox 407 3987 1986 4059; baseline -0.002 -15"><span class='ocrx_word' id='word_1_355' title='bbox 407 3990 703 4044; x_wconf 84' lang='lat' dir='ltr'><strong>dimitteret</strong></span> <span class='ocrx_word' id='word_1_356' title='bbox 730 3989 1108 4059; x_wconf 88' lang='lat' dir='ltr'><strong>unusquisque</strong></span> <span class='ocrx_word' id='word_1_357' title='bbox 1151 4004 1367 4043; x_wconf 88' lang='lat' dir='ltr'><strong>servum</strong></span> <span class='ocrx_word' id='word_1_358' title='bbox 1414 4004 1574 4044; x_wconf 90' lang='lat' dir='ltr'><strong>suum</strong></span> <span class='ocrx_word' id='word_1_359' title='bbox 1599 3997 1654 4042; x_wconf 90' lang='lat' dir='ltr'><strong>et</strong></span> <span class='ocrx_word' id='word_1_360' title='bbox 1685 3987 1986 4057; x_wconf 75' lang='lat' dir='ltr'><strong>unusquis-</strong></span> 
     </span>
    </p>
   </div>
   <div class='ocr_carea' id='block_1_45' title="bbox 409 4078 1984 4151">
    <p class='ocr_par' dir='ltr' id='par_1_45' title="bbox 409 4078 1984 4151">
     <span class='ocr_line' id='line_1_45' title="bbox 409 4078 1984 4151; baseline 0 -17"><span class='ocrx_word' id='word_1_361' title='bbox 409 4097 514 4151; x_wconf 90' lang='lat' dir='ltr'><strong>que</strong></span> <span class='ocrx_word' id='word_1_362' title='bbox 560 4082 814 4136; x_wconf 86' lang='lat' dir='ltr'><strong>ancillam</strong></span> <span class='ocrx_word' id='word_1_363' title='bbox 850 4097 1030 4144; x_wconf 86' lang='lat' dir='ltr'><strong>suam,</strong></span> <span class='ocrx_word' id='word_1_364' title='bbox 1065 4080 1352 4136; x_wconf 71' lang='lat' dir='ltr'><strong>l-lebrzcum</strong></span> <span class='ocrx_word' id='word_1_365' title='bbox 1375 4089 1430 4135; x_wconf 89' lang='lat' dir='ltr'><strong>et</strong></span> <span class='ocrx_word' id='word_1_366' title='bbox 1451 4078 1732 4135; x_wconf 67' lang='lat' dir='ltr'><strong>llebraeam</strong></span> <span class='ocrx_word' id='word_1_367' title='bbox 1762 4079 1984 4144; x_wconf 87' lang='lat' dir='ltr'><strong>liberos,</strong></span> 
     </span>
    </p>
   </div>
   <div class='ocr_carea' id='block_1_46' title="bbox 410 4171 1984 4240">
    <p class='ocr_par' dir='ltr' id='par_1_46' title="bbox 410 4171 1984 4240">
     <span class='ocr_line' id='line_1_46' title="bbox 410 4171 1984 4240; baseline -0.003 -13"><span class='ocrx_word' id='word_1_368' title='bbox 410 4181 471 4227; x_wconf 92' lang='lat' dir='ltr'><strong>ut</strong></span> <span class='ocrx_word' id='word_1_369' title='bbox 502 4188 610 4227; x_wconf 87' lang='lat' dir='ltr'><strong>non</strong></span> <span class='ocrx_word' id='word_1_370' title='bbox 648 4173 894 4226; x_wconf 86' lang='lat' dir='ltr'><strong>colerent</strong></span> <span class='ocrx_word' id='word_1_371' title='bbox 923 4171 1206 4227; x_wconf 86' lang='lat' dir='ltr'><strong>servitium</strong></span> <span class='ocrx_word' id='word_1_372' title='bbox 1253 4172 1526 4240; x_wconf 89' lang='lat' dir='ltr'><strong>amplius;</strong></span> <span class='ocrx_word' id='word_1_373' title='bbox 1551 4180 1604 4226; x_wconf 91' lang='lat' dir='ltr'><strong>et</strong></span> <span class='ocrx_word' id='word_1_374' title='bbox 1635 4171 1984 4235; x_wconf 86' lang='lat' dir='ltr'><strong>audiverunt,</strong></span> 
     </span>
    </p>
   </div>
   <div class='ocr_carea' id='block_1_47' title="bbox 407 4259 1987 4331">
    <p class='ocr_par' dir='ltr' id='par_1_47' title="bbox 407 4259 1987 4331">
     <span class='ocr_line' id='line_1_47' title="bbox 407 4259 1987 4331; baseline -0.003 -13"><span class='ocrx_word' id='word_1_375' title='bbox 407 4273 463 4318; x_wconf 88' lang='lat' dir='ltr'><strong>et</strong></span> <span class='ocrx_word' id='word_1_376' title='bbox 491 4264 838 4319; x_wconf 86' lang='lat' dir='ltr'><strong>dimiserunt.</strong></span> <span class='ocrx_word' id='word_1_377' title='bbox 886 4264 970 4317; x_wconf 87' lang='grc'><strong>11.</strong></span> <span class='ocrx_word' id='word_1_378' title='bbox 1015 4262 1080 4316; x_wconf 82' lang='lat' dir='ltr'><strong>Et</strong></span> <span class='ocrx_word' id='word_1_379' title='bbox 1113 4264 1319 4317; x_wconf 86' lang='lat' dir='ltr'><strong>reversi</strong></span> <span class='ocrx_word' id='word_1_380' title='bbox 1351 4272 1481 4316; x_wconf 86' lang='lat' dir='ltr'><strong>sunt</strong></span> <span class='ocrx_word' id='word_1_381' title='bbox 1501 4273 1626 4331; x_wconf 86' lang='lat' dir='ltr'><strong>post</strong></span> <span class='ocrx_word' id='word_1_382' title='bbox 1648 4261 1765 4315; x_wconf 67' lang='lat' dir='ltr'><strong>haec</strong></span> <span class='ocrx_word' id='word_1_383' title='bbox 1801 4259 1898 4330; x_wconf 73' lang='grc' dir='ltr'><strong>(ν),</strong></span> <span class='ocrx_word' id='word_1_384' title='bbox 1932 4270 1987 4315; x_wconf 86' lang='lat' dir='ltr'><strong>et</strong></span> 
     </span>
    </p>
   </div>
   <div class='ocr_carea' id='block_1_48' title="bbox 2083 455 3655 526">
    <p class='ocr_par' dir='ltr' id='par_1_48' title="bbox 2083 455 3655 526">
     <span class='ocr_line' id='line_1_48' title="bbox 2083 455 3655 526; baseline 0.003 -18"><span class='ocrx_word' id='word_1_385' title='bbox 2083 456 2223 511; x_wconf 90' lang='lat' dir='ltr'><strong>Deus</strong></span> <span class='ocrx_word' id='word_1_386' title='bbox 2260 457 2476 511; x_wconf 87' lang='lat' dir='ltr'><strong>lsraelis</strong></span> <span class='ocrx_word' id='word_1_387' title='bbox 2508 475 2523 511; x_wconf 88' lang='lat'><strong>:</strong></span> <span class='ocrx_word' id='word_1_388' title='bbox 2557 455 2668 526; x_wconf 84' lang='lat' dir='ltr'><strong>Ego</strong></span> <span class='ocrx_word' id='word_1_389' title='bbox 2693 456 2943 525; x_wconf 87' lang='lat' dir='ltr'><strong>disposui</strong></span> <span class='ocrx_word' id='word_1_390' title='bbox 2977 456 3148 511; x_wconf 77' lang='lat' dir='ltr'><strong>ftedus</strong></span> <span class='ocrx_word' id='word_1_391' title='bbox 3195 457 3268 510; x_wconf 90' lang='lat' dir='ltr'><strong>ad</strong></span> <span class='ocrx_word' id='word_1_392' title='bbox 3315 465 3502 524; x_wconf 83' lang='lat' dir='ltr'><strong>patres</strong></span> <span class='ocrx_word' id='word_1_393' title='bbox 3533 474 3655 512; x_wconf 86' lang='lat' dir='ltr'><strong>ves-</strong></span> 
     </span>
    </p>
   </div>
   <div class='ocr_carea' id='block_1_49' title="bbox 2079 544 3656 617">
    <p class='ocr_par' dir='ltr' id='par_1_49' title="bbox 2079 544 3656 617">
     <span class='ocr_line' id='line_1_49' title="bbox 2079 544 3656 617; baseline 0 -14"><span class='ocrx_word' id='word_1_394' title='bbox 2079 558 2193 603; x_wconf 84' lang='lat' dir='ltr'><strong>tros</strong></span> <span class='ocrx_word' id='word_1_395' title='bbox 2223 547 2278 601; x_wconf 91' lang='lat' dir='ltr'><strong>in</strong></span> <span class='ocrx_word' id='word_1_396' title='bbox 2313 547 2422 610; x_wconf 91' lang='lat' dir='ltr'><strong>die,</strong></span> <span class='ocrx_word' id='word_1_397' title='bbox 2478 560 2592 614; x_wconf 90' lang='lat' dir='ltr'><strong>quo</strong></span> <span class='ocrx_word' id='word_1_398' title='bbox 2615 544 2687 616; x_wconf 73' lang='grc' dir='ltr'><strong>(ὁ)</strong></span> <span class='ocrx_word' id='word_1_399' title='bbox 2722 545 2897 614; x_wconf 90' lang='lat' dir='ltr'><strong>eripui</strong></span> <span class='ocrx_word' id='word_1_400' title='bbox 2945 559 3040 600; x_wconf 91' lang='lat' dir='ltr'><strong>eos</strong></span> <span class='ocrx_word' id='word_1_401' title='bbox 3070 561 3132 599; x_wconf 82' lang='lat' dir='ltr'><strong>ex</strong></span> <span class='ocrx_word' id='word_1_402' title='bbox 3166 556 3319 600; x_wconf 88' lang='lat' dir='ltr'><strong>terra</strong></span> <span class='ocrx_word' id='word_1_403' title='bbox 3351 544 3597 617; x_wconf 66' lang='lat' dir='ltr'><strong>Egypti,</strong></span> <span class='ocrx_word' id='word_1_404' title='bbox 3625 565 3656 604; x_wconf 77' lang='grc' dir='ltr'><strong>θ</strong></span> 
     </span>
    </p>
   </div>
   <div class='ocr_carea' id='block_1_50' title="bbox 2077 635 3653 706">
    <p class='ocr_par' dir='ltr' id='par_1_50' title="bbox 2077 635 3653 706">
     <span class='ocr_line' id='line_1_50' title="bbox 2077 635 3653 706; baseline -0.002 -12"><span class='ocrx_word' id='word_1_405' title='bbox 2077 641 2242 695; x_wconf 88' lang='lat' dir='ltr'><strong>domo</strong></span> <span class='ocrx_word' id='word_1_406' title='bbox 2276 637 2577 701; x_wconf 84' lang='lat' dir='ltr'><strong>servitutis,</strong></span> <span class='ocrx_word' id='word_1_407' title='bbox 2607 637 2795 690; x_wconf 91' lang='lat' dir='ltr'><strong>dicens</strong></span> <span class='ocrx_word' id='word_1_408' title='bbox 2824 653 2840 691; x_wconf 87' lang='lat'><strong>:</strong></span> <span class='ocrx_word' id='word_1_409' title='bbox 2869 635 2937 691; x_wconf 73' lang='grc'><strong>14</strong></span> <span class='ocrx_word' id='word_1_410' title='bbox 2968 635 3039 704; x_wconf 80' lang='grc' dir='ltr'><strong>(ο)</strong></span> <span class='ocrx_word' id='word_1_411' title='bbox 3061 635 3198 690; x_wconf 79' lang='lat' dir='ltr'><strong>Cum</strong></span> <span class='ocrx_word' id='word_1_412' title='bbox 3231 638 3495 706; x_wconf 83' lang='lat' dir='ltr'><strong>completi</strong></span> <span class='ocrx_word' id='word_1_413' title='bbox 3536 641 3653 692; x_wconf 85' lang='lat' dir='ltr'><strong>fue-</strong></span> 
     </span>
    </p>
   </div>
   <div class='ocr_carea' id='block_1_51' title="bbox 2077 725 3656 798">
    <p class='ocr_par' dir='ltr' id='par_1_51' title="bbox 2077 725 3656 798">
     <span class='ocr_line' id='line_1_51' title="bbox 2077 725 3656 798; baseline 0 -14"><span class='ocrx_word' id='word_1_414' title='bbox 2077 731 2187 785; x_wconf 87' lang='lat' dir='ltr'><strong>rint</strong></span> <span class='ocrx_word' id='word_1_415' title='bbox 2212 744 2306 784; x_wconf 87' lang='lat' dir='ltr'><strong>sex</strong></span> <span class='ocrx_word' id='word_1_416' title='bbox 2337 729 2488 792; x_wconf 88' lang='lat' dir='ltr'><strong>anni,</strong></span> <span class='ocrx_word' id='word_1_417' title='bbox 2511 727 2755 786; x_wconf 80' lang='lat' dir='ltr'><strong>dimittes</strong></span> <span class='ocrx_word' id='word_1_418' title='bbox 2782 725 3004 781; x_wconf 80' lang='lat' dir='ltr'><strong>fratrem</strong></span> <span class='ocrx_word' id='word_1_419' title='bbox 3037 735 3190 781; x_wconf 87' lang='lat' dir='ltr'><strong>tuum</strong></span> <span class='ocrx_word' id='word_1_420' title='bbox 3221 725 3543 790; x_wconf 67' lang='lat' dir='ltr'><strong>Hebraeum,</strong></span> <span class='ocrx_word' id='word_1_421' title='bbox 3564 731 3656 798; x_wconf 88' lang='lat' dir='ltr'><strong>qui</strong></span> 
     </span>
    </p>
   </div>
   <div class='ocr_carea' id='block_1_52' title="bbox 2078 817 3651 886">
    <p class='ocr_par' dir='ltr' id='par_1_52' title="bbox 2078 817 3651 886">
     <span class='ocr_line' id='line_1_52' title="bbox 2078 817 3651 886; baseline -0.001 -12"><span class='ocrx_word' id='word_1_422' title='bbox 2078 819 2332 874; x_wconf 87' lang='lat' dir='ltr'><strong>venditus</strong></span> <span class='ocrx_word' id='word_1_423' title='bbox 2383 817 2546 871; x_wconf 89' lang='lat' dir='ltr'><strong>fuerit</strong></span> <span class='ocrx_word' id='word_1_424' title='bbox 2589 817 2706 881; x_wconf 88' lang='lat' dir='ltr'><strong>tibi,</strong></span> <span class='ocrx_word' id='word_1_425' title='bbox 2757 825 2812 872; x_wconf 90' lang='lat' dir='ltr'><strong>et</strong></span> <span class='ocrx_word' id='word_1_426' title='bbox 2842 818 3162 886; x_wconf 86' lang='lat' dir='ltr'><strong>operabitur</strong></span> <span class='ocrx_word' id='word_1_427' title='bbox 3191 818 3300 872; x_wconf 88' lang='lat' dir='ltr'><strong>tibi</strong></span> <span class='ocrx_word' id='word_1_428' title='bbox 3327 834 3425 874; x_wconf 88' lang='lat' dir='ltr'><strong>sex</strong></span> <span class='ocrx_word' id='word_1_429' title='bbox 3457 835 3651 884; x_wconf 85' lang='lat' dir='ltr'><strong>annos,</strong></span> 
     </span>
    </p>
   </div>
   <div class='ocr_carea' id='block_1_53' title="bbox 2077 909 3656 970">
    <p class='ocr_par' dir='ltr' id='par_1_53' title="bbox 2077 909 3656 970">
     <span class='ocr_line' id='line_1_53' title="bbox 2077 909 3656 970; baseline 0.001 -2"><span class='ocrx_word' id='word_1_430' title='bbox 2077 923 2132 968; x_wconf 80' lang='lat' dir='ltr'><strong>et</strong></span> <span class='ocrx_word' id='word_1_431' title='bbox 2161 911 2403 965; x_wconf 89' lang='lat' dir='ltr'><strong>dimittes</strong></span> <span class='ocrx_word' id='word_1_432' title='bbox 2421 925 2549 964; x_wconf 87' lang='lat' dir='ltr'><strong>eum</strong></span> <span class='ocrx_word' id='word_1_433' title='bbox 2574 910 2802 964; x_wconf 87' lang='lat' dir='ltr'><strong>liberum</strong></span> <span class='ocrx_word' id='word_1_434' title='bbox 2825 925 2856 964; x_wconf 89' lang='lat' dir='ltr'><strong>a</strong></span> <span class='ocrx_word' id='word_1_435' title='bbox 2890 919 2962 964; x_wconf 90' lang='lat' dir='ltr'><strong>te.</strong></span> <span class='ocrx_word' id='word_1_436' title='bbox 2991 909 3059 964; x_wconf 86' lang='lat' dir='ltr'><strong>Et</strong></span> <span class='ocrx_word' id='word_1_437' title='bbox 3085 927 3195 965; x_wconf 89' lang='lat' dir='ltr'><strong>non</strong></span> <span class='ocrx_word' id='word_1_438' title='bbox 3217 912 3552 966; x_wconf 84' lang='lat' dir='ltr'><strong>audiverunt</strong></span> <span class='ocrx_word' id='word_1_439' title='bbox 3573 931 3656 970; x_wconf 90' lang='lat' dir='ltr'><strong>me</strong></span> 
     </span>
    </p>
   </div>
   <div class='ocr_carea' id='block_1_54' title="bbox 2079 999 3653 1072">
    <p class='ocr_par' dir='ltr' id='par_1_54' title="bbox 2079 999 3653 1072">
     <span class='ocr_line' id='line_1_54' title="bbox 2079 999 3653 1072; baseline 0.003 -17"><span class='ocrx_word' id='word_1_440' title='bbox 2079 1012 2258 1072; x_wconf 85' lang='lat' dir='ltr'><strong>patres</strong></span> <span class='ocrx_word' id='word_1_441' title='bbox 2309 999 2514 1064; x_wconf 85' lang='lat' dir='ltr'><strong>vestri,</strong></span> <span class='ocrx_word' id='word_1_442' title='bbox 2573 1009 2628 1054; x_wconf 91' lang='lat' dir='ltr'><strong>et</strong></span> <span class='ocrx_word' id='word_1_443' title='bbox 2673 1014 2780 1054; x_wconf 91' lang='lat' dir='ltr'><strong>non</strong></span> <span class='ocrx_word' id='word_1_444' title='bbox 2833 1001 3172 1055; x_wconf 90' lang='lat' dir='ltr'><strong>inclinarunt</strong></span> <span class='ocrx_word' id='word_1_445' title='bbox 3228 1017 3428 1054; x_wconf 89' lang='lat' dir='ltr'><strong>aurem</strong></span> <span class='ocrx_word' id='word_1_446' title='bbox 3479 1019 3653 1059; x_wconf 89' lang='lat' dir='ltr'><strong>suam.</strong></span> 
     </span>
    </p>
   </div>
   <div class='ocr_carea' id='block_1_55' title="bbox 2081 1091 3654 1160">
    <p class='ocr_par' dir='ltr' id='par_1_55' title="bbox 2081 1091 3654 1160">
     <span class='ocr_line' id='line_1_55' title="bbox 2081 1091 3654 1160; baseline 0.003 -14"><span class='ocrx_word' id='word_1_447' title='bbox 2081 1093 2148 1147; x_wconf 86' lang='grc'><strong>15</strong></span> <span class='ocrx_word' id='word_1_448' title='bbox 2177 1093 2254 1160; x_wconf 85' lang='lat' dir='ltr'><strong>(d)</strong></span> <span class='ocrx_word' id='word_1_449' title='bbox 2283 1091 2349 1146; x_wconf 84' lang='lat' dir='ltr'><strong>Et</strong></span> <span class='ocrx_word' id='word_1_450' title='bbox 2383 1093 2635 1146; x_wconf 86' lang='lat' dir='ltr'><strong>conversi</strong></span> <span class='ocrx_word' id='word_1_451' title='bbox 2673 1098 2804 1145; x_wconf 89' lang='lat' dir='ltr'><strong>sunt</strong></span> <span class='ocrx_word' id='word_1_452' title='bbox 2830 1091 2994 1146; x_wconf 90' lang='lat' dir='ltr'><strong>hodie</strong></span> <span class='ocrx_word' id='word_1_453' title='bbox 3017 1093 3083 1146; x_wconf 88' lang='lat' dir='ltr'><strong>ad</strong></span> <span class='ocrx_word' id='word_1_454' title='bbox 3109 1093 3426 1147; x_wconf 87' lang='lat' dir='ltr'><strong>faciendum</strong></span> <span class='ocrx_word' id='word_1_455' title='bbox 3454 1106 3654 1150; x_wconf 86' lang='lat' dir='ltr'><strong>rectum</strong></span> 
     </span>
    </p>
   </div>
   <div class='ocr_carea' id='block_1_56' title="bbox 2078 1186 3659 1256">
    <p class='ocr_par' dir='ltr' id='par_1_56' title="bbox 2078 1186 3659 1256">
     <span class='ocr_line' id='line_1_56' title="bbox 2078 1186 3659 1256; baseline 0.003 -18"><span class='ocrx_word' id='word_1_456' title='bbox 2078 1195 2206 1239; x_wconf 89' lang='lat' dir='ltr'><strong>ante</strong></span> <span class='ocrx_word' id='word_1_457' title='bbox 2236 1186 2430 1240; x_wconf 81' lang='lat' dir='ltr'><strong>oculos</strong></span> <span class='ocrx_word' id='word_1_458' title='bbox 2452 1201 2626 1250; x_wconf 90' lang='lat' dir='ltr'><strong>meos,</strong></span> <span class='ocrx_word' id='word_1_459' title='bbox 2657 1197 2717 1239; x_wconf 92' lang='lat' dir='ltr'><strong>ut</strong></span> <span class='ocrx_word' id='word_1_460' title='bbox 2739 1197 2960 1240; x_wconf 86' lang='lat' dir='ltr'><strong>vocaret</strong></span> <span class='ocrx_word' id='word_1_461' title='bbox 2990 1186 3060 1256; x_wconf 76' lang='grc' dir='ltr'><strong>(ε)</strong></span> <span class='ocrx_word' id='word_1_462' title='bbox 3083 1187 3475 1242; x_wconf 82' lang='lat' dir='ltr'><strong>dimissionem</strong></span> <span class='ocrx_word' id='word_1_463' title='bbox 3502 1205 3659 1243; x_wconf 78' lang='lat' dir='ltr'><strong>imus-</strong></span> 
     </span>
    </p>
   </div>
   <div class='ocr_carea' id='block_1_57' title="bbox 2075 1275 3657 1346">
    <p class='ocr_par' dir='ltr' id='par_1_57' title="bbox 2075 1275 3657 1346">
     <span class='ocr_line' id='line_1_57' title="bbox 2075 1275 3657 1346; baseline 0.005 -19"><span class='ocrx_word' id='word_1_464' title='bbox 2075 1275 2311 1345; x_wconf 89' lang='lat' dir='ltr'><strong>quisque</strong></span> <span class='ocrx_word' id='word_1_465' title='bbox 2359 1275 2595 1346; x_wconf 80' lang='lat' dir='ltr'><strong>proximi</strong></span> <span class='ocrx_word' id='word_1_466' title='bbox 2643 1277 2729 1330; x_wconf 86' lang='lat' dir='ltr'><strong>sui</strong></span> <span class='ocrx_word' id='word_1_467' title='bbox 2765 1291 2780 1328; x_wconf 88' lang='lat'><strong>:</strong></span> <span class='ocrx_word' id='word_1_468' title='bbox 2811 1284 2869 1331; x_wconf 87' lang='lat' dir='ltr'><strong>et</strong></span> <span class='ocrx_word' id='word_1_469' title='bbox 2917 1289 3456 1333; x_wconf 85' lang='lat' dir='ltr'><strong>consummaverunt</strong></span> <span class='ocrx_word' id='word_1_470' title='bbox 3485 1280 3657 1335; x_wconf 68' lang='lat' dir='ltr'><strong>findit-3</strong></span> 
     </span>
    </p>
   </div>
   <div class='ocr_carea' id='block_1_58' title="bbox 2077 1365 3659 1438">
    <p class='ocr_par' dir='ltr' id='par_1_58' title="bbox 2077 1365 3659 1438">
     <span class='ocr_line' id='line_1_58' title="bbox 2077 1365 3659 1438; baseline 0.003 -17"><span class='ocrx_word' id='word_1_471' title='bbox 2077 1377 2204 1421; x_wconf 89' lang='lat' dir='ltr'><strong>ante</strong></span> <span class='ocrx_word' id='word_1_472' title='bbox 2259 1365 2453 1422; x_wconf 89' lang='lat' dir='ltr'><strong>faciem</strong></span> <span class='ocrx_word' id='word_1_473' title='bbox 2515 1382 2692 1421; x_wconf 84' lang='lat' dir='ltr'><strong>meam</strong></span> <span class='ocrx_word' id='word_1_474' title='bbox 2743 1367 2797 1420; x_wconf 91' lang='lat' dir='ltr'><strong>in</strong></span> <span class='ocrx_word' id='word_1_475' title='bbox 2843 1367 3031 1433; x_wconf 90' lang='lat' dir='ltr'><strong>domo,</strong></span> <span class='ocrx_word' id='word_1_476' title='bbox 3078 1384 3186 1438; x_wconf 87' lang='lat' dir='ltr'><strong>qua</strong></span> <span class='ocrx_word' id='word_1_477' title='bbox 3227 1369 3547 1423; x_wconf 89' lang='lat' dir='ltr'><strong>invocatum</strong></span> <span class='ocrx_word' id='word_1_478' title='bbox 3579 1382 3659 1425; x_wconf 81' lang='lat' dir='ltr'><strong>est</strong></span> 
     </span>
    </p>
   </div>
   <div class='ocr_carea' id='block_1_59' title="bbox 2077 1458 3662 1530">
    <p class='ocr_par' dir='ltr' id='par_1_59' title="bbox 2077 1458 3662 1530">
     <span class='ocr_line' id='line_1_59' title="bbox 2077 1458 3662 1530; baseline 0.001 -18"><span class='ocrx_word' id='word_1_479' title='bbox 2077 1474 2278 1513; x_wconf 89' lang='lat' dir='ltr'><strong>nomen</strong></span> <span class='ocrx_word' id='word_1_480' title='bbox 2312 1473 2492 1514; x_wconf 91' lang='lat' dir='ltr'><strong>meum</strong></span> <span class='ocrx_word' id='word_1_481' title='bbox 2526 1474 2694 1528; x_wconf 90' lang='lat' dir='ltr'><strong>super</strong></span> <span class='ocrx_word' id='word_1_482' title='bbox 2723 1473 2807 1513; x_wconf 91' lang='lat' dir='ltr'><strong>ea.</strong></span> <span class='ocrx_word' id='word_1_483' title='bbox 2845 1458 2933 1513; x_wconf 84' lang='grc'><strong>16.</strong></span> <span class='ocrx_word' id='word_1_484' title='bbox 2959 1460 3027 1514; x_wconf 86' lang='grc' dir='ltr'><strong>Ει</strong></span> <span class='ocrx_word' id='word_1_485' title='bbox 3060 1461 3266 1515; x_wconf 88' lang='lat' dir='ltr'><strong>reversi</strong></span> <span class='ocrx_word' id='word_1_486' title='bbox 3299 1461 3458 1528; x_wconf 87' lang='lat' dir='ltr'><strong>estis,</strong></span> <span class='ocrx_word' id='word_1_487' title='bbox 3481 1473 3534 1515; x_wconf 89' lang='lat' dir='ltr'><strong>et</strong></span> <span class='ocrx_word' id='word_1_488' title='bbox 3557 1464 3662 1530; x_wconf 82' lang='lat' dir='ltr'><strong>pot-</strong></span> 
     </span>
    </p>
   </div>
   <div class='ocr_carea' id='block_1_60' title="bbox 2078 1545 3660 1618">
    <p class='ocr_par' dir='ltr' id='par_1_60' title="bbox 2078 1545 3660 1618">
     <span class='ocr_line' id='line_1_60' title="bbox 2078 1545 3660 1618; baseline 0.001 -18"><span class='ocrx_word' id='word_1_489' title='bbox 2078 1547 2263 1602; x_wconf 88' lang='lat' dir='ltr'><strong>luistis</strong></span> <span class='ocrx_word' id='word_1_490' title='bbox 2295 1563 2493 1601; x_wconf 89' lang='lat' dir='ltr'><strong>nomen</strong></span> <span class='ocrx_word' id='word_1_491' title='bbox 2526 1562 2729 1612; x_wconf 91' lang='lat' dir='ltr'><strong>meum,</strong></span> <span class='ocrx_word' id='word_1_492' title='bbox 2761 1555 2822 1600; x_wconf 89' lang='lat' dir='ltr'><strong>ut</strong></span> <span class='ocrx_word' id='word_1_493' title='bbox 2845 1547 3023 1601; x_wconf 90' lang='lat' dir='ltr'><strong>redire</strong></span> <span class='ocrx_word' id='word_1_494' title='bbox 3047 1545 3254 1602; x_wconf 88' lang='lat' dir='ltr'><strong>faceret</strong></span> <span class='ocrx_word' id='word_1_495' title='bbox 3277 1549 3660 1618; x_wconf 86' lang='lat' dir='ltr'><strong>unusquisque</strong></span> 
     </span>
    </p>
   </div>
   <div class='ocr_carea' id='block_1_61' title="bbox 2081 1634 3654 1704">
    <p class='ocr_par' dir='ltr' id='par_1_61' title="bbox 2081 1634 3654 1704">
     <span class='ocr_line' id='line_1_61' title="bbox 2081 1634 3654 1704; baseline 0.001 -16"><span class='ocrx_word' id='word_1_496' title='bbox 2081 1648 2300 1688; x_wconf 90' lang='lat' dir='ltr'><strong>servum</strong></span> <span class='ocrx_word' id='word_1_497' title='bbox 2353 1649 2550 1698; x_wconf 91' lang='lat' dir='ltr'><strong>suum,</strong></span> <span class='ocrx_word' id='word_1_498' title='bbox 2604 1643 2660 1688; x_wconf 89' lang='lat' dir='ltr'><strong>et</strong></span> <span class='ocrx_word' id='word_1_499' title='bbox 2710 1634 3095 1704; x_wconf 85' lang='lat' dir='ltr'><strong>unusquisque</strong></span> <span class='ocrx_word' id='word_1_500' title='bbox 3147 1636 3416 1689; x_wconf 88' lang='lat' dir='ltr'><strong>ancillam</strong></span> <span class='ocrx_word' id='word_1_501' title='bbox 3478 1651 3654 1701; x_wconf 83' lang='lat' dir='ltr'><strong>suam,</strong></span> 
     </span>
    </p>
   </div>
   <div class='ocr_carea' id='block_1_62' title="bbox 2077 1725 3656 1796">
    <p class='ocr_par' dir='ltr' id='par_1_62' title="bbox 2077 1725 3656 1796">
     <span class='ocr_line' id='line_1_62' title="bbox 2077 1725 3656 1796; baseline 0.003 -18"><span class='ocrx_word' id='word_1_502' title='bbox 2077 1740 2218 1794; x_wconf 86' lang='lat' dir='ltr'><strong>quos</strong></span> <span class='ocrx_word' id='word_1_503' title='bbox 2266 1725 2598 1779; x_wconf 88' lang='lat' dir='ltr'><strong>dimiseratis</strong></span> <span class='ocrx_word' id='word_1_504' title='bbox 2639 1725 2843 1780; x_wconf 88' lang='lat' dir='ltr'><strong>liberos</strong></span> <span class='ocrx_word' id='word_1_505' title='bbox 2883 1725 3082 1780; x_wconf 69' lang='lat' dir='ltr'><strong>animae</strong></span> <span class='ocrx_word' id='word_1_506' title='bbox 3105 1741 3240 1788; x_wconf 68' lang='lat' dir='ltr'><strong>suae,</strong></span> <span class='ocrx_word' id='word_1_507' title='bbox 3271 1736 3328 1780; x_wconf 89' lang='lat' dir='ltr'><strong>et</strong></span> <span class='ocrx_word' id='word_1_508' title='bbox 3357 1727 3656 1796; x_wconf 84' lang='lat' dir='ltr'><strong>subegistis</strong></span> 
     </span>
    </p>
   </div>
   <div class='ocr_carea' id='block_1_63' title="bbox 2076 1815 3661 1882">
    <p class='ocr_par' dir='ltr' id='par_1_63' title="bbox 2076 1815 3661 1882">
     <span class='ocr_line' id='line_1_63' title="bbox 2076 1815 3661 1882; baseline 0 -11"><span class='ocrx_word' id='word_1_509' title='bbox 2076 1832 2195 1881; x_wconf 91' lang='lat' dir='ltr'><strong>eos,</strong></span> <span class='ocrx_word' id='word_1_510' title='bbox 2230 1825 2290 1871; x_wconf 93' lang='lat' dir='ltr'><strong>ut</strong></span> <span class='ocrx_word' id='word_1_511' title='bbox 2312 1816 2427 1871; x_wconf 89' lang='lat' dir='ltr'><strong>sint</strong></span> <span class='ocrx_word' id='word_1_512' title='bbox 2446 1816 2604 1871; x_wconf 85' lang='lat' dir='ltr'><strong>vobis</strong></span> <span class='ocrx_word' id='word_1_513' title='bbox 2627 1815 2682 1870; x_wconf 92' lang='lat' dir='ltr'><strong>in</strong></span> <span class='ocrx_word' id='word_1_514' title='bbox 2713 1830 2926 1882; x_wconf 88' lang='lat' dir='ltr'><strong>servos,</strong></span> <span class='ocrx_word' id='word_1_515' title='bbox 2951 1826 3006 1872; x_wconf 89' lang='lat' dir='ltr'><strong>et</strong></span> <span class='ocrx_word' id='word_1_516' title='bbox 3033 1817 3086 1871; x_wconf 94' lang='lat' dir='ltr'><strong>in</strong></span> <span class='ocrx_word' id='word_1_517' title='bbox 3111 1817 3372 1871; x_wconf 86' lang='lat' dir='ltr'><strong>ancillas.</strong></span> <span class='ocrx_word' id='word_1_518' title='bbox 3408 1818 3496 1872; x_wconf 86' lang='grc'><strong>17.</strong></span> <span class='ocrx_word' id='word_1_519' title='bbox 3528 1818 3661 1872; x_wconf 79' lang='lat' dir='ltr'><strong>Pro-</strong></span> 
     </span>
    </p>
   </div>
   <div class='ocr_carea' id='block_1_64' title="bbox 2077 1904 3656 1976">
    <p class='ocr_par' dir='ltr' id='par_1_64' title="bbox 2077 1904 3656 1976">
     <span class='ocr_line' id='line_1_64' title="bbox 2077 1904 3656 1976; baseline 0.003 -16"><span class='ocrx_word' id='word_1_520' title='bbox 2077 1915 2198 1976; x_wconf 90' lang='lat' dir='ltr'><strong>pter</strong></span> <span class='ocrx_word' id='word_1_521' title='bbox 2217 1906 2320 1962; x_wconf 90' lang='lat' dir='ltr'><strong>hoc</strong></span> <span class='ocrx_word' id='word_1_522' title='bbox 2344 1906 2425 1961; x_wconf 88' lang='lat' dir='ltr'><strong>sic</strong></span> <span class='ocrx_word' id='word_1_523' title='bbox 2448 1905 2590 1962; x_wconf 90' lang='lat' dir='ltr'><strong>dixit</strong></span> <span class='ocrx_word' id='word_1_524' title='bbox 2617 1904 2887 1962; x_wconf 87' lang='lat' dir='ltr'><strong>Dominus</strong></span> <span class='ocrx_word' id='word_1_525' title='bbox 2915 1925 2930 1961; x_wconf 87' lang='lat'><strong>:</strong></span> <span class='ocrx_word' id='word_1_526' title='bbox 2964 1907 3074 1963; x_wconf 86' lang='lat' dir='ltr'><strong>Vos</strong></span> <span class='ocrx_word' id='word_1_527' title='bbox 3096 1922 3206 1962; x_wconf 91' lang='lat' dir='ltr'><strong>non</strong></span> <span class='ocrx_word' id='word_1_528' title='bbox 3231 1907 3531 1963; x_wconf 87' lang='lat' dir='ltr'><strong>audivistis</strong></span> <span class='ocrx_word' id='word_1_529' title='bbox 3551 1925 3656 1973; x_wconf 91' lang='lat' dir='ltr'><strong>me,</strong></span> 
     </span>
    </p>
   </div>
   <div class='ocr_carea' id='block_1_65' title="bbox 2078 1996 3657 2068">
    <p class='ocr_par' dir='ltr' id='par_1_65' title="bbox 2078 1996 3657 2068">
     <span class='ocr_line' id='line_1_65' title="bbox 2078 1996 3657 2068; baseline 0.003 -18"><span class='ocrx_word' id='word_1_530' title='bbox 2078 2005 2139 2050; x_wconf 92' lang='lat' dir='ltr'><strong>ut</strong></span> <span class='ocrx_word' id='word_1_531' title='bbox 2182 2005 2402 2051; x_wconf 89' lang='lat' dir='ltr'><strong>vocaret</strong></span> <span class='ocrx_word' id='word_1_532' title='bbox 2444 1996 2822 2053; x_wconf 88' lang='lat' dir='ltr'><strong>dimissionem</strong></span> <span class='ocrx_word' id='word_1_533' title='bbox 2871 1999 3256 2068; x_wconf 87' lang='lat' dir='ltr'><strong>unusquisque</strong></span> <span class='ocrx_word' id='word_1_534' title='bbox 3315 2000 3386 2053; x_wconf 89' lang='lat' dir='ltr'><strong>ad</strong></span> <span class='ocrx_word' id='word_1_535' title='bbox 3438 1999 3657 2055; x_wconf 79' lang='lat' dir='ltr'><strong>fratrem</strong></span> 
     </span>
    </p>
   </div>
   <div class='ocr_carea' id='block_1_66' title="bbox 2080 2087 3660 2159">
    <p class='ocr_par' dir='ltr' id='par_1_66' title="bbox 2080 2087 3660 2159">
     <span class='ocr_line' id='line_1_66' title="bbox 2080 2087 3660 2159; baseline 0.002 -17"><span class='ocrx_word' id='word_1_536' title='bbox 2080 2101 2266 2152; x_wconf 86' lang='lat' dir='ltr'><strong>suum,</strong></span> <span class='ocrx_word' id='word_1_537' title='bbox 2305 2096 2361 2142; x_wconf 89' lang='lat' dir='ltr'><strong>et</strong></span> <span class='ocrx_word' id='word_1_538' title='bbox 2407 2087 2792 2159; x_wconf 85' lang='lat' dir='ltr'><strong>unusquisque</strong></span> <span class='ocrx_word' id='word_1_539' title='bbox 2824 2089 2892 2143; x_wconf 90' lang='lat' dir='ltr'><strong>ad</strong></span> <span class='ocrx_word' id='word_1_540' title='bbox 2937 2090 3254 2158; x_wconf 80' lang='lat' dir='ltr'><strong>proximum</strong></span> <span class='ocrx_word' id='word_1_541' title='bbox 3300 2105 3492 2144; x_wconf 90' lang='lat' dir='ltr'><strong>suum.</strong></span> <span class='ocrx_word' id='word_1_542' title='bbox 3528 2090 3660 2146; x_wconf 80' lang='lat' dir='ltr'><strong>Ecce</strong></span> 
     </span>
    </p>
   </div>
   <div class='ocr_carea' id='block_1_67' title="bbox 2080 2177 3660 2246">
    <p class='ocr_par' dir='ltr' id='par_1_67' title="bbox 2080 2177 3660 2246">
     <span class='ocr_line' id='line_1_67' title="bbox 2080 2177 3660 2246; baseline 0.001 -16"><span class='ocrx_word' id='word_1_543' title='bbox 2080 2191 2186 2246; x_wconf 87' lang='lat' dir='ltr'><strong>ego</strong></span> <span class='ocrx_word' id='word_1_544' title='bbox 2235 2191 2376 2232; x_wconf 90' lang='lat' dir='ltr'><strong>voco</strong></span> <span class='ocrx_word' id='word_1_545' title='bbox 2421 2177 2579 2233; x_wconf 88' lang='lat' dir='ltr'><strong>vobis</strong></span> <span class='ocrx_word' id='word_1_546' title='bbox 2625 2178 3026 2241; x_wconf 76' lang='lat' dir='ltr'><strong>dimissionem,</strong></span> <span class='ocrx_word' id='word_1_547' title='bbox 3077 2178 3215 2232; x_wconf 89' lang='lat' dir='ltr'><strong>dicit</strong></span> <span class='ocrx_word' id='word_1_548' title='bbox 3265 2177 3562 2240; x_wconf 88' lang='lat' dir='ltr'><strong>Dominus,</strong></span> <span class='ocrx_word' id='word_1_549' title='bbox 3607 2179 3660 2233; x_wconf 91' lang='lat' dir='ltr'><strong>in</strong></span> 
     </span>
    </p>
   </div>
   <div class='ocr_carea' id='block_1_68' title="bbox 2086 2267 3659 2336">
    <p class='ocr_par' dir='ltr' id='par_1_68' title="bbox 2086 2267 3659 2336">
     <span class='ocr_line' id='line_1_68' title="bbox 2086 2267 3659 2336; baseline 0.003 -16"><span class='ocrx_word' id='word_1_550' title='bbox 2086 2267 2348 2336; x_wconf 83' lang='lat' dir='ltr'><strong>gladium,</strong></span> <span class='ocrx_word' id='word_1_551' title='bbox 2384 2275 2440 2323; x_wconf 89' lang='lat' dir='ltr'><strong>et</strong></span> <span class='ocrx_word' id='word_1_552' title='bbox 2483 2268 2537 2322; x_wconf 91' lang='lat' dir='ltr'><strong>in</strong></span> <span class='ocrx_word' id='word_1_553' title='bbox 2575 2277 2830 2329; x_wconf 87' lang='lat' dir='ltr'><strong>mortem,</strong></span> <span class='ocrx_word' id='word_1_554' title='bbox 2868 2278 2923 2323; x_wconf 89' lang='lat' dir='ltr'><strong>et</strong></span> <span class='ocrx_word' id='word_1_555' title='bbox 2949 2269 3002 2322; x_wconf 92' lang='lat' dir='ltr'><strong>in</strong></span> <span class='ocrx_word' id='word_1_556' title='bbox 3033 2268 3230 2322; x_wconf 90' lang='lat' dir='ltr'><strong>famem</strong></span> <span class='ocrx_word' id='word_1_557' title='bbox 3275 2279 3372 2323; x_wconf 90' lang='lat' dir='ltr'><strong>:et</strong></span> <span class='ocrx_word' id='word_1_558' title='bbox 3400 2269 3544 2323; x_wconf 84' lang='lat' dir='ltr'><strong>dabo</strong></span> <span class='ocrx_word' id='word_1_559' title='bbox 3569 2286 3659 2324; x_wconf 85' lang='lat' dir='ltr'><strong>vos</strong></span> 
     </span>
    </p>
   </div>
   <div class='ocr_carea' id='block_1_69' title="bbox 2081 2357 3657 2427">
    <p class='ocr_par' dir='ltr' id='par_1_69' title="bbox 2081 2357 3657 2427">
     <span class='ocr_line' id='line_1_69' title="bbox 2081 2357 3657 2427; baseline 0.001 -16"><span class='ocrx_word' id='word_1_560' title='bbox 2081 2358 2135 2411; x_wconf 92' lang='lat' dir='ltr'><strong>in</strong></span> <span class='ocrx_word' id='word_1_561' title='bbox 2185 2358 2580 2426; x_wconf 88' lang='lat' dir='ltr'><strong>dispersionem</strong></span> <span class='ocrx_word' id='word_1_562' title='bbox 2616 2358 2672 2412; x_wconf 92' lang='lat' dir='ltr'><strong>in</strong></span> <span class='ocrx_word' id='word_1_563' title='bbox 2702 2357 2960 2414; x_wconf 88' lang='lat' dir='ltr'><strong>omnibus</strong></span> <span class='ocrx_word' id='word_1_564' title='bbox 3003 2359 3186 2427; x_wconf 84' lang='lat' dir='ltr'><strong>regnis</strong></span> <span class='ocrx_word' id='word_1_565' title='bbox 3233 2367 3404 2414; x_wconf 70' lang='lat' dir='ltr'><strong>terrae</strong></span> <span class='ocrx_word' id='word_1_566' title='bbox 3437 2377 3451 2412; x_wconf 91' lang='lat'><strong>:</strong></span> <span class='ocrx_word' id='word_1_567' title='bbox 3485 2360 3570 2413; x_wconf 87' lang='grc'><strong>18.</strong></span> <span class='ocrx_word' id='word_1_568' title='bbox 3606 2367 3657 2412; x_wconf 86' lang='lat' dir='ltr'><strong>et</strong></span> 
     </span>
    </p>
   </div>
   <div class='ocr_carea' id='block_1_70' title="bbox 2081 2448 3657 2520">
    <p class='ocr_par' dir='ltr' id='par_1_70' title="bbox 2081 2448 3657 2520">
     <span class='ocr_line' id='line_1_70' title="bbox 2081 2448 3657 2520; baseline -0.001 -16"><span class='ocrx_word' id='word_1_569' title='bbox 2081 2448 2223 2504; x_wconf 89' lang='lat' dir='ltr'><strong>dabo</strong></span> <span class='ocrx_word' id='word_1_570' title='bbox 2276 2463 2375 2504; x_wconf 87' lang='lat' dir='ltr'><strong>eos</strong></span> <span class='ocrx_word' id='word_1_571' title='bbox 2430 2449 2713 2513; x_wconf 90' lang='lat' dir='ltr'><strong>homines,</strong></span> <span class='ocrx_word' id='word_1_572' title='bbox 2767 2450 2858 2519; x_wconf 91' lang='lat' dir='ltr'><strong>qui</strong></span> <span class='ocrx_word' id='word_1_573' title='bbox 2910 2451 3238 2520; x_wconf 74' lang='lat' dir='ltr'><strong>transgressi</strong></span> <span class='ocrx_word' id='word_1_574' title='bbox 3292 2458 3426 2504; x_wconf 91' lang='lat' dir='ltr'><strong>sunt</strong></span> <span class='ocrx_word' id='word_1_575' title='bbox 3484 2448 3657 2504; x_wconf 68' lang='lat' dir='ltr'><strong>fwdus</strong></span> 
     </span>
    </p>
   </div>
   <div class='ocr_carea' id='block_1_71' title="bbox 2082 2538 3657 2608">
    <p class='ocr_par' dir='ltr' id='par_1_71' title="bbox 2082 2538 3657 2608">
     <span class='ocr_line' id='line_1_71' title="bbox 2082 2538 3657 2608; baseline 0 -15"><span class='ocrx_word' id='word_1_576' title='bbox 2082 2555 2288 2602; x_wconf 85' lang='lat' dir='ltr'><strong>meum,</strong></span> <span class='ocrx_word' id='word_1_577' title='bbox 2337 2539 2434 2608; x_wconf 91' lang='lat' dir='ltr'><strong>qui</strong></span> <span class='ocrx_word' id='word_1_578' title='bbox 2477 2554 2586 2594; x_wconf 91' lang='lat' dir='ltr'><strong>non</strong></span> <span class='ocrx_word' id='word_1_579' title='bbox 2619 2538 3001 2600; x_wconf 86' lang='lat' dir='ltr'><strong>stabiliverum</strong></span> <span class='ocrx_word' id='word_1_580' title='bbox 3041 2543 3108 2606; x_wconf 55' lang='grc' dir='ltr'><strong>χ(</strong></span> <span class='ocrx_word' id='word_1_581' title='bbox 3145 2539 3324 2594; x_wconf 87' lang='lat' dir='ltr'><strong>verba</strong></span> <span class='ocrx_word' id='word_1_582' title='bbox 3375 2539 3398 2607; x_wconf 96' lang='lat'><strong>1</strong></span> <span class='ocrx_word' id='word_1_583' title='bbox 3446 2539 3657 2593; x_wconf 67' lang='lat' dir='ltr'><strong>fuederis</strong></span> 
     </span>
    </p>
   </div>
   <div class='ocr_carea' id='block_1_72' title="bbox 2083 2627 3651 2698">
    <p class='ocr_par' dir='ltr' id='par_1_72' title="bbox 2083 2627 3651 2698">
     <span class='ocr_line' id='line_1_72' title="bbox 2083 2627 3651 2698; baseline -0.001 -15"><span class='ocrx_word' id='word_1_584' title='bbox 2083 2629 2214 2696; x_wconf 89' lang='lat' dir='ltr'><strong>mei,</strong></span> <span class='ocrx_word' id='word_1_585' title='bbox 2250 2629 2399 2698; x_wconf 90' lang='lat' dir='ltr'><strong>quod</strong></span> <span class='ocrx_word' id='word_1_586' title='bbox 2446 2627 2699 2685; x_wconf 87' lang='lat' dir='ltr'><strong>fecerunt</strong></span> <span class='ocrx_word' id='word_1_587' title='bbox 2751 2639 2879 2686; x_wconf 91' lang='lat' dir='ltr'><strong>ante</strong></span> <span class='ocrx_word' id='word_1_588' title='bbox 2923 2629 3117 2686; x_wconf 89' lang='lat' dir='ltr'><strong>faciem</strong></span> <span class='ocrx_word' id='word_1_589' title='bbox 3165 2643 3377 2693; x_wconf 88' lang='lat' dir='ltr'><strong>meam,</strong></span> <span class='ocrx_word' id='word_1_590' title='bbox 3411 2630 3651 2691; x_wconf 84' lang='lat' dir='ltr'><strong>vitulum,</strong></span> 
     </span>
    </p>
   </div>
   <div class='ocr_carea' id='block_1_73' title="bbox 2080 2719 3655 2790">
    <p class='ocr_par' dir='ltr' id='par_1_73' title="bbox 2080 2719 3655 2790">
     <span class='ocr_line' id='line_1_73' title="bbox 2080 2719 3655 2790; baseline -0.003 -15"><span class='ocrx_word' id='word_1_591' title='bbox 2080 2720 2148 2790; x_wconf 75' lang='lat' dir='ltr'><strong>(f)</strong></span> <span class='ocrx_word' id='word_1_592' title='bbox 2174 2735 2332 2790; x_wconf 91' lang='lat' dir='ltr'><strong>quem</strong></span> <span class='ocrx_word' id='word_1_593' title='bbox 2370 2719 2615 2774; x_wconf 86' lang='lat' dir='ltr'><strong>fecerunt</strong></span> <span class='ocrx_word' id='word_1_594' title='bbox 2637 2723 2704 2788; x_wconf 59' lang='grc' dir='ltr'>Χ</span> <span class='ocrx_word' id='word_1_595' title='bbox 2728 2721 2805 2790; x_wconf 87' lang='lat' dir='ltr'><strong>(g)</strong></span> <span class='ocrx_word' id='word_1_596' title='bbox 2838 2721 2893 2774; x_wconf 92' lang='lat' dir='ltr'><strong>in</strong></span> <span class='ocrx_word' id='word_1_597' title='bbox 2917 2720 3028 2775; x_wconf 90' lang='lat' dir='ltr'><strong>duo</strong></span> <span class='ocrx_word' id='word_1_598' title='bbox 3053 2721 3102 2788; x_wconf 90' lang='lat'><strong>1,</strong></span> <span class='ocrx_word' id='word_1_599' title='bbox 3137 2730 3190 2774; x_wconf 89' lang='lat' dir='ltr'><strong>et</strong></span> <span class='ocrx_word' id='word_1_600' title='bbox 3222 2720 3570 2774; x_wconf 84' lang='lat' dir='ltr'><strong>transierunt</strong></span> <span class='ocrx_word' id='word_1_601' title='bbox 3592 2723 3655 2786; x_wconf 57' lang='grc' dir='ltr'><strong>μί</strong></span> 
     </span>
    </p>
   </div>
   <div class='ocr_carea' id='block_1_74' title="bbox 2081 2810 3654 2882">
    <p class='ocr_par' dir='ltr' id='par_1_74' title="bbox 2081 2810 3654 2882">
     <span class='ocr_line' id='line_1_74' title="bbox 2081 2810 3654 2882; baseline 0 -18"><span class='ocrx_word' id='word_1_602' title='bbox 2081 2811 2138 2864; x_wconf 91' lang='lat' dir='ltr'><strong>in</strong></span> <span class='ocrx_word' id='word_1_603' title='bbox 2174 2810 2358 2865; x_wconf 90' lang='lat' dir='ltr'><strong>medio</strong></span> <span class='ocrx_word' id='word_1_604' title='bbox 2411 2818 2820 2880; x_wconf 85' lang='lat' dir='ltr'><strong>segmentorum</strong></span> <span class='ocrx_word' id='word_1_605' title='bbox 2855 2811 2977 2880; x_wconf 89' lang='lat' dir='ltr'><strong>ejus</strong></span> <span class='ocrx_word' id='word_1_606' title='bbox 3009 2812 3058 2879; x_wconf 96' lang='lat'><strong>1,</strong></span> <span class='ocrx_word' id='word_1_607' title='bbox 3114 2811 3203 2866; x_wconf 88' lang='grc'><strong>19.</strong></span> <span class='ocrx_word' id='word_1_608' title='bbox 3249 2811 3335 2882; x_wconf 73' lang='lat' dir='ltr'><strong>(It)</strong></span> <span class='ocrx_word' id='word_1_609' title='bbox 3373 2811 3654 2880; x_wconf 67' lang='lat' dir='ltr'><strong>praefectos</strong></span> 
     </span>
    </p>
   </div>
   <div class='ocr_carea' id='block_1_75' title="bbox 2079 2899 3655 2971">
    <p class='ocr_par' dir='ltr' id='par_1_75' title="bbox 2079 2899 3655 2971">
     <span class='ocr_line' id='line_1_75' title="bbox 2079 2899 3655 2971; baseline -0.001 -16"><span class='ocrx_word' id='word_1_610' title='bbox 2079 2899 2253 2964; x_wconf 69' lang='lat' dir='ltr'><strong>Judm,</strong></span> <span class='ocrx_word' id='word_1_611' title='bbox 2293 2909 2348 2956; x_wconf 90' lang='lat' dir='ltr'><strong>et</strong></span> <span class='ocrx_word' id='word_1_612' title='bbox 2377 2900 2658 2971; x_wconf 67' lang='lat' dir='ltr'><strong>praefectos</strong></span> <span class='ocrx_word' id='word_1_613' title='bbox 2687 2899 3007 2968; x_wconf 85' lang='lat' dir='ltr'><strong>Jerusalem,</strong></span> <span class='ocrx_word' id='word_1_614' title='bbox 3043 2903 3363 2966; x_wconf 83' lang='lat' dir='ltr'><strong>eunuchos,</strong></span> <span class='ocrx_word' id='word_1_615' title='bbox 3395 2913 3448 2956; x_wconf 89' lang='lat' dir='ltr'><strong>et</strong></span> <span class='ocrx_word' id='word_1_616' title='bbox 3483 2917 3655 2955; x_wconf 85' lang='lat' dir='ltr'><strong>sacer-</strong></span> 
     </span>
    </p>
   </div>
   <div class='ocr_carea' id='block_1_76' title="bbox 2083 2993 3654 3063">
    <p class='ocr_par' dir='ltr' id='par_1_76' title="bbox 2083 2993 3654 3063">
     <span class='ocr_line' id='line_1_76' title="bbox 2083 2993 3654 3063; baseline -0.002 -16"><span class='ocrx_word' id='word_1_617' title='bbox 2083 2993 2260 3057; x_wconf 88' lang='lat' dir='ltr'><strong>dotes,</strong></span> <span class='ocrx_word' id='word_1_618' title='bbox 2296 3002 2350 3048; x_wconf 89' lang='lat' dir='ltr'><strong>et</strong></span> <span class='ocrx_word' id='word_1_619' title='bbox 2389 3007 2610 3048; x_wconf 87' lang='lat' dir='ltr'><strong>omnem</strong></span> <span class='ocrx_word' id='word_1_620' title='bbox 2655 2994 2917 3063; x_wconf 87' lang='lat' dir='ltr'><strong>populum</strong></span> <span class='ocrx_word' id='word_1_621' title='bbox 2967 3003 3126 3048; x_wconf 65' lang='lat' dir='ltr'><strong>terra:</strong></span> <span class='ocrx_word' id='word_1_622' title='bbox 3155 2995 3218 3062; x_wconf 74' lang='grc' dir='ltr'><strong>(ἱ)</strong></span> <span class='ocrx_word' id='word_1_623' title='bbox 3254 2995 3320 3060; x_wconf 91' lang='lat' dir='ltr'><strong>ii,</strong></span> <span class='ocrx_word' id='word_1_624' title='bbox 3353 2993 3450 3062; x_wconf 90' lang='lat' dir='ltr'><strong>qui</strong></span> <span class='ocrx_word' id='word_1_625' title='bbox 3481 3004 3654 3046; x_wconf 86' lang='lat' dir='ltr'><strong>trans-</strong></span> 
     </span>
    </p>
   </div>
   <div class='ocr_carea' id='block_1_77' title="bbox 2084 3081 3655 3152">
    <p class='ocr_par' dir='ltr' id='par_1_77' title="bbox 2084 3081 3655 3152">
     <span class='ocr_line' id='line_1_77' title="bbox 2084 3081 3655 3152; baseline -0.003 -14"><span class='ocrx_word' id='word_1_626' title='bbox 2084 3084 2267 3140; x_wconf 89' lang='lat' dir='ltr'><strong>ierunt</strong></span> <span class='ocrx_word' id='word_1_627' title='bbox 2317 3083 2371 3136; x_wconf 92' lang='lat' dir='ltr'><strong>in</strong></span> <span class='ocrx_word' id='word_1_628' title='bbox 2419 3084 2600 3136; x_wconf 91' lang='lat' dir='ltr'><strong>medio</strong></span> <span class='ocrx_word' id='word_1_629' title='bbox 2649 3091 3056 3152; x_wconf 84' lang='lat' dir='ltr'><strong>segmentorum</strong></span> <span class='ocrx_word' id='word_1_630' title='bbox 3100 3083 3279 3148; x_wconf 83' lang='lat' dir='ltr'><strong>vituli,</strong></span> <span class='ocrx_word' id='word_1_631' title='bbox 3313 3083 3406 3137; x_wconf 78' lang='lat'><strong>20.</strong></span> <span class='ocrx_word' id='word_1_632' title='bbox 3438 3089 3492 3136; x_wconf 91' lang='lat' dir='ltr'><strong>et</strong></span> <span class='ocrx_word' id='word_1_633' title='bbox 3520 3081 3655 3134; x_wconf 88' lang='lat' dir='ltr'><strong>dabo</strong></span> 
     </span>
    </p>
   </div>
   <div class='ocr_carea' id='block_1_78' title="bbox 2085 3173 3653 3243">
    <p class='ocr_par' dir='ltr' id='par_1_78' title="bbox 2085 3173 3653 3243">
     <span class='ocr_line' id='line_1_78' title="bbox 2085 3173 3653 3243; baseline -0.002 -15"><span class='ocrx_word' id='word_1_634' title='bbox 2085 3188 2182 3229; x_wconf 88' lang='lat' dir='ltr'><strong>eos</strong></span> <span class='ocrx_word' id='word_1_635' title='bbox 2220 3173 2273 3227; x_wconf 94' lang='lat' dir='ltr'><strong>in</strong></span> <span class='ocrx_word' id='word_1_636' title='bbox 2306 3188 2474 3227; x_wconf 90' lang='lat' dir='ltr'><strong>manu</strong></span> <span class='ocrx_word' id='word_1_637' title='bbox 2511 3173 2754 3227; x_wconf 89' lang='lat' dir='ltr'><strong>hostium</strong></span> <span class='ocrx_word' id='word_1_638' title='bbox 2783 3189 2998 3239; x_wconf 89' lang='lat' dir='ltr'><strong>eorum,</strong></span> <span class='ocrx_word' id='word_1_639' title='bbox 3030 3183 3086 3228; x_wconf 90' lang='lat' dir='ltr'><strong>et</strong></span> <span class='ocrx_word' id='word_1_640' title='bbox 3116 3174 3169 3228; x_wconf 92' lang='lat' dir='ltr'><strong>in</strong></span> <span class='ocrx_word' id='word_1_641' title='bbox 3201 3190 3375 3228; x_wconf 87' lang='lat' dir='ltr'><strong>manu</strong></span> <span class='ocrx_word' id='word_1_642' title='bbox 3408 3187 3653 3243; x_wconf 66' lang='lat' dir='ltr'><strong>quaeren-</strong></span> 
     </span>
    </p>
   </div>
   <div class='ocr_carea' id='block_1_79' title="bbox 2083 3263 3647 3327">
    <p class='ocr_par' dir='ltr' id='par_1_79' title="bbox 2083 3263 3647 3327">
     <span class='ocr_line' id='line_1_79' title="bbox 2083 3263 3647 3327; baseline -0.003 -8"><span class='ocrx_word' id='word_1_643' title='bbox 2083 3264 2221 3319; x_wconf 82' lang='lat' dir='ltr'><strong>ti&#39;um</strong></span> <span class='ocrx_word' id='word_1_644' title='bbox 2251 3263 2468 3317; x_wconf 87' lang='lat' dir='ltr'><strong>animas</strong></span> <span class='ocrx_word' id='word_1_645' title='bbox 2489 3277 2704 3327; x_wconf 88' lang='lat' dir='ltr'><strong>eorum,</strong></span> <span class='ocrx_word' id='word_1_646' title='bbox 2726 3273 2780 3319; x_wconf 92' lang='lat' dir='ltr'><strong>et</strong></span> <span class='ocrx_word' id='word_1_647' title='bbox 2797 3264 2939 3318; x_wconf 89' lang='lat' dir='ltr'><strong>dabo</strong></span> <span class='ocrx_word' id='word_1_648' title='bbox 2960 3264 3230 3319; x_wconf 88' lang='lat' dir='ltr'><strong>cadavera</strong></span> <span class='ocrx_word' id='word_1_649' title='bbox 3246 3280 3443 3319; x_wconf 88' lang='lat' dir='ltr'><strong>eorum</strong></span> <span class='ocrx_word' id='word_1_650' title='bbox 3474 3265 3647 3317; x_wconf 80' lang='lat' dir='ltr'><strong>cibum</strong></span> 
     </span>
    </p>
   </div>
   <div class='ocr_carea' id='block_1_80' title="bbox 2085 3354 3652 3420">
    <p class='ocr_par' dir='ltr' id='par_1_80' title="bbox 2085 3354 3652 3420">
     <span class='ocr_line' id='line_1_80' title="bbox 2085 3354 3652 3420; baseline -0.001 -11"><span class='ocrx_word' id='word_1_651' title='bbox 2085 3356 2406 3410; x_wconf 89' lang='lat' dir='ltr'><strong>volatilibus</strong></span> <span class='ocrx_word' id='word_1_652' title='bbox 2450 3355 2597 3420; x_wconf 66' lang='lat' dir='ltr'><strong>caeli,</strong></span> <span class='ocrx_word' id='word_1_653' title='bbox 2628 3366 2684 3410; x_wconf 90' lang='lat' dir='ltr'><strong>et</strong></span> <span class='ocrx_word' id='word_1_654' title='bbox 2719 3355 2910 3411; x_wconf 85' lang='lat' dir='ltr'><strong>bestiis</strong></span> <span class='ocrx_word' id='word_1_655' title='bbox 2939 3365 3118 3411; x_wconf 59' lang='lat' dir='ltr'><strong>terras.</strong></span> <span class='ocrx_word' id='word_1_656' title='bbox 3157 3357 3248 3410; x_wconf 76' lang='lat'><strong>2|.</strong></span> <span class='ocrx_word' id='word_1_657' title='bbox 3278 3356 3352 3410; x_wconf 86' lang='lat' dir='ltr'><strong>Et</strong></span> <span class='ocrx_word' id='word_1_658' title='bbox 3383 3354 3652 3410; x_wconf 81' lang='lat' dir='ltr'><strong>Sedeciam</strong></span> 
     </span>
    </p>
   </div>
   <div class='ocr_carea' id='block_1_81' title="bbox 2084 3442 3652 3517">
    <p class='ocr_par' dir='ltr' id='par_1_81' title="bbox 2084 3442 3652 3517">
     <span class='ocr_line' id='line_1_81' title="bbox 2084 3442 3652 3517; baseline -0.003 -17"><span class='ocrx_word' id='word_1_659' title='bbox 2084 3461 2264 3517; x_wconf 87' lang='lat' dir='ltr'><strong>regem</strong></span> <span class='ocrx_word' id='word_1_660' title='bbox 2331 3443 2535 3501; x_wconf 75' lang='lat' dir='ltr'><strong>Judzea:</strong></span> <span class='ocrx_word' id='word_1_661' title='bbox 2567 3485 2585 3514; x_wconf 92' lang='lat'><strong>,</strong></span> <span class='ocrx_word' id='word_1_662' title='bbox 2649 3454 2704 3500; x_wconf 90' lang='lat' dir='ltr'><strong>et</strong></span> <span class='ocrx_word' id='word_1_663' title='bbox 2767 3445 3040 3516; x_wconf 88' lang='lat' dir='ltr'><strong>principes</strong></span> <span class='ocrx_word' id='word_1_664' title='bbox 3117 3461 3312 3500; x_wconf 86' lang='lat' dir='ltr'><strong>eorum</strong></span> <span class='ocrx_word' id='word_1_665' title='bbox 3395 3445 3533 3500; x_wconf 87' lang='lat' dir='ltr'><strong>dabo</strong></span> <span class='ocrx_word' id='word_1_666' title='bbox 3600 3442 3652 3496; x_wconf 93' lang='lat' dir='ltr'><strong>in</strong></span> 
     </span>
    </p>
   </div>
   <div class='ocr_carea' id='block_1_82' title="bbox 2089 3535 3654 3601">
    <p class='ocr_par' dir='ltr' id='par_1_82' title="bbox 2089 3535 3654 3601">
     <span class='ocr_line' id='line_1_82' title="bbox 2089 3535 3654 3601; baseline -0.003 -12"><span class='ocrx_word' id='word_1_667' title='bbox 2089 3550 2284 3589; x_wconf 84' lang='lat' dir='ltr'><strong>manus</strong></span> <span class='ocrx_word' id='word_1_668' title='bbox 2345 3535 2694 3591; x_wconf 88' lang='lat' dir='ltr'><strong>inimicorum</strong></span> <span class='ocrx_word' id='word_1_669' title='bbox 2761 3548 2978 3598; x_wconf 89' lang='lat' dir='ltr'><strong>eorum,</strong></span> <span class='ocrx_word' id='word_1_670' title='bbox 3042 3535 3192 3588; x_wconf 91' lang='lat' dir='ltr'><strong>etin</strong></span> <span class='ocrx_word' id='word_1_671' title='bbox 3235 3549 3463 3588; x_wconf 89' lang='lat' dir='ltr'><strong>manum</strong></span> <span class='ocrx_word' id='word_1_672' title='bbox 3511 3545 3654 3601; x_wconf 71' lang='lat' dir='ltr'><strong>qua:-</strong></span> 
     </span>
    </p>
   </div>
   <div class='ocr_carea' id='block_1_83' title="bbox 2087 3619 3653 3694">
    <p class='ocr_par' dir='ltr' id='par_1_83' title="bbox 2087 3619 3653 3694">
     <span class='ocr_line' id='line_1_83' title="bbox 2087 3619 3653 3694; baseline -0.004 -15"><span class='ocrx_word' id='word_1_673' title='bbox 2087 3625 2327 3679; x_wconf 89' lang='lat' dir='ltr'><strong>rcntium</strong></span> <span class='ocrx_word' id='word_1_674' title='bbox 2379 3624 2596 3679; x_wconf 89' lang='lat' dir='ltr'><strong>animas</strong></span> <span class='ocrx_word' id='word_1_675' title='bbox 2633 3639 2852 3691; x_wconf 87' lang='lat' dir='ltr'><strong>eorum,</strong></span> <span class='ocrx_word' id='word_1_676' title='bbox 2907 3632 2962 3679; x_wconf 90' lang='lat' dir='ltr'><strong>et</strong></span> <span class='ocrx_word' id='word_1_677' title='bbox 3003 3623 3058 3678; x_wconf 87' lang='lat' dir='ltr'><strong>in</strong></span> <span class='ocrx_word' id='word_1_678' title='bbox 3104 3639 3334 3678; x_wconf 88' lang='lat' dir='ltr'><strong>manum</strong></span> <span class='ocrx_word' id='word_1_679' title='bbox 3379 3619 3653 3694; x_wconf 84' lang='lat' dir='ltr'><strong>potestatis</strong></span> 
     </span>
    </p>
   </div>
   <div class='ocr_carea' id='block_1_84' title="bbox 2086 3714 3654 3785">
    <p class='ocr_par' dir='ltr' id='par_1_84' title="bbox 2086 3714 3654 3785">
     <span class='ocr_line' id='line_1_84' title="bbox 2086 3714 3654 3785; baseline -0.003 -17"><span class='ocrx_word' id='word_1_680' title='bbox 2086 3716 2230 3782; x_wconf 75' lang='lat' dir='ltr'><strong>regis</strong></span> <span class='ocrx_word' id='word_1_681' title='bbox 2255 3716 2576 3785; x_wconf 87' lang='lat' dir='ltr'><strong>Babylonis,</strong></span> <span class='ocrx_word' id='word_1_682' title='bbox 2609 3715 2682 3783; x_wconf 71' lang='lat' dir='ltr'><strong>(Ir)</strong></span> <span class='ocrx_word' id='word_1_683' title='bbox 2708 3714 3032 3785; x_wconf 90' lang='lat' dir='ltr'><strong>fugientium</strong></span> <span class='ocrx_word' id='word_1_684' title='bbox 3060 3715 3129 3770; x_wconf 88' lang='lat' dir='ltr'><strong>ab</strong></span> <span class='ocrx_word' id='word_1_685' title='bbox 3151 3717 3253 3771; x_wconf 87' lang='lat' dir='ltr'><strong>eis.</strong></span> <span class='ocrx_word' id='word_1_686' title='bbox 3288 3715 3383 3771; x_wconf 72' lang='grc'><strong>22.</strong></span> <span class='ocrx_word' id='word_1_687' title='bbox 3410 3715 3545 3770; x_wconf 76' lang='lat' dir='ltr'><strong>Ecce</strong></span> <span class='ocrx_word' id='word_1_688' title='bbox 3559 3726 3654 3781; x_wconf 84' lang='lat' dir='ltr'><strong>ego</strong></span> 
     </span>
    </p>
   </div>
   <div class='ocr_carea' id='block_1_85' title="bbox 2085 3804 3651 3872">
    <p class='ocr_par' dir='ltr' id='par_1_85' title="bbox 2085 3804 3651 3872">
     <span class='ocr_line' id='line_1_85' title="bbox 2085 3804 3651 3872; baseline -0.001 -16"><span class='ocrx_word' id='word_1_689' title='bbox 2085 3805 2362 3872; x_wconf 70' lang='lat' dir='ltr'><strong>praecipio,</strong></span> <span class='ocrx_word' id='word_1_690' title='bbox 2399 3805 2528 3859; x_wconf 88' lang='lat' dir='ltr'><strong>dicit</strong></span> <span class='ocrx_word' id='word_1_691' title='bbox 2565 3805 2853 3872; x_wconf 89' lang='lat' dir='ltr'><strong>Dominus,</strong></span> <span class='ocrx_word' id='word_1_692' title='bbox 2890 3814 2946 3860; x_wconf 88' lang='lat' dir='ltr'><strong>et</strong></span> <span class='ocrx_word' id='word_1_693' title='bbox 2973 3805 3228 3860; x_wconf 88' lang='lat' dir='ltr'><strong>reducam</strong></span> <span class='ocrx_word' id='word_1_694' title='bbox 3255 3821 3356 3862; x_wconf 89' lang='lat' dir='ltr'><strong>eos</strong></span> <span class='ocrx_word' id='word_1_695' title='bbox 3391 3808 3444 3860; x_wconf 93' lang='lat' dir='ltr'><strong>in</strong></span> <span class='ocrx_word' id='word_1_696' title='bbox 3470 3804 3651 3858; x_wconf 88' lang='lat' dir='ltr'><strong>urbem</strong></span> 
     </span>
    </p>
   </div>
   <div class='ocr_carea' id='block_1_86' title="bbox 2087 3895 3650 3966">
    <p class='ocr_par' dir='ltr' id='par_1_86' title="bbox 2087 3895 3650 3966">
     <span class='ocr_line' id='line_1_86' title="bbox 2087 3895 3650 3966; baseline -0.002 -17"><span class='ocrx_word' id='word_1_697' title='bbox 2087 3895 2250 3959; x_wconf 89' lang='lat' dir='ltr'><strong>hanc,</strong></span> <span class='ocrx_word' id='word_1_698' title='bbox 2307 3905 2363 3950; x_wconf 92' lang='lat' dir='ltr'><strong>et</strong></span> <span class='ocrx_word' id='word_1_699' title='bbox 2409 3896 2701 3966; x_wconf 81' lang='lat' dir='ltr'><strong>pugnaturi</strong></span> <span class='ocrx_word' id='word_1_700' title='bbox 2731 3899 2799 3965; x_wconf 61' lang='grc' dir='ltr'><em>χ</em></span> <span class='ocrx_word' id='word_1_701' title='bbox 2825 3912 2992 3966; x_wconf 89' lang='lat' dir='ltr'><strong>super</strong></span> <span class='ocrx_word' id='word_1_702' title='bbox 3026 3911 3147 3951; x_wconf 86' lang='lat' dir='ltr'><strong>eam</strong></span> <span class='ocrx_word' id='word_1_703' title='bbox 3185 3898 3234 3966; x_wconf 94' lang='lat'><strong>1,</strong></span> <span class='ocrx_word' id='word_1_704' title='bbox 3269 3899 3489 3966; x_wconf 88' lang='lat' dir='ltr'><strong>capient</strong></span> <span class='ocrx_word' id='word_1_705' title='bbox 3515 3908 3650 3956; x_wconf 84' lang='lat' dir='ltr'><strong>eam,</strong></span> 
     </span>
    </p>
   </div>
   <div class='ocr_carea' id='block_1_87' title="bbox 2085 3986 3653 4057">
    <p class='ocr_par' dir='ltr' id='par_1_87' title="bbox 2085 3986 3653 4057">
     <span class='ocr_line' id='line_1_87' title="bbox 2085 3986 3653 4057; baseline -0.003 -18"><span class='ocrx_word' id='word_1_706' title='bbox 2085 3993 2140 4040; x_wconf 90' lang='lat' dir='ltr'><strong>et</strong></span> <span class='ocrx_word' id='word_1_707' title='bbox 2165 3986 2491 4040; x_wconf 91' lang='lat' dir='ltr'><strong>comburent</strong></span> <span class='ocrx_word' id='word_1_708' title='bbox 2523 4003 2644 4041; x_wconf 87' lang='lat' dir='ltr'><strong>eam</strong></span> <span class='ocrx_word' id='word_1_709' title='bbox 2679 3988 2733 4040; x_wconf 89' lang='lat' dir='ltr'><strong>in</strong></span> <span class='ocrx_word' id='word_1_710' title='bbox 2762 3987 2904 4057; x_wconf 84' lang='lat' dir='ltr'><strong>igne,</strong></span> <span class='ocrx_word' id='word_1_711' title='bbox 2945 3996 3000 4042; x_wconf 89' lang='lat' dir='ltr'><strong>et</strong></span> <span class='ocrx_word' id='word_1_712' title='bbox 3025 3989 3190 4042; x_wconf 86' lang='lat' dir='ltr'><strong>nrbes</strong></span> <span class='ocrx_word' id='word_1_713' title='bbox 3217 3987 3377 4043; x_wconf 69' lang='lat' dir='ltr'><strong>Judae</strong></span> <span class='ocrx_word' id='word_1_714' title='bbox 3399 3988 3540 4042; x_wconf 86' lang='lat' dir='ltr'><strong>dabo</strong></span> <span class='ocrx_word' id='word_1_715' title='bbox 3566 3997 3653 4038; x_wconf 86' lang='lat' dir='ltr'><strong>eas</strong></span> 
     </span>
    </p>
   </div>
   <div class='ocr_carea' id='block_1_88' title="bbox 2089 4075 3120 4146">
    <p class='ocr_par' dir='ltr' id='par_1_88' title="bbox 2089 4075 3120 4146">
     <span class='ocr_line' id='line_1_88' title="bbox 2089 4075 3120 4146; baseline 0.003 -18"><span class='ocrx_word' id='word_1_716' title='bbox 2089 4075 2142 4129; x_wconf 90' lang='lat' dir='ltr'><strong>in</strong></span> <span class='ocrx_word' id='word_1_717' title='bbox 2167 4091 2275 4130; x_wconf 90' lang='lat' dir='ltr'><strong>non</strong></span> <span class='ocrx_word' id='word_1_718' title='bbox 2307 4078 2556 4146; x_wconf 88' lang='lat' dir='ltr'><strong>pervium</strong></span> <span class='ocrx_word' id='word_1_719' title='bbox 2588 4076 2658 4131; x_wconf 86' lang='lat' dir='ltr'><strong>ab</strong></span> <span class='ocrx_word' id='word_1_720' title='bbox 2694 4077 3120 4132; x_wconf 86' lang='lat' dir='ltr'><strong>habitatoribus.</strong></span> 
     </span>
    </p>
   </div>
   <div class='ocr_carea' id='block_1_89' title="bbox 2156 4162 3648 4236">
    <p class='ocr_par' dir='ltr' id='par_1_89' title="bbox 2156 4162 3648 4236">
     <span class='ocr_line' id='line_1_89' title="bbox 2156 4162 3648 4236; baseline -0.001 -18"><span class='ocrx_word' id='word_1_721' title='bbox 2156 4164 2288 4234; x_wconf 86' lang='lat' dir='ltr'><strong>Cap.</strong></span> <span class='ocrx_word' id='word_1_722' title='bbox 2334 4164 2551 4222; x_wconf 78' lang='lat' dir='ltr'><strong>XXXV.</strong></span> <span class='ocrx_word' id='word_1_723' title='bbox 2583 4196 2655 4207; x_wconf 96' lang='lat'><strong>—</strong></span> <span class='ocrx_word' id='word_1_724' title='bbox 2699 4169 2749 4222; x_wconf 89' lang='grc'><strong>1.</strong></span> <span class='ocrx_word' id='word_1_725' title='bbox 2784 4166 3046 4233; x_wconf 80' lang='lat' dir='ltr'><strong>Verbum,</strong></span> <span class='ocrx_word' id='word_1_726' title='bbox 3076 4167 3221 4236; x_wconf 90' lang='lat' dir='ltr'><strong>quod</strong></span> <span class='ocrx_word' id='word_1_727' title='bbox 3251 4166 3455 4222; x_wconf 88' lang='lat' dir='ltr'><strong>factum</strong></span> <span class='ocrx_word' id='word_1_728' title='bbox 3479 4174 3561 4219; x_wconf 87' lang='lat' dir='ltr'><strong>est</strong></span> <span class='ocrx_word' id='word_1_729' title='bbox 3585 4162 3648 4216; x_wconf 85' lang='lat' dir='ltr'><strong>ad</strong></span> 
     </span>
    </p>
   </div>
   <div class='ocr_carea' id='block_1_90' title="bbox 2086 4254 3650 4314">
    <p class='ocr_par' dir='ltr' id='par_1_90' title="bbox 2086 4254 3650 4314">
     <span class='ocr_line' id='line_1_90' title="bbox 2086 4254 3650 4314; baseline -0.003 -2"><span class='ocrx_word' id='word_1_730' title='bbox 2086 4256 2380 4314; x_wconf 87' lang='lat' dir='ltr'><strong>Jeremiam</strong></span> <span class='ocrx_word' id='word_1_731' title='bbox 2441 4273 2472 4313; x_wconf 89' lang='lat' dir='ltr'><strong>a</strong></span> <span class='ocrx_word' id='word_1_732' title='bbox 2519 4256 2754 4312; x_wconf 83' lang='lat' dir='ltr'><strong>Domino</strong></span> <span class='ocrx_word' id='word_1_733' title='bbox 2798 4257 2852 4311; x_wconf 92' lang='lat' dir='ltr'><strong>in</strong></span> <span class='ocrx_word' id='word_1_734' title='bbox 2899 4257 3092 4313; x_wconf 88' lang='lat' dir='ltr'><strong>diebus</strong></span> <span class='ocrx_word' id='word_1_735' title='bbox 3119 4257 3330 4312; x_wconf 89' lang='lat' dir='ltr'><strong>Joaeim</strong></span> <span class='ocrx_word' id='word_1_736' title='bbox 3361 4259 3459 4313; x_wconf 87' lang='lat' dir='ltr'><strong>lilii</strong></span> <span class='ocrx_word' id='word_1_737' title='bbox 3496 4254 3650 4310; x_wconf 66' lang='lat' dir='ltr'><strong>Josiaa</strong></span> 
     </span>
    </p>
   </div>
   <div class='ocr_carea' id='block_1_91' title="bbox 409 4345 3644 4420">
    <p class='ocr_par' dir='ltr' id='par_1_91' title="bbox 409 4345 3644 4420">
     <span class='ocr_line' id='line_1_91' title="bbox 409 4345 3644 4420; baseline -0.003 -12"><span class='ocrx_word' id='word_1_738' title='bbox 409 4353 588 4408; x_wconf 86' lang='lat' dir='ltr'><strong>redire</strong></span> <span class='ocrx_word' id='word_1_739' title='bbox 636 4354 885 4408; x_wconf 88' lang='lat' dir='ltr'><strong>fecerunt</strong></span> <span class='ocrx_word' id='word_1_740' title='bbox 932 4367 1119 4407; x_wconf 89' lang='lat' dir='ltr'><strong>servos</strong></span> <span class='ocrx_word' id='word_1_741' title='bbox 1165 4361 1219 4406; x_wconf 89' lang='lat' dir='ltr'><strong>et</strong></span> <span class='ocrx_word' id='word_1_742' title='bbox 1256 4353 1506 4416; x_wconf 86' lang='lat' dir='ltr'><strong>ancillas,</strong></span> <span class='ocrx_word' id='word_1_743' title='bbox 1535 4366 1679 4420; x_wconf 86' lang='lat' dir='ltr'><strong>quos</strong></span> <span class='ocrx_word' id='word_1_744' title='bbox 1715 4350 1789 4419; x_wconf 83' lang='lat' dir='ltr'><strong>(zl</strong></span> <span class='ocrx_word' id='word_1_745' title='bbox 1821 4350 1986 4404; x_wconf 87' lang='lat' dir='ltr'><strong>dimi-</strong></span> <span class='ocrx_word' id='word_1_746' title='bbox 2016 4357 2060 4410; x_wconf 85' lang='grc' dir='ltr'><strong>ι)</strong></span> <span class='ocrx_word' id='word_1_747' title='bbox 2090 4349 2234 4418; x_wconf 88' lang='lat' dir='ltr'><strong>regis</strong></span> <span class='ocrx_word' id='word_1_748' title='bbox 2287 4346 2463 4410; x_wconf 64' lang='lat' dir='ltr'><strong>Judaa,</strong></span> <span class='ocrx_word' id='word_1_749' title='bbox 2497 4348 2693 4402; x_wconf 86' lang='lat' dir='ltr'><strong>dicens</strong></span> <span class='ocrx_word' id='word_1_750' title='bbox 2725 4365 2738 4400; x_wconf 92' lang='lat'><strong>:</strong></span> <span class='ocrx_word' id='word_1_751' title='bbox 2765 4347 2821 4402; x_wconf 76' lang='lat'><strong>‘2.</strong></span> <span class='ocrx_word' id='word_1_752' title='bbox 2847 4347 2996 4401; x_wconf 82' lang='lat' dir='ltr'><strong>Vade</strong></span> <span class='ocrx_word' id='word_1_753' title='bbox 3025 4347 3076 4400; x_wconf 91' lang='lat' dir='ltr'><strong>in</strong></span> <span class='ocrx_word' id='word_1_754' title='bbox 3113 4349 3337 4401; x_wconf 89' lang='lat' dir='ltr'><strong>domum</strong></span> <span class='ocrx_word' id='word_1_755' title='bbox 3366 4345 3644 4417; x_wconf 77' lang='lat' dir='ltr'><strong>(I)Recha-</strong></span> 
     </span>
    </p>
   </div>
   <div class='ocr_carea' id='block_1_92' title="bbox 409 4439 1982 4512">
    <p class='ocr_par' dir='ltr' id='par_1_92' title="bbox 409 4439 1982 4512">
     <span class='ocr_line' id='line_1_92' title="bbox 409 4439 1982 4512; baseline -0.003 -14"><span class='ocrx_word' id='word_1_756' title='bbox 409 4452 593 4498; x_wconf 84' lang='lat' dir='ltr'><strong>serant</strong></span> <span class='ocrx_word' id='word_1_757' title='bbox 625 4444 848 4505; x_wconf 87' lang='lat' dir='ltr'><strong>liberos,</strong></span> <span class='ocrx_word' id='word_1_758' title='bbox 883 4439 956 4512; x_wconf 90' lang='lat' dir='ltr'><strong>(a)</strong></span> <span class='ocrx_word' id='word_1_759' title='bbox 987 4451 1041 4495; x_wconf 90' lang='lat' dir='ltr'><strong>et</strong></span> <span class='ocrx_word' id='word_1_760' title='bbox 1065 4441 1412 4512; x_wconf 87' lang='lat' dir='ltr'><strong>reliquerunt</strong></span> <span class='ocrx_word' id='word_1_761' title='bbox 1441 4456 1540 4496; x_wconf 90' lang='lat' dir='ltr'><strong>eos</strong></span> <span class='ocrx_word' id='word_1_762' title='bbox 1565 4441 1620 4495; x_wconf 92' lang='lat' dir='ltr'><strong>in</strong></span> <span class='ocrx_word' id='word_1_763' title='bbox 1643 4455 1835 4496; x_wconf 87' lang='lat' dir='ltr'><strong>servos</strong></span> <span class='ocrx_word' id='word_1_764' title='bbox 1855 4450 1909 4494; x_wconf 92' lang='lat' dir='ltr'><strong>et</strong></span> <span class='ocrx_word' id='word_1_765' title='bbox 1928 4440 1982 4494; x_wconf 91' lang='lat' dir='ltr'><strong>in</strong></span> 
     </span>
    </p>
   </div>
   <div class='ocr_carea' id='block_1_93' title="bbox 410 4527 1983 4586">
    <p class='ocr_par' dir='ltr' id='par_1_93' title="bbox 410 4527 1983 4586">
     <span class='ocr_line' id='line_1_93' title="bbox 410 4527 1983 4586; baseline -0.001 -1"><span class='ocrx_word' id='word_1_766' title='bbox 410 4532 657 4586; x_wconf 87' lang='lat' dir='ltr'><strong>ancillas.</strong></span> <span class='ocrx_word' id='word_1_767' title='bbox 695 4531 784 4586; x_wconf 75' lang='grc'><strong>12.</strong></span> <span class='ocrx_word' id='word_1_768' title='bbox 816 4530 880 4584; x_wconf 87' lang='lat' dir='ltr'><strong>Et</strong></span> <span class='ocrx_word' id='word_1_769' title='bbox 910 4531 1111 4586; x_wconf 88' lang='lat' dir='ltr'><strong>factum</strong></span> <span class='ocrx_word' id='word_1_770' title='bbox 1136 4539 1221 4586; x_wconf 89' lang='lat' dir='ltr'><strong>est</strong></span> <span class='ocrx_word' id='word_1_771' title='bbox 1251 4531 1478 4586; x_wconf 88' lang='lat' dir='ltr'><strong>verbum</strong></span> <span class='ocrx_word' id='word_1_772' title='bbox 1511 4529 1728 4584; x_wconf 88' lang='lat' dir='ltr'><strong>Domini</strong></span> <span class='ocrx_word' id='word_1_773' title='bbox 1752 4529 1820 4584; x_wconf 87' lang='lat' dir='ltr'><strong>ad</strong></span> <span class='ocrx_word' id='word_1_774' title='bbox 1837 4527 1983 4584; x_wconf 83' lang='lat' dir='ltr'><strong>Jere-</strong></span> 
     </span>
    </p>
   </div>
   <div class='ocr_carea' id='block_1_94' title="bbox 483 4687 1940 4764">
    <p class='ocr_par' dir='ltr' id='par_1_94' title="bbox 483 4687 1940 4764">
     <span class='ocr_line' id='line_1_94' title="bbox 483 4687 1940 4764; baseline 0.001 -20"><span class='ocrx_word' id='word_1_775' title='bbox 483 4692 544 4764; x_wconf 76' lang='grc' dir='ltr'><strong>(ι)</strong></span> <span class='ocrx_word' id='word_1_776' title='bbox 580 4692 661 4754; x_wconf 91' lang='lat' dir='ltr'><strong>S.,</strong></span> <span class='ocrx_word' id='word_1_777' title='bbox 703 4691 880 4764; x_wconf 71' lang='lat' dir='ltr'><strong>fmlus</strong></span> <span class='ocrx_word' id='word_1_778' title='bbox 902 4707 1103 4746; x_wconf 89' lang='lat' dir='ltr'><strong>meum.</strong></span> <span class='ocrx_word' id='word_1_779' title='bbox 1211 4690 1304 4761; x_wconf 72' lang='grc' dir='ltr'><strong>(ιη)</strong></span> <span class='ocrx_word' id='word_1_780' title='bbox 1340 4691 1432 4764; x_wconf 49' lang='lat'><strong>5.,</strong></span> <span class='ocrx_word' id='word_1_781' title='bbox 1481 4689 1634 4764; x_wconf 87' lang='lat' dir='ltr'><strong>copia</strong></span> <span class='ocrx_word' id='word_1_782' title='bbox 1685 4688 1825 4759; x_wconf 87' lang='lat' dir='ltr'><strong>ejus.</strong></span> <span class='ocrx_word' id='word_1_783' title='bbox 1856 4687 1940 4753; x_wconf 91' lang='lat' dir='ltr'><strong>S.,</strong></span> 
     </span>
    </p>
   </div>
   <div class='ocr_carea' id='block_1_95' title="bbox 411 4759 1872 4834">
    <p class='ocr_par' dir='ltr' id='par_1_95' title="bbox 411 4759 1872 4834">
     <span class='ocr_line' id='line_1_95' title="bbox 411 4759 1872 4834; baseline -0.001 -17"><span class='ocrx_word' id='word_1_784' title='bbox 411 4759 596 4834; x_wconf 83' lang='grc' dir='ltr'><strong>(ο)Ἀ.,</strong></span> <span class='ocrx_word' id='word_1_785' title='bbox 620 4773 672 4816; x_wconf 92' lang='lat' dir='ltr'><strong>et</strong></span> <span class='ocrx_word' id='word_1_786' title='bbox 712 4763 1155 4816; x_wconf 80' lang='lat' dir='ltr'><strong>combureteam.</strong></span> <span class='ocrx_word' id='word_1_787' title='bbox 1222 4759 1308 4829; x_wconf 71' lang='lat' dir='ltr'><strong>ir)</strong></span> <span class='ocrx_word' id='word_1_788' title='bbox 1339 4759 1406 4813; x_wconf 88' lang='lat' dir='ltr'><strong>Et</strong></span> <span class='ocrx_word' id='word_1_789' title='bbox 1427 4763 1708 4814; x_wconf 84' lang='lat' dir='ltr'><strong>comburet</strong></span> <span class='ocrx_word' id='word_1_790' title='bbox 1731 4775 1872 4815; x_wconf 87' lang='lat' dir='ltr'><strong>eam.</strong></span> 
     </span>
    </p>
   </div>
   <div class='ocr_carea' id='block_1_96' title="bbox 2044 4697 2231 4743">
    <p class='ocr_par' dir='ltr' id='par_1_96' title="bbox 2044 4697 2231 4743">
     <span class='ocr_line' id='line_1_96' title="bbox 2044 4697 2231 4743; baseline 0 -1"><span class='ocrx_word' id='word_1_791' title='bbox 2044 4697 2231 4743; x_wconf 68' lang='lat'><strong>[85138.</strong></span> 
     </span>
    </p>
   </div>
   <div class='ocr_carea' id='block_1_97' title="bbox 1978 4759 2212 4828">
    <p class='ocr_par' dir='ltr' id='par_1_97' title="bbox 1978 4759 2212 4828">
     <span class='ocr_line' id='line_1_97' title="bbox 1978 4759 2212 4828; baseline 0.009 -17"><span class='ocrx_word' id='word_1_792' title='bbox 1978 4761 2029 4828; x_wconf 66' lang='grc' dir='ltr'><strong>(ι)</strong></span> <span class='ocrx_word' id='word_1_793' title='bbox 2060 4759 2212 4827; x_wconf 82' lang='lat' dir='ltr'><strong>Ejus.</strong></span> 
     </span>
    </p>
   </div>
   <div class='ocr_carea' id='block_1_98' title="bbox 2087 4439 3644 4510">
    <p class='ocr_par' dir='ltr' id='par_1_98' title="bbox 2087 4439 3644 4510">
     <span class='ocr_line' id='line_1_98' title="bbox 2087 4439 3644 4510; baseline -0.006 -16"><span class='ocrx_word' id='word_1_794' title='bbox 2087 4441 2199 4496; x_wconf 85' lang='lat' dir='ltr'><strong>bim</strong></span> <span class='ocrx_word' id='word_1_795' title='bbox 2239 4459 2252 4493; x_wconf 93' lang='lat'>:</span> <span class='ocrx_word' id='word_1_796' title='bbox 2291 4439 2385 4510; x_wconf 71' lang='grc' dir='ltr'><strong>(νη)</strong></span> <span class='ocrx_word' id='word_1_797' title='bbox 2421 4449 2473 4494; x_wconf 82' lang='lat' dir='ltr'><strong>et</strong></span> <span class='ocrx_word' id='word_1_798' title='bbox 2503 4455 2635 4493; x_wconf 90' lang='lat' dir='ltr'><strong>voca</strong></span> <span class='ocrx_word' id='word_1_799' title='bbox 2665 4454 2781 4506; x_wconf 91' lang='lat' dir='ltr'><strong>eos,</strong></span> <span class='ocrx_word' id='word_1_800' title='bbox 2806 4449 2861 4493; x_wconf 87' lang='lat' dir='ltr'><strong>et</strong></span> <span class='ocrx_word' id='word_1_801' title='bbox 2883 4439 3200 4494; x_wconf 88' lang='lat' dir='ltr'><strong>introduces</strong></span> <span class='ocrx_word' id='word_1_802' title='bbox 3225 4455 3323 4493; x_wconf 91' lang='lat' dir='ltr'><strong>eos</strong></span> <span class='ocrx_word' id='word_1_803' title='bbox 3355 4441 3408 4492; x_wconf 93' lang='lat' dir='ltr'><strong>in</strong></span> <span class='ocrx_word' id='word_1_804' title='bbox 3434 4439 3644 4493; x_wconf 88' lang='lat' dir='ltr'><strong>domum</strong></span> 
     </span>
    </p>
   </div>
   <div class='ocr_carea' id='block_1_99' title="bbox 2091 4527 3642 4598">
    <p class='ocr_par' dir='ltr' id='par_1_99' title="bbox 2091 4527 3642 4598">
     <span class='ocr_line' id='line_1_99' title="bbox 2091 4527 3642 4598; baseline -0.005 -16"><span class='ocrx_word' id='word_1_805' title='bbox 2091 4528 2309 4584; x_wconf 85' lang='lat' dir='ltr'><strong>Domini</strong></span> <span class='ocrx_word' id='word_1_806' title='bbox 2353 4529 2433 4598; x_wconf 69' lang='lat' dir='ltr'><strong>tu)</strong></span> <span class='ocrx_word' id='word_1_807' title='bbox 2478 4529 2531 4582; x_wconf 91' lang='lat' dir='ltr'><strong>in</strong></span> <span class='ocrx_word' id='word_1_808' title='bbox 2577 4544 2744 4584; x_wconf 89' lang='lat' dir='ltr'><strong>unum</strong></span> <span class='ocrx_word' id='word_1_809' title='bbox 2795 4544 2862 4582; x_wconf 83' lang='lat' dir='ltr'><strong>ex</strong></span> <span class='ocrx_word' id='word_1_810' title='bbox 2915 4530 2987 4598; x_wconf 81' lang='grc' dir='ltr'><strong>(ο)</strong></span> <span class='ocrx_word' id='word_1_811' title='bbox 3029 4531 3205 4595; x_wconf 90' lang='lat' dir='ltr'><strong>atriis,</strong></span> <span class='ocrx_word' id='word_1_812' title='bbox 3261 4535 3318 4583; x_wconf 90' lang='lat' dir='ltr'><strong>et</strong></span> <span class='ocrx_word' id='word_1_813' title='bbox 3362 4527 3642 4583; x_wconf 88' lang='lat' dir='ltr'><strong>bibendum</strong></span> 
     </span>
    </p>
   </div>
   <div class='ocr_carea' id='block_1_100' title="bbox 2335 4685 3640 4758">
    <p class='ocr_par' dir='ltr' id='par_1_100' title="bbox 2335 4685 3640 4758">
     <span class='ocr_line' id='line_1_100' title="bbox 2335 4685 3640 4758; baseline -0.004 -18"><span class='ocrx_word' id='word_1_814' title='bbox 2335 4687 2420 4758; x_wconf 81' lang='grc' dir='ltr'><strong>(η)</strong></span> <span class='ocrx_word' id='word_1_815' title='bbox 2440 4687 2532 4754; x_wconf 81' lang='grc' dir='ltr'><strong>Α.,</strong></span> <span class='ocrx_word' id='word_1_816' title='bbox 2561 4703 2688 4742; x_wconf 88' lang='lat' dir='ltr'><strong>ecce</strong></span> <span class='ocrx_word' id='word_1_817' title='bbox 2715 4702 2816 4757; x_wconf 85' lang='lat' dir='ltr'><strong>ego</strong></span> <span class='ocrx_word' id='word_1_818' title='bbox 2845 4687 3074 4744; x_wconf 91' lang='lat' dir='ltr'><strong>daturus</strong></span> <span class='ocrx_word' id='word_1_819' title='bbox 3102 4703 3223 4742; x_wconf 88' lang='lat' dir='ltr'><strong>sum</strong></span> <span class='ocrx_word' id='word_1_820' title='bbox 3275 4689 3460 4743; x_wconf 90' lang='lat' dir='ltr'><strong>urbem</strong></span> <span class='ocrx_word' id='word_1_821' title='bbox 3490 4685 3640 4740; x_wconf 87' lang='lat' dir='ltr'><strong>hanc.</strong></span> 
     </span>
    </p>
   </div>
   <div class='ocr_carea' id='block_1_101' title="bbox 2297 4757 3642 4829">
    <p class='ocr_par' dir='ltr' id='par_1_101' title="bbox 2297 4757 3642 4829">
     <span class='ocr_line' id='line_1_101' title="bbox 2297 4757 3642 4829; baseline -0.004 -20"><span class='ocrx_word' id='word_1_822' title='bbox 2297 4757 2366 4829; x_wconf 91' lang='lat' dir='ltr'><strong>(r)</strong></span> <span class='ocrx_word' id='word_1_823' title='bbox 2390 4757 2477 4822; x_wconf 86' lang='grc' dir='ltr'><strong>Α.,</strong></span> <span class='ocrx_word' id='word_1_824' title='bbox 2509 4767 2563 4812; x_wconf 89' lang='lat' dir='ltr'><strong>et</strong></span> <span class='ocrx_word' id='word_1_825' title='bbox 2596 4758 2739 4811; x_wconf 90' lang='lat' dir='ltr'><strong>sicut</strong></span> <span class='ocrx_word' id='word_1_826' title='bbox 2758 4758 3164 4813; x_wconf 87' lang='lat' dir='ltr'><strong>comhnstiones</strong></span> <span class='ocrx_word' id='word_1_827' title='bbox 3191 4768 3406 4828; x_wconf 86' lang='lat' dir='ltr'><strong>patrum</strong></span> <span class='ocrx_word' id='word_1_828' title='bbox 3438 4767 3642 4810; x_wconf 88' lang='lat' dir='ltr'><strong>tuorum</strong></span> 
     </span>
    </p>
   </div>
   <div class='ocr_carea' id='block_1_102' title="bbox 411 4832 3616 4931">
    <p class='ocr_par' dir='ltr' id='par_1_102' title="bbox 411 4832 3616 4931">
     <span class='ocr_line' id='line_1_102' title="bbox 411 4832 3616 4931; baseline -0.003 -22"><span class='ocrx_word' id='word_1_829' title='bbox 411 4832 599 4931; x_wconf 67' lang='lat' dir='ltr'><strong>regum</strong></span> <span class='ocrx_word' id='word_1_830' title='bbox 633 4855 894 4931; x_wconf 78' lang='lat' dir='ltr'><strong>priorum,</strong></span> <span class='ocrx_word' id='word_1_831' title='bbox 914 4851 1009 4930; x_wconf 77' lang='lat' dir='ltr'><strong>qui</strong></span> <span class='ocrx_word' id='word_1_832' title='bbox 1039 4851 1258 4931; x_wconf 70' lang='lat' dir='ltr'><strong>fuerunt</strong></span> <span class='ocrx_word' id='word_1_833' title='bbox 1279 4851 1332 4931; x_wconf 68' lang='lat' dir='ltr'><strong>in</strong></span> <span class='ocrx_word' id='word_1_834' title='bbox 1370 4848 1613 4931; x_wconf 61' lang='lat' dir='ltr'><strong>faf&#39;ietua</strong></span> <span class='ocrx_word' id='word_1_835' title='bbox 1633 4848 2006 4931; x_wconf 58' lang='lat' dir='ltr'><strong>[Habt-uisurus</strong></span> <span class='ocrx_word' id='word_1_836' title='bbox 2207 4865 2301 4918; x_wconf 85' lang='lat' dir='ltr'><strong>pro</strong></span> <span class='ocrx_word' id='word_1_837' title='bbox 2325 4859 2445 4902; x_wconf 81' lang='lat' dir='ltr'><strong>ante</strong></span> <span class='ocrx_word' id='word_1_838' title='bbox 2468 4857 2535 4903; x_wconf 80' lang='lat' dir='ltr'><strong>te.</strong></span> <span class='ocrx_word' id='word_1_839' title='bbox 2567 4847 2691 4919; x_wconf 66' lang='lat' dir='ltr'><strong>Dm]</strong></span> <span class='ocrx_word' id='word_1_840' title='bbox 2716 4865 2730 4914; x_wconf 92' lang='lat'><strong>;</strong></span> <span class='ocrx_word' id='word_1_841' title='bbox 2754 4850 2846 4930; x_wconf 41' lang='lat' dir='ltr'><strong>.sic</strong></span> <span class='ocrx_word' id='word_1_842' title='bbox 2868 4850 3190 4931; x_wconf 75' lang='lat' dir='ltr'><strong>comburent</strong></span> <span class='ocrx_word' id='word_1_843' title='bbox 3217 4858 3287 4902; x_wconf 90' lang='lat' dir='ltr'><strong>te.</strong></span> <span class='ocrx_word' id='word_1_844' title='bbox 3322 4849 3391 4931; x_wconf 74' lang='grc' dir='ltr'><strong>(δ)</strong></span> <span class='ocrx_word' id='word_1_845' title='bbox 3426 4848 3511 4931; x_wconf 49' lang='grc' dir='ltr'><strong>βπ</strong></span> <span class='ocrx_word' id='word_1_846' title='bbox 3534 4859 3616 4898; x_wconf 79' lang='lat' dir='ltr'><strong>vel</strong></span> 
     </span>
    </p>
   </div>
   <div class='ocr_carea' id='block_1_103' title="bbox 413 4918 3642 4993">
    <p class='ocr_par' dir='ltr' id='par_1_103' title="bbox 413 4918 3642 4993">
     <span class='ocr_line' id='line_1_103' title="bbox 413 4918 3642 4993; baseline -0.003 -14"><span class='ocrx_word' id='word_1_847' title='bbox 413 4918 564 4979; x_wconf 76' lang='lat' dir='ltr'><strong>bum.</strong></span> <span class='ocrx_word' id='word_1_848' title='bbox 598 4918 662 4993; x_wconf 79' lang='grc' dir='ltr'><strong>(ι’)</strong></span> <span class='ocrx_word' id='word_1_849' title='bbox 695 4924 782 4986; x_wconf 75' lang='grc' dir='ltr'><strong>Α..</strong></span> <span class='ocrx_word' id='word_1_850' title='bbox 809 4920 1027 4993; x_wconf 78' lang='lat' dir='ltr'><strong>excidit.</strong></span> <span class='ocrx_word' id='word_1_851' title='bbox 1058 4919 1134 4993; x_wconf 62' lang='lat' dir='ltr'><strong>(it)</strong></span> <span class='ocrx_word' id='word_1_852' title='bbox 1165 4919 1256 4993; x_wconf 81' lang='lat' dir='ltr'><strong>_A.,</strong></span> <span class='ocrx_word' id='word_1_853' title='bbox 1296 4918 1729 4993; x_wconf 52' lang='lat' dir='ltr'><strong>facilitatemfut</strong></span> <span class='ocrx_word' id='word_1_854' title='bbox 1757 4918 2063 4993; x_wconf 76' lang='lat' dir='ltr'><strong>dimitteret&#39;</strong></span> <span class='ocrx_word' id='word_1_855' title='bbox 2083 4923 2165 4973; x_wconf 91' lang='lat' dir='ltr'><strong>vir</strong></span> <span class='ocrx_word' id='word_1_856' title='bbox 2180 4935 2396 4974; x_wconf 88' lang='lat' dir='ltr'><strong>servum</strong></span> <span class='ocrx_word' id='word_1_857' title='bbox 2420 4934 2604 4993; x_wconf 75' lang='lat' dir='ltr'><strong>suum,</strong></span> <span class='ocrx_word' id='word_1_858' title='bbox 2631 4918 2688 4993; x_wconf 80' lang='lat' dir='ltr'><strong>et</strong></span> <span class='ocrx_word' id='word_1_859' title='bbox 2717 4919 2798 4993; x_wconf 84' lang='lat' dir='ltr'><strong>vir</strong></span> <span class='ocrx_word' id='word_1_860' title='bbox 2826 4920 3075 4993; x_wconf 75' lang='lat' dir='ltr'><strong>ancillam</strong></span> <span class='ocrx_word' id='word_1_861' title='bbox 3107 4934 3285 4973; x_wconf 90' lang='lat' dir='ltr'><strong>suam.</strong></span> <span class='ocrx_word' id='word_1_862' title='bbox 3333 4918 3550 4993; x_wconf 37' lang='grc' dir='ltr'><strong>χρὴ-8.,</strong></span> <span class='ocrx_word' id='word_1_863' title='bbox 3589 4918 3642 4993; x_wconf 61' lang='lat' dir='ltr'><strong>ut</strong></span> 
     </span>
    </p>
   </div>
   <div class='ocr_carea' id='block_1_104' title="bbox 413 4987 2332 5058">
    <p class='ocr_par' dir='ltr' id='par_1_104' title="bbox 413 4987 2332 5058">
     <span class='ocr_line' id='line_1_104' title="bbox 413 4987 2332 5058; baseline -0.004 -10"><span class='ocrx_word' id='word_1_864' title='bbox 413 5009 526 5048; x_wconf 89' lang='lat' dir='ltr'><strong>non</strong></span> <span class='ocrx_word' id='word_1_865' title='bbox 559 4987 764 5049; x_wconf 75' lang='lat' dir='ltr'><strong>servire</strong></span> <span class='ocrx_word' id='word_1_866' title='bbox 803 4989 1042 5044; x_wconf 71' lang='lat' dir='ltr'><strong>facerent</strong></span> <span class='ocrx_word' id='word_1_867' title='bbox 1070 4987 1321 5042; x_wconf 67' lang='lat' dir='ltr'><strong>Judaeum</strong></span> <span class='ocrx_word' id='word_1_868' title='bbox 1364 4987 1586 5042; x_wconf 89' lang='lat' dir='ltr'><strong>fratrem</strong></span> <span class='ocrx_word' id='word_1_869' title='bbox 1618 5005 1780 5058; x_wconf 84' lang='lat' dir='ltr'><strong>suum</strong></span> <span class='ocrx_word' id='word_1_870' title='bbox 1815 5004 1882 5058; x_wconf 83' lang='lat' dir='ltr'><strong>ne</strong></span> <span class='ocrx_word' id='word_1_871' title='bbox 1906 4991 2332 5058; x_wconf 84' lang='lat' dir='ltr'><strong>quidemunum.</strong></span> 
     </span>
    </p>
   </div>
   <div class='ocr_carea' id='block_1_105' title="bbox 413 5056 1980 5134">
    <p class='ocr_par' dir='ltr' id='par_1_105' title="bbox 413 5056 1955 5134">
     <span class='ocr_line' id='line_1_105' title="bbox 413 5056 1955 5134; baseline -0.005 -16"><span class='ocrx_word' id='word_1_872' title='bbox 413 5079 528 5119; x_wconf 87' lang='lat' dir='ltr'><strong>eos.</strong></span> <span class='ocrx_word' id='word_1_873' title='bbox 605 5063 682 5134; x_wconf 78' lang='lat' dir='ltr'><strong>(a)</strong></span> <span class='ocrx_word' id='word_1_874' title='bbox 707 5063 825 5115; x_wconf 82' lang='grc' dir='ltr'><strong>ΚΑΙ</strong></span> <span class='ocrx_word' id='word_1_875' title='bbox 861 5059 1103 5122; x_wconf 80' lang='grc' dir='ltr'><strong>ΕΩΣΛΝ,</strong></span> <span class='ocrx_word' id='word_1_876' title='bbox 1137 5067 1185 5112; x_wconf 85' lang='lat' dir='ltr'><strong>et</strong></span> <span class='ocrx_word' id='word_1_877' title='bbox 1214 5059 1429 5134; x_wconf 70' lang='lat' dir='ltr'><strong>niissth</strong></span> <span class='ocrx_word' id='word_1_878' title='bbox 1458 5058 1711 5127; x_wconf 76' lang='lat' dir='ltr'><strong>fecerunt.</strong></span> <span class='ocrx_word' id='word_1_879' title='bbox 1751 5056 1955 5134; x_wconf 69' lang='lat' dir='ltr'><strong>Reliqui</strong></span> 
     </span>
    </p>
   </div>
   <div class='ocr_carea' id='block_1_106' title="bbox 2082 5056 2458 5134">
    <p class='ocr_par' dir='ltr' id='par_1_106' title="bbox 2082 5056 2458 5134">
     <span class='ocr_line' id='line_1_106' title="bbox 2082 5056 2458 5134; baseline 0.011 -26"><span class='ocrx_word' id='word_1_880' title='bbox 2082 5099 2084 5108; x_wconf 77' lang='lat'><strong>,</strong></span> <span class='ocrx_word' id='word_1_881' title='bbox 2109 5056 2458 5134; x_wconf 69' lang='lat' dir='ltr'><strong>subegerunt.</strong></span> 
     </span>
    </p>
   </div>
   <div class='ocr_carea' id='block_1_107' title="bbox 415 5126 2630 5199">
    <p class='ocr_par' dir='ltr' id='par_1_107' title="bbox 415 5126 2630 5199">
     <span class='ocr_line' id='line_1_107' title="bbox 415 5126 2630 5199; baseline -0.004 -11"><span class='ocrx_word' id='word_1_882' title='bbox 415 5126 781 5188; x_wconf 78' lang='lat' dir='ltr'><strong>summatione</strong></span> <span class='ocrx_word' id='word_1_883' title='bbox 814 5140 1021 5199; x_wconf 79' lang='lat' dir='ltr'><strong>septem</strong></span> <span class='ocrx_word' id='word_1_884' title='bbox 1059 5143 1347 5199; x_wconf 85' lang='lat' dir='ltr'><strong>annorum.</strong></span> <span class='ocrx_word' id='word_1_885' title='bbox 1390 5126 1473 5199; x_wconf 75' lang='lat'><strong>8.,</strong></span> <span class='ocrx_word' id='word_1_886' title='bbox 1511 5144 1644 5199; x_wconf 69' lang='lat' dir='ltr'><strong>cum</strong></span> <span class='ocrx_word' id='word_1_887' title='bbox 1659 5127 2221 5199; x_wconf 56' lang='lat' dir='ltr'><strong>praterlapsifuerint</strong></span> <span class='ocrx_word' id='word_1_888' title='bbox 2242 5139 2446 5199; x_wconf 86' lang='lat' dir='ltr'><strong>septem</strong></span> <span class='ocrx_word' id='word_1_889' title='bbox 2479 5126 2630 5182; x_wconf 85' lang='lat' dir='ltr'><strong>anni.</strong></span> 
     </span>
    </p>
   </div>
   <div class='ocr_carea' id='block_1_108' title="bbox 2410 4987 3642 5059">
    <p class='ocr_par' dir='ltr' id='par_1_108' title="bbox 2410 4987 3642 5059">
     <span class='ocr_line' id='line_1_108' title="bbox 2410 4987 3642 5059; baseline -0.006 -17"><span class='ocrx_word' id='word_1_890' title='bbox 2410 4989 2485 5059; x_wconf 76' lang='lat' dir='ltr'><strong>(y)</strong></span> <span class='ocrx_word' id='word_1_891' title='bbox 2519 4987 2596 5042; x_wconf 76' lang='lat' dir='ltr'><strong>Ex</strong></span> <span class='ocrx_word' id='word_1_892' title='bbox 2629 4988 2845 5059; x_wconf 66' lang='lat' dir='ltr'><strong>Israele.</strong></span> <span class='ocrx_word' id='word_1_893' title='bbox 2923 4991 2997 5057; x_wconf 63' lang='grc' dir='ltr'><strong>(ε)</strong></span> <span class='ocrx_word' id='word_1_894' title='bbox 3028 4987 3321 5059; x_wconf 83' lang='lat' dir='ltr'><strong>Postquam</strong></span> <span class='ocrx_word' id='word_1_895' title='bbox 3340 4989 3642 5059; x_wconf 86' lang='lat' dir='ltr'><strong>dimiserant</strong></span> 
     </span>
    </p>
   </div>
   <div class='ocr_carea' id='block_1_109' title="bbox 2559 5055 3640 5130">
    <p class='ocr_par' dir='ltr' id='par_1_109' title="bbox 2559 5055 3640 5130">
     <span class='ocr_line' id='line_1_109' title="bbox 2559 5055 3640 5130; baseline -0.009 -19"><span class='ocrx_word' id='word_1_896' title='bbox 2559 5059 2631 5129; x_wconf 85' lang='lat' dir='ltr'><strong>(b)</strong></span> <span class='ocrx_word' id='word_1_897' title='bbox 2655 5055 2857 5130; x_wconf 82' lang='lat' dir='ltr'><strong>A.,S.,</strong></span> <span class='ocrx_word' id='word_1_898' title='bbox 2883 5055 2941 5111; x_wconf 82' lang='lat' dir='ltr'><strong>et</strong></span> <span class='ocrx_word' id='word_1_899' title='bbox 2979 5055 3191 5111; x_wconf 50' lang='lat' dir='ltr'><strong>eduxif</strong></span> <span class='ocrx_word' id='word_1_900' title='bbox 3240 5058 3344 5130; x_wconf 10' lang='lat' dir='ltr'><strong>_(c)i</strong></span> <span class='ocrx_word' id='word_1_901' title='bbox 3367 5057 3452 5130; x_wconf 6' lang='lat'><strong>.41.,</strong></span> <span class='ocrx_word' id='word_1_902' title='bbox 3474 5072 3501 5130; x_wconf 61' lang='grc' dir='ltr'><em>ᾳ</em></span> <span class='ocrx_word' id='word_1_903' title='bbox 3527 5067 3640 5130; x_wconf 71' lang='lat' dir='ltr'><strong>con.</strong></span> 
     </span>
    </p>
   </div>
   <div class='ocr_carea' id='block_1_110' title="bbox 2707 5125 3633 5197">
    <p class='ocr_par' dir='ltr' id='par_1_110' title="bbox 2707 5125 3633 5197">
     <span class='ocr_line' id='line_1_110' title="bbox 2707 5125 3633 5197; baseline -0.001 -17"><span class='ocrx_word' id='word_1_904' title='bbox 2707 5129 2786 5197; x_wconf 71' lang='grc' dir='ltr'><strong>(ιι,</strong></span> <span class='ocrx_word' id='word_1_905' title='bbox 2817 5128 2906 5192; x_wconf 84' lang='grc' dir='ltr'><strong>Α.,</strong></span> <span class='ocrx_word' id='word_1_906' title='bbox 2929 5135 2980 5182; x_wconf 89' lang='lat' dir='ltr'><strong>et</strong></span> <span class='ocrx_word' id='word_1_907' title='bbox 3003 5127 3250 5181; x_wconf 84' lang='lat' dir='ltr'><strong>conversi</strong></span> <span class='ocrx_word' id='word_1_908' title='bbox 3276 5125 3450 5182; x_wconf 73' lang='lat' dir='ltr'><strong>fuistis</strong></span> <span class='ocrx_word' id='word_1_909' title='bbox 3473 5125 3633 5197; x_wconf 78' lang='lat' dir='ltr'><strong>hodie.</strong></span> 
     </span>
    </p>
   </div>
   <div class='ocr_carea' id='block_1_111' title="bbox 414 5195 1980 5270">
    <p class='ocr_par' dir='ltr' id='par_1_111' title="bbox 414 5195 1980 5270">
     <span class='ocr_line' id='line_1_111' title="bbox 414 5195 1980 5270; baseline -0.006 -12"><span class='ocrx_word' id='word_1_910' title='bbox 414 5211 470 5258; x_wconf 88' lang='lat' dir='ltr'><strong>et</strong></span> <span class='ocrx_word' id='word_1_911' title='bbox 501 5202 725 5258; x_wconf 84' lang='lat' dir='ltr'><strong>fecistis.</strong></span> <span class='ocrx_word' id='word_1_912' title='bbox 801 5195 993 5270; x_wconf 60' lang='lat' dir='ltr'><strong>(e)&#39;A.,</strong></span> <span class='ocrx_word' id='word_1_913' title='bbox 1019 5198 1345 5270; x_wconf 69' lang='lat' dir='ltr'><strong>libertatem.</strong></span> <span class='ocrx_word' id='word_1_914' title='bbox 1368 5198 1451 5270; x_wconf 72' lang='grc' dir='ltr'><strong>(ι’)</strong></span> <span class='ocrx_word' id='word_1_915' title='bbox 1471 5196 1574 5270; x_wconf 80' lang='lat' dir='ltr'><strong>_A.,</strong></span> <span class='ocrx_word' id='word_1_916' title='bbox 1606 5195 1690 5264; x_wconf 67' lang='lat' dir='ltr'><strong>SI,</strong></span> <span class='ocrx_word' id='word_1_917' title='bbox 1712 5213 1871 5267; x_wconf 88' lang='lat' dir='ltr'><strong>quem</strong></span> <span class='ocrx_word' id='word_1_918' title='bbox 1906 5195 1980 5270; x_wconf 64' lang='lat' dir='ltr'><strong>{tit</strong></span> 
     </span>
    </p>
   </div>
   <div class='ocr_carea' id='block_1_112' title="bbox 2082 5195 3631 5270">
    <p class='ocr_par' dir='ltr' id='par_1_112' title="bbox 2086 5195 3631 5270">
     <span class='ocr_line' id='line_1_112' title="bbox 2086 5195 3631 5270; baseline 0.001 -20"><span class='ocrx_word' id='word_1_919' title='bbox 2086 5207 2262 5270; x_wconf 78' lang='lat' dir='ltr'><strong>ru_ut._</strong></span> <span class='ocrx_word' id='word_1_920' title='bbox 2285 5195 2481 5270; x_wconf 69' lang='lat' dir='ltr'><strong>(g)_Ad</strong></span> <span class='ocrx_word' id='word_1_921' title='bbox 2501 5195 2834 5266; x_wconf 77' lang='lat' dir='ltr'><strong>operaudum</strong></span> <span class='ocrx_word' id='word_1_922' title='bbox 2860 5214 2944 5252; x_wconf 86' lang='lat' dir='ltr'><strong>eo.</strong></span> <span class='ocrx_word' id='word_1_923' title='bbox 2982 5198 3056 5263; x_wconf 83' lang='lat' dir='ltr'><strong>(It)</strong></span> <span class='ocrx_word' id='word_1_924' title='bbox 3092 5196 3358 5270; x_wconf 46' lang='lat' dir='ltr'><strong>Praefecti.</strong></span> <span class='ocrx_word' id='word_1_925' title='bbox 3433 5199 3493 5266; x_wconf 77' lang='grc' dir='ltr'><strong>(ἰ)</strong></span> <span class='ocrx_word' id='word_1_926' title='bbox 3521 5196 3631 5270; x_wconf 65' lang='lat' dir='ltr'><strong>lies.</strong></span> 
     </span>
    </p>
   </div>
   <div class='ocr_carea' id='block_1_113' title="bbox 413 5272 895 5344">
    <p class='ocr_par' dir='ltr' id='par_1_113' title="bbox 413 5272 895 5344">
     <span class='ocr_line' id='line_1_113' title="bbox 413 5272 895 5344; baseline -0.006 -17"><span class='ocrx_word' id='word_1_927' title='bbox 413 5273 508 5344; x_wconf 90' lang='lat' dir='ltr'><strong>qui</strong></span> <span class='ocrx_word' id='word_1_928' title='bbox 540 5272 895 5344; x_wconf 8' lang='lat' dir='ltr'><strong>transierunt».</strong></span> 
     </span>
    </p>
   </div>
   <div class='ocr_carea' id='block_1_114' title="bbox 1001 5267 2012 5340">
    <p class='ocr_par' dir='ltr' id='par_1_114' title="bbox 1001 5267 2012 5340">
     <span class='ocr_line' id='line_1_114' title="bbox 1001 5267 2012 5340; baseline 0 -18"><span class='ocrx_word' id='word_1_929' title='bbox 1001 5268 1074 5340; x_wconf 76' lang='lat' dir='ltr'><strong>(lt)</strong></span> <span class='ocrx_word' id='word_1_930' title='bbox 1099 5267 1301 5340; x_wconf 62' lang='grc' dir='ltr'><strong>δηριιί</strong></span> <span class='ocrx_word' id='word_1_931' title='bbox 1341 5268 1719 5340; x_wconf 78' lang='lat' dir='ltr'><strong>demigrarunt</strong></span> <span class='ocrx_word' id='word_1_932' title='bbox 1752 5284 1807 5340; x_wconf 9' lang='lat' dir='ltr'><strong>ra»</strong></span> <span class='ocrx_word' id='word_1_933' title='bbox 1837 5267 2012 5340; x_wconf 57' lang='lat' dir='ltr'><strong>vobis.</strong></span> 
     </span>
    </p>
   </div>
   <div class='ocr_carea' id='block_1_115' title="bbox 2114 5263 3632 5337">
    <p class='ocr_par' dir='ltr' id='par_1_115' title="bbox 2114 5263 3632 5337">
     <span class='ocr_line' id='line_1_115' title="bbox 2114 5263 3632 5337; baseline -0.003 -19"><span class='ocrx_word' id='word_1_934' title='bbox 2114 5267 2175 5336; x_wconf 65' lang='grc' dir='ltr'><strong>(ι)</strong></span> <span class='ocrx_word' id='word_1_935' title='bbox 2223 5263 2955 5332; x_wconf 39' lang='grc' dir='ltr'><strong>84⁷’Βυιιωὶιίιιιοιιὶιεηυιιμ</strong></span> <span class='ocrx_word' id='word_1_936' title='bbox 3049 5269 3145 5337; x_wconf 75' lang='grc' dir='ltr'><strong>(οη)</strong></span> <span class='ocrx_word' id='word_1_937' title='bbox 3174 5267 3263 5332; x_wconf 84' lang='grc' dir='ltr'><strong>Α.,</strong></span> <span class='ocrx_word' id='word_1_938' title='bbox 3302 5263 3524 5330; x_wconf 70' lang='grc' dir='ltr'><strong>ΤΙι.,ἐι</strong></span> <span class='ocrx_word' id='word_1_939' title='bbox 3562 5263 3632 5314; x_wconf 88' lang='lat' dir='ltr'><strong>lo-</strong></span> 
     </span>
    </p>
   </div>
   <div class='ocr_carea' id='block_1_116' title="bbox 414 5333 2192 5413">
    <p class='ocr_par' dir='ltr' id='par_1_116' title="bbox 414 5333 2192 5413">
     <span class='ocr_line' id='line_1_116' title="bbox 414 5333 2192 5413; baseline -0.002 -17"><span class='ocrx_word' id='word_1_940' title='bbox 414 5333 600 5413; x_wconf 77' lang='lat' dir='ltr'><strong>queris</strong></span> <span class='ocrx_word' id='word_1_941' title='bbox 631 5342 733 5397; x_wconf 87' lang='lat' dir='ltr'><strong>eis.</strong></span> <span class='ocrx_word' id='word_1_942' title='bbox 808 5340 886 5412; x_wconf 81' lang='grc' dir='ltr'><strong>(η)</strong></span> <span class='ocrx_word' id='word_1_943' title='bbox 922 5333 1018 5405; x_wconf 77' lang='grc' dir='ltr'><strong>Α.,’</strong></span> <span class='ocrx_word' id='word_1_944' title='bbox 1047 5333 1112 5394; x_wconf 82' lang='lat' dir='ltr'><strong>ad</strong></span> <span class='ocrx_word' id='word_1_945' title='bbox 1137 5333 1306 5392; x_wconf 77' lang='lat' dir='ltr'><strong>unum</strong></span> <span class='ocrx_word' id='word_1_946' title='bbox 1338 5352 1403 5392; x_wconf 91' lang='lat' dir='ltr'><strong>ex</strong></span> <span class='ocrx_word' id='word_1_947' title='bbox 1432 5333 1664 5392; x_wconf 62' lang='lat' dir='ltr'><strong>aerariis.</strong></span> <span class='ocrx_word' id='word_1_948' title='bbox 1741 5338 1816 5405; x_wconf 78' lang='grc' dir='ltr'><strong>(ο)</strong></span> <span class='ocrx_word' id='word_1_949' title='bbox 1841 5333 1924 5402; x_wconf 78' lang='grc'><strong>8.,</strong></span> <span class='ocrx_word' id='word_1_950' title='bbox 1955 5333 2192 5392; x_wconf 85' lang='lat' dir='ltr'><strong>exedris.</strong></span> 
     </span>
    </p>
   </div>
   <div class='ocr_carea' id='block_1_117' title="bbox 487 5521 1980 5596">
    <p class='ocr_par' dir='ltr' id='par_1_117' title="bbox 487 5521 1980 5596">
     <span class='ocr_line' id='line_1_117' title="bbox 487 5521 1980 5596; baseline 0.005 -19"><span class='ocrx_word' id='word_1_951' title='bbox 487 5521 553 5591; x_wconf 84' lang='lat'><strong>(&#39;)</strong></span> <span class='ocrx_word' id='word_1_952' title='bbox 584 5523 752 5595; x_wconf 84' lang='lat' dir='ltr'><strong>Syrus</strong></span> <span class='ocrx_word' id='word_1_953' title='bbox 775 5525 1043 5596; x_wconf 89' lang='lat' dir='ltr'><strong>interpres</strong></span> <span class='ocrx_word' id='word_1_954' title='bbox 1071 5526 1344 5596; x_wconf 89' lang='lat' dir='ltr'><strong>duplicem</strong></span> <span class='ocrx_word' id='word_1_955' title='bbox 1382 5525 1472 5580; x_wconf 90' lang='lat' dir='ltr'><strong>hic</strong></span> <span class='ocrx_word' id='word_1_956' title='bbox 1499 5525 1694 5582; x_wconf 86' lang='lat' dir='ltr'><strong>inserit</strong></span> <span class='ocrx_word' id='word_1_957' title='bbox 1726 5529 1980 5585; x_wconf 88' lang='lat' dir='ltr'><strong>lectioner</strong></span> 
     </span>
    </p>
   </div>
   <div class='ocr_carea' id='block_1_118' title="bbox 2082 5521 3628 5596">
    <p class='ocr_par' dir='ltr' id='par_1_118' title="bbox 2082 5523 3628 5596">
     <span class='ocr_line' id='line_1_118' title="bbox 2082 5523 3628 5596; baseline -0.002 -15"><span class='ocrx_word' id='word_1_958' title='bbox 2082 5527 2151 5581; x_wconf 77' lang='lat' dir='ltr'><strong>Ex</strong></span> <span class='ocrx_word' id='word_1_959' title='bbox 2187 5542 2313 5589; x_wconf 62' lang='grc' dir='ltr'><strong>ιιι,</strong></span> <span class='ocrx_word' id='word_1_960' title='bbox 2368 5525 2460 5596; x_wconf 87' lang='lat' dir='ltr'><strong>qui</strong></span> <span class='ocrx_word' id='word_1_961' title='bbox 2509 5532 2801 5595; x_wconf 79' lang='lat' dir='ltr'><strong>regnarunt</strong></span> <span class='ocrx_word' id='word_1_962' title='bbox 2829 5533 2954 5577; x_wconf 77' lang='lat' dir='ltr'><strong>ante</strong></span> <span class='ocrx_word' id='word_1_963' title='bbox 2983 5532 3032 5577; x_wconf 89' lang='lat' dir='ltr'><strong>le</strong></span> <span class='ocrx_word' id='word_1_964' title='bbox 3059 5523 3206 5592; x_wconf 69' lang='grc' dir='ltr'><strong>(τοὺς</strong></span> <span class='ocrx_word' id='word_1_965' title='bbox 3231 5524 3628 5595; x_wconf 71' lang='grc' dir='ltr'><strong>βασιλεύσαντας</strong></span> 
     </span>
    </p>
   </div>
   <div class='ocr_carea' id='block_1_119' title="bbox 422 5598 3199 5693">
    <p class='ocr_par' dir='ltr' id='par_1_119' title="bbox 422 5598 3199 5693">
     <span class='ocr_line' id='line_1_119' title="bbox 422 5598 3199 5693; baseline 0.002 -29"><span class='ocrx_word' id='word_1_966' title='bbox 422 5607 683 5680; x_wconf 78' lang='grc' dir='ltr'><strong>πρότερόν</strong></span> <span class='ocrx_word' id='word_1_967' title='bbox 722 5614 864 5683; x_wconf 85' lang='grc' dir='ltr'><strong>σου),</strong></span> <span class='ocrx_word' id='word_1_968' title='bbox 893 5628 922 5669; x_wconf 93' lang='lat' dir='ltr'><strong>c</strong></span> <span class='ocrx_word' id='word_1_969' title='bbox 952 5631 1082 5672; x_wconf 87' lang='lat' dir='ltr'><strong>vero</strong></span> <span class='ocrx_word' id='word_1_970' title='bbox 1105 5615 1352 5681; x_wconf 78' lang='lat' dir='ltr'><strong>Hebraeo,</strong></span> <span class='ocrx_word' id='word_1_971' title='bbox 1382 5614 1485 5672; x_wconf 89' lang='lat' dir='ltr'><strong>sub</strong></span> <span class='ocrx_word' id='word_1_972' title='bbox 1515 5616 1800 5684; x_wconf 88' lang='lat' dir='ltr'><strong>asterisco,</strong></span> <span class='ocrx_word' id='word_1_973' title='bbox 1833 5619 1926 5689; x_wconf 89' lang='lat' dir='ltr'><strong>qui</strong></span> <span class='ocrx_word' id='word_1_974' title='bbox 1959 5619 2178 5675; x_wconf 89' lang='lat' dir='ltr'><strong>fuerunt</strong></span> <span class='ocrx_word' id='word_1_975' title='bbox 2209 5625 2333 5672; x_wconf 88' lang='lat' dir='ltr'><strong>ante</strong></span> <span class='ocrx_word' id='word_1_976' title='bbox 2368 5626 2420 5673; x_wconf 87' lang='lat' dir='ltr'><strong>te</strong></span> <span class='ocrx_word' id='word_1_977' title='bbox 2457 5598 2640 5693; x_wconf 62' lang='grc' dir='ltr'><strong>(ῬᾶΞὴ</strong></span> <span class='ocrx_word' id='word_1_978' title='bbox 2675 5623 2969 5686; x_wconf 58' lang='lat'><strong>1&#39;5&#39;12’8).</strong></span> <span class='ocrx_word' id='word_1_979' title='bbox 3000 5615 3199 5685; x_wconf 57' lang='lat' dir='ltr'><strong>Dnscu.</strong></span> 
     </span>
    </p>
   </div>
  </div>
