4042 6194
401 266 507 321 9.56
517 265 535 317 I

1521 270 1836 331 IEREMM-J
1873 274 2104 332 CAPUT
2143 274 2355 331 XXXVI

3497 274 3639 331 2362

403 379 470 435 da
521 383 603 435 eis
635 380 843 434 vinum.
885 379 939 434 3.
967 381 1034 436 Et
1059 380 1260 438 adduxi
1305 382 1586 440 Iezoniam
1615 386 1786 440 ﬁlium
1810 385 1969 441 Iere-
2000 393 2042 448 Α
2075 391 2329 458 przecepit
2357 386 2472 451 eis;
2511 387 2746 458 populus
2794 378 2981 442 autem
3023 375 3110 442 hic
3141 366 3248 440 non
3299 369 3629 441 audiverunt

405 473 530 526 miae
579 472 673 526 lilii
721 471 798 542 (ρ)
845 471 1153 542 llabasniae,
1200 484 1256 530 et
1294 475 1492 532 fratres
1524 478 1666 546 ejus,
1702 485 1757 532 et
1781 493 1974 532 omnes

403 559 547 614 ﬁlios
575 561 716 628 ejus,
746 571 800 615 et
825 576 1040 616 omnem
1069 564 1294 618 domum
1329 565 1626 620 licebabim
1661 584 1674 621 :
1713 567 1769 620 4.
1799 565 1978 620 intro:

401 651 532 706 duxi
565 655 632 720 Χ
661 652 805 720 eos1
838 653 892 707 in
923 654 1146 709 domum
1194 655 1408 710 Domini
1451 657 1505 711 in
1545 657 1802 711 aerarium
1831 657 1974 711 lilio-

404 755 526 794 rum
562 741 636 810 (q)
669 741 857 795 ﬂanan
882 743 978 797 lilii
1002 742 1264 809 Godaliae,
1304 745 1544 800 hominis
1570 745 1686 809 Dei,
1726 745 1796 815 (r)
1827 745 1972 814 quod

407 838 492 884 est
540 845 569 883 a
623 830 795 886 latere
839 832 1036 886 domus
1089 833 1420 903 principum,
1470 836 1539 902 Χ
1587 834 1758 903 (ιυωζ
1807 849 1972 904 supra

404 920 628 974 domum
680 920 898 976 Maasize
943 923 1036 975 lilii
1071 919 1275 988 Selom,
1309 923 1674 990 custodientis
1708 922 1776 994 (ε)
1805 923 1970 976 viam.

405 1011 459 1064 5.
494 1013 557 1064 Ει
597 1012 854 1067 constitui
894 1021 1020 1068 ante
1052 1013 1246 1067 faciem
1277 1029 1469 1068 eorum
1511 1013 1750 1068 ﬁliorum
1777 1015 1973 1068 domus

405 1101 710 1157 Rechabim
743 1103 810 1170 (ι)
843 1103 1089 1173 bydriam
1118 1103 1420 1172 )(plenam
1453 1103 1640 1170 1vini,
1664 1111 1720 1157 et
1753 1103 1972 1167 calices,

398 1202 464 1246 et
488 1192 598 1245 dixi
628 1195 696 1260 Χ
723 1193 790 1246 ad
824 1207 922 1247 eos
945 1193 972 1261 1
1002 1211 1020 1248 :
1043 1193 1222 1248 Bibite
1255 1196 1474 1248 vinum.
1500 1194 1554 1248 6.
1581 1193 1650 1247 Et
1679 1194 1974 1248 dixerunt:

403 1283 526 1338 Non
558 1285 814 1338 bibemus
844 1285 1056 1350 vinum,
1110 1285 1236 1354 quia
1287 1283 1536 1340 Ionadab
1566 1286 1711 1340 ﬁlius
1747 1283 1973 1338 Rechab

396 1383 558 1443 pater
604 1385 787 1430 noster
823 1375 1077 1444 praecepit
1106 1376 1285 1440 nobis,
1320 1376 1510 1430 dicens
1555 1394 1568 1428 :
1615 1373 1731 1427 Non
1767 1374 1965 1428 hibetis

400 1466 614 1530 vinum,
648 1480 766 1529 vos,
795 1475 849 1520 et
872 1466 967 1520 lilii
989 1467 1178 1532 vestri,
1208 1482 1382 1536 usque
1410 1467 1463 1520 in
1488 1468 1750 1522 saeculum
1785 1484 1799 1520 :
1832 1465 1884 1518 7.
1915 1473 1973 1518 et

396 1559 599 1613 domos
631 1572 740 1612 non
769 1557 1128 1622 :ediﬁcabitis,
1165 1566 1219 1612 et
1242 1573 1426 1612 semen
1462 1572 1571 1612 non
1595 1555 1969 1620 seminabitis,

400 1655 458 1699 et
507 1645 720 1700 vineam
765 1661 872 1700 non
903 1646 1242 1715 plantabitis,
1278 1661 1455 1715 neque
1484 1646 1590 1700 erit
1613 1645 1804 1711 vobis;
1838 1645 1972 1714 quia

2077 493 2184 532 me.
2251 478 2339 532 17.
2379 477 2609 548 Propter
2646 479 2746 531 hoc
2773 478 2856 533 sic
2894 477 3032 530 dixit
3062 475 3326 530 Dominus
3350 478 3415 543 Χ
3441 475 3578 530 Dens
3606 477 3628 542 1

2075 564 2331 617 virtutum
2374 565 2512 618 Deus
2566 563 2782 618 lsraelis
2836 581 2849 615 :
2906 563 3045 615 Ecce
3093 562 3284 628 Χθςο
3312 559 3336 628 1
3368 561 3633 614 adducam

2075 669 2236 724 super
2265 653 2484 718 Iudam,
2513 665 2566 709 et
2595 668 2759 723 super
2796 655 2861 721 Χ
2881 652 3114 718 omnes1
3156 650 3467 704 habitantes
3501 653 3638 718 Χὶιι

2071 744 2375 801 Jerusalem
2433 746 2458 813 1
2489 745 2671 800 omnia
2717 744 2881 810 mala,
2930 758 3051 812 qua:
3082 744 3302 798 locutus
3327 757 3448 796 sum
3476 757 3642 810 super

2073 852 2189 901 eos,
2227 840 2294 905 Χ
2317 852 2414 906 pro
2441 852 2506 890 eo
2540 835 2684 906 quod
2719 835 2933 889 locutus
2961 849 3082 888 sum
3115 849 3279 903 super
3307 847 3424 896 eos,
3449 839 3504 885 et
3531 846 3640 886 non

2074 925 2420 985 audiverunt.
2460 934 2510 979 et
2562 923 2751 978 vocavi
2804 937 2921 986 eos,
2961 931 3017 977 et
3063 938 3170 976 non
3218 921 3638 990 responderunt.

2074 1017 2162 1070 18.
2207 1014 2271 1068 Et
2308 1015 2492 1069 domui
2533 1015 2833 1068 Rechabim
2865 1015 2888 1082 1
2929 1013 3068 1066 dixit
3092 1010 3328 1066 Ieremia
3364 1030 3379 1065 :
3411 1011 3644 1080 Propter

2075 1106 2182 1161 hoc
2239 1105 2324 1159 sic
2370 1104 2511 1158 dixit
2568 1103 2835 1158 Dominus
2885 1104 3147 1157 virtutum
3187 1103 3327 1157 Deus
3370 1101 3585 1157 lsraelis
3623 1119 3639 1156 :

2075 1199 2148 1265 (ι)
2196 1196 2338 1260 Quia
2381 1195 2676 1249 audierunt
2718 1209 2782 1249 +
2818 1194 2914 1248 lilii
2958 1193 3208 1248 Ionadab
3240 1193 3334 1247 lilii
3371 1192 3636 1262 Rechab1

2074 1301 2402 1360 prmeeptum
2438 1288 2694 1345 Ionadab.
2723 1291 2898 1360 patris
2930 1289 3004 1358 (r)
3020 1303 3236 1356 mm,
3265 1295 3322 1342 et
3350 1299 3648 1343 servarunt

2074 1379 2256 1433 omnia
2306 1389 2572 1447 praecepta
2603 1377 2748 1447 ejus,
2789 1378 2856 1431 ad
2889 1376 3202 1432 faciendum
3251 1378 3320 1445 Χ
3336 1376 3496 1444 juxta
3523 1392 3648 1430 orn-

2074 1469 2163 1523 nia
2188 1470 2238 1537 1,
2294 1483 2416 1538 qua:
2467 1467 2748 1522 mandavit
2815 1467 2890 1537 (g)
2937 1468 3016 1523 eis
3066 1480 3128 1522 σε-
3170 1474 3324 1536 pater
3359 1467 3650 1536 eormn1;

2074 1558 2160 1613 19.
2202 1558 2430 1628 Propter
2457 1559 2559 1613 hoc
2590 1559 2704 1612 haec
2731 1557 2864 1612 dicit
2895 1557 3164 1611 Dominus
3194 1556 3337 1611 Deus
3373 1555 3586 1611 lsraelis
3623 1575 3640 1612 :

2076 1651 2152 1722 (Ιι)
2196 1649 2314 1705 Νοη
2349 1650 2562 1706 deﬁciet
2605 1651 2687 1704 \ir
2723 1667 2792 1705 ex
2824 1649 2952 1704 ﬁliis
2987 1647 3236 1703 Ionadab
3271 1648 3365 1703 ﬁlii
3397 1647 3640 1711 Rechab,

404 1735 460 1788 in
502 1737 751 1790 tentoriis
783 1735 1107 1791 babitabitis
1145 1736 1402 1790 omnibus
1431 1735 1626 1790 diebus
1653 1736 1872 1801 vestris,
1911 1745 1972 1790 ut
2004 1729 2046 1785 Β
2071 1753 2222 1798 stans
2276 1750 2404 1797 ante
2454 1740 2646 1796 faciem
2695 1756 2871 1795 meam
2924 1740 3180 1795 omnibus
3231 1740 3424 1794 diebus
3461 1748 3639 1795 terrae.

403 1826 601 1881 vivatis
625 1827 818 1882 diebus
852 1827 1043 1883 multis
1075 1842 1241 1897 super
1264 1830 1332 1896 Χ
1356 1825 1494 1882 facie
1523 1827 1548 1896 1
1585 1835 1764 1891 terra},
1802 1841 1972 1896 super

402 1930 510 1986 qua
568 1915 648 1987 (ιι)
685 1931 784 1971 vos
834 1917 1092 1973 habitatis
1137 1930 1303 1987 super
1345 1933 1432 1972 ea.
1471 1917 1526 1972 8.
1560 1916 1627 1972 Et
1655 1917 1972 1993 audivimus

402 2021 588 2062 vocem
607 2005 854 2064 Ionadab
878 2010 943 2074 Χ
967 2007 1063 2062 ﬁlii
1092 2008 1312 2062 Rechab
1340 2009 1364 2077 1
1396 2008 1566 2076 patris
1590 2009 1786 2074 nostri,
1811 2008 1970 2078 juxta

397 2098 605 2163 omnia,
629 2113 753 2168 quae
782 2098 1042 2168 praecepit
1065 2099 1247 2163 nobis,
1280 2107 1339 2153 ut
1367 2114 1475 2152 non
1507 2098 1760 2155 bibamus
1780 2101 1969 2155 vinum

395 2187 658 2242 omnibus
691 2187 884 2242 diebus
914 2189 1144 2253 nostris,
1181 2203 1302 2254 nos,
1327 2196 1383 2244 et
1414 2203 1614 2244 uxores
1649 2200 1869 2254 nostrae,
1916 2198 1972 2245 et

403 2277 498 2332 ﬁlii
524 2279 718 2344 nostri,
750 2289 804 2334 et
827 2279 948 2333 lilia:
970 2288 1192 2344 nostrae,
1233 2279 1289 2334 9.
1317 2289 1372 2334 et
1405 2288 1464 2334 ut
1493 2295 1602 2335 non
1631 2280 1969 2338 aadiﬁcemus

401 2367 615 2431 domos,
673 2384 740 2423 ne
775 2369 1083 2425 habitemus
1123 2369 1197 2424 ibi
1249 2388 1263 2424 :
1315 2379 1370 2425 et
1417 2370 1599 2435 vinea,
1641 2381 1698 2425 et
1727 2386 1875 2441 ager,
1913 2380 1970 2426 et

395 2474 583 2512 semen
615 2475 720 2513 non
756 2458 858 2513 fuit
880 2461 1041 2516 nobis
1075 2479 1088 2514 :
1124 2460 1213 2514 10.
1240 2470 1294 2514 et
1317 2461 1688 2516 habitavimus
1717 2461 1770 2515 in
1799 2472 1969 2517 tento-

402 2550 526 2612 riis,
580 2558 636 2603 et
687 2549 1022 2615 audivimus,
1068 2562 1124 2605 et
1156 2549 1388 2606 fecimus
1412 2551 1569 2620 juxta
1599 2553 1805 2616 omnia,
1844 2569 1967 2622 quae

399 2639 654 2708 praecepit
699 2639 858 2695 nobis
900 2638 1150 2694 Ionadab
1178 2649 1329 2710 pater
1356 2651 1564 2696 noster.
1615 2642 1701 2696 ll.
1733 2641 1963 2696 Factum

395 2743 484 2786 est
505 2741 708 2798 autem,
739 2747 864 2788 cum
890 2733 1140 2786 ascendit
1161 2731 1667 2786 Nabuchodonosor
1689 2749 1782 2787 rex
1801 2732 1968 2810 Baby-

399 2820 542 2876 lonis
578 2837 744 2892 super
778 2831 1002 2886 terram,
1039 2831 1095 2876 et
1121 2821 1363 2878 diximus
1398 2841 1411 2875 :
1452 2822 1530 2892 (ω)
1560 2823 1961 2889 Ascendamus,

400 2913 771 2983 ingrediantur
799 2913 851 2966 in
872 2910 1180 2968 Jerusalem
1213 2913 1282 2967 ab
1309 2922 1434 2966 ante
1457 2912 1651 2967 faciem
1681 2914 1964 2981 poteszatis

396 3003 802 3066 Chaldaeorum,
833 3001 980 3056 etab
1003 3010 1131 3056 ante
1163 3001 1355 3056 faciem
1381 3001 1664 3070 potestatis
1700 3000 1776 3069 (τι)
1800 3003 1964 3070 Assy-

399 3095 633 3158 riorum,
687 3093 764 3161 (κ)
791 3063 863 3146 ἰιι
905 3092 1276 3146 habitavimus
1303 3063 1401 3146 ibi:
1442 3092 1528 3144 12.
1553 3090 1621 3144 Et
1652 3063 1855 3145 factum
1883 3063 1967 3146 est
1992 3063 2037 3124 ρ

399 3184 624 3237 verbum
657 3182 871 3236 Domini
896 3182 962 3237 ad
986 3181 1300 3246 Ieremiam,
1329 3182 1518 3238 dicens
1547 3201 1560 3237 :
1595 3184 1682 3238 15.
1714 3182 1806 3237 Sic
1824 3184 1964 3238 dixit

399 3272 663 3327 Dominus
693 3274 956 3327 virtutum
992 3271 1136 3326 Deus
1164 3271 1378 3328 lsraelis
1408 3291 1422 3326 :
1459 3271 1628 3336 Vade,
1659 3283 1716 3330 et
1747 3275 1835 3329 die
1864 3275 1965 3328 ho-

399 3363 533 3416 mini
561 3361 733 3426 Iudze,
765 3370 820 3416 et
859 3361 1228 3416 habitantibus
1263 3361 1317 3415 in
1357 3359 1658 3417 Jerusalem
1695 3381 1709 3417 :
1747 3363 1823 3433 (a)
1847 3362 1964 3417 Non

396 3453 679 3522 accipietis
729 3451 1071 3521 disciplinam
1125 3450 1192 3504 ad
1233 3451 1560 3506 audiendum
1606 3453 1769 3507 verba
1812 3453 1967 3508 mea?

396 3544 531 3597 dicit
588 3540 871 3596 Dominus.
927 3541 1014 3594 M.
1062 3538 1456 3595 Stabiliverunt
1485 3546 1552 3610 Χ
1583 3543 1643 3595 τὸ
1679 3544 1701 3612 1
1737 3545 1963 3599 verbum

399 3633 564 3690 +ﬁlii
619 3634 640 3702 1
689 3630 935 3685 Ionadab
985 3630 1080 3684 ﬁlii
1127 3629 1373 3695 Rechab,
1405 3648 1524 3702 quae
1556 3636 1811 3705 pracepit
1840 3635 1966 3691 liliis

395 3727 538 3794 ejus’,
571 3734 629 3779 ut
657 3739 764 3778 non
791 3723 1040 3778 biberent
1062 3723 1272 3788 vinum,
1302 3732 1356 3779 et
1381 3740 1489 3778 non
1515 3725 1769 3780 biberunt
1789 3731 1856 3795 Χ
1881 3743 1966 3783 us-

398 3833 501 3886 que
550 3817 617 3871 ad
667 3817 811 3872 diem
865 3816 1008 3872 hunc
1041 3815 1100 3884 1;
1148 3816 1280 3886 quia
1312 3817 1604 3872 audierunt
1633 3830 1964 3890 praeceptum

399 3912 466 3976 Χ
497 3909 667 3978 patris
707 3922 899 3962 eorum
928 3908 950 3974 1
976 3925 990 3962 :
1015 3921 1117 3977 ego
1145 3916 1327 3962 autem
1361 3908 1576 3963 locutus
1600 3925 1722 3964 sum
1751 3912 1817 3964 ad
1847 3926 1962 3977 vos,

395 4001 470 4071 (b)
516 4001 568 4054 in
607 4000 874 4054 matutino
908 4000 1074 4054 etiam
1102 3999 1318 4053 locutus
1348 4014 1494 4062 sum,
1526 4008 1580 4052 et
1608 4016 1714 4054 non
1748 4003 1962 4056 audiis-

397 4093 468 4145 tis
492 4094 557 4159 Χ
589 4105 674 4143 me
701 4091 750 4158 1.
787 4089 872 4143 15.
901 4087 966 4142 Et
995 4089 1118 4144 misi
1147 4087 1213 4142 ad
1253 4103 1350 4142 vos
1381 4104 1572 4142 omnes
1600 4104 1790 4144 servos
1813 4104 1964 4146 meos

396 4181 708 4249 prophetas,
760 4186 1107 4232 antevertens
1152 4185 1208 4230 et
1248 4176 1492 4240 mittens,
1525 4177 1596 4247 (ε)
1621 4177 1732 4232 dixi
1766 4194 1781 4232 :
1817 4177 1964 4232 Con-

393 4269 669 4324 vertimini
700 4272 768 4338 Χ
793 4284 940 4323 nunc
971 4267 996 4336 1
1051 4270 1434 4338 unusquisque
1463 4283 1494 4322 a
1526 4269 1611 4323 via
1652 4283 1754 4324 sua
1798 4269 1959 4335 mala,

391 4371 446 4416 et
476 4362 698 4416 meliora
726 4360 886 4415 facite
919 4361 999 4431 (ά)
1021 4369 1288 4431 praecepta
1313 4371 1516 4426 ves1ra,
1540 4367 1595 4414 et
1620 4375 1728 4414 non
1753 4361 1962 4416 abeatis

393 4463 517 4522 post
546 4454 675 4507 deos
713 4451 851 4506 alios
889 4451 956 4506 ad
993 4451 1281 4506 colendum
1314 4451 1597 4505 servitium
1628 4451 1709 4506 eis
1737 4469 1751 4505 :
1783 4462 1835 4506 et
1859 4452 1956 4504 ha-

391 4543 641 4597 bitabilis
672 4557 837 4611 super
867 4549 1033 4606 terra,
1062 4556 1225 4609 quam
1267 4541 1389 4596 dedi
1418 4541 1596 4603 vobis,
1627 4552 1682 4595 et
1711 4542 1960 4610 patribus

391 4634 611 4688 vestris.
646 4633 709 4687 Et
738 4647 846 4685 non
880 4629 1184 4685 inclinastis
1218 4633 1284 4698 Χ
1308 4631 1406 4700 τὴν
1433 4632 1454 4699 1
1485 4646 1670 4685 aurem
1698 4641 1958 4698 vestram,

389 4733 445 4778 et
485 4738 592 4777 non
626 4721 913 4778 audivistis
955 4737 1064 4775 me.
1104 4719 1190 4775 16.
1222 4719 1287 4775 Et
1320 4721 1710 4777 stabiliverunt
1743 4723 1837 4777 ﬁlii
1864 4721 1960 4778 Io-

391 4815 570 4870 nadab
613 4815 707 4869 lilii
749 4815 972 4870 Rechab
1013 4825 1340 4886 praeceptum
1371 4815 1543 4884 patris
1568 4831 1781 4880 eorum,
1815 4816 1958 4886 quod

465 4930 540 4999 (ρ)
574 4929 663 4993 Α.,
716 4928 991 5000 Abasniae.
1070 4928 1161 5000 λιι)
1195 4928 1284 4994 Α.,
1317 4929 1595 4985 Πειιειιιὶαδ.

388 4997 625 5055 MaaSize.
729 5003 802 5067 (a)
832 4999 920 5061 A.,
951 4997 1035 5063 8.,
1067 4997 1190 5058 ΤῙι..
1223 5001 1445 5053 atrium.

387 5069 472 5131 8.,
502 5069 681 5123 sedem
719 5068 948 5123 habetis.
1057 5069 1134 5137 (τε)
1167 5068 1256 5130 Α..
1312 5067 1392 5132 8.,

389 5205 459 5276 (ε)
509 5208 598 5271 Λ.,
644 5205 764 5272 Tia,
820 5223 919 5276 pro
962 5205 1042 5262 eo
1093 5222 1200 5276 quo

388 5279 602 5332 lchitur.
707 5279 767 5342 (i)
803 5277 882 5330 Ad
933 5291 1038 5346 me.
1144 5277 1215 5346 (k)
1257 5276 1321 5333 A.
1355 5318 1371 5342 ,
1421 5276 1830 5341 volumen.“8.,

387 5347 858 5418 I‘IXI’illiiA'l‘ISA2
887 5345 1139 5400 divinitus
1169 5345 1370 5418 (acutus
1409 5363 1544 5418 sum.
1653 5351 1748 5418 (m)

1881 5283 2302 5365 essetaut;
2397 5286 2721 5365 ,φρίμιιιιιηο

1803 5351 2321 5418 ΕΧΡΗΜΑΤΙΣΕΝ,
2375 5355 2624 5407 divinitus
2672 5351 2877 5408 loculus
2904 5366 3000 5408 est.

2138 1833 2272 1903 Cap.
2319 1832 2562 1887 XXXVI.
2587 1862 2657 1873 —
2695 1834 2746 1885 1.
2785 1830 2852 1885 Ει
2884 1833 2950 1897 Χ
2985 1831 3182 1884 factum
3213 1839 3297 1885 est
3329 1831 3352 1898 1
3392 1832 3445 1885 in
3499 1845 3642 1884 anno

2070 1929 2265 1992 quarto
2289 1920 2498 1975 Ioacim
2534 1920 2627 1974 ﬁlii
2669 1919 2834 1975 Iosue
2857 1920 2999 1989 regis
3027 1917 3199 1983 Iudae,
3226 1919 3430 1974 factum
3464 1928 3546 1974 est
3576 1922 3644 1987 Χ

2068 2013 2293 2067 verbum
2354 2013 2375 2082 1
2433 2012 2628 2082 hoc(i)
2660 2011 2725 2065 ad
2776 2009 3065 2066 Ieremiam
3110 2013 3178 2079 Χ
3227 2026 3257 2066 a
3319 2010 3546 2066 Domino
3616 2013 3640 2079 1

2067 2102 2255 2158 dicens
2285 2102 2375 2158 εἰ.
2406 2101 2572 2157 Sume
2595 2102 2688 2156 tibi
2713 2101 2785 2172 (k)
2807 2101 3054 2156 chartam
3085 2101 3229 2164 libri,
3262 2109 3314 2156 et
3347 2102 3525 2156 scribe
3547 2115 3642 2156 su-

2067 2206 2163 2260 per
2188 2207 2250 2245 ea
2274 2192 2460 2245 omnia
2490 2191 2674 2251 verba.
2707 2206 2829 2260 qua:
2859 2190 2919 2258 (ι)
2948 2190 3264 2258 prophetavi
3301 2189 3368 2241 ad
3400 2199 3450 2243 te
3479 2203 3645 2257 super

2067 2276 2345 2342 lsraelem,
2380 2285 2434 2331 et
2467 2292 2630 2346 super
2664 2276 2886 2340 Iudam,
2926 2287 2980 2331 et
3017 2292 3179 2346 super
3203 2292 3392 2331 omnes
3425 2287 3638 2345 gentes.

2067 2381 2096 2419 a
2147 2366 2234 2420 die
2271 2381 2380 2434 quo
2422 2365 2636 2421 locutus
2686 2381 2806 2419 sum
2851 2366 2919 2420 ad
2965 2374 3038 2430 te,
3081 2381 3111 2419 a
3147 2364 3339 2419 diebus
3377 2363 3542 2418 Iosiar
3573 2379 3639 2420 -ι-

2067 2455 2210 2523 regis
2240 2453 2392 2508 Iuda:
2427 2454 2484 2522 1,
2518 2465 2572 2508 et
2598 2470 2770 2524 usque
2814 2455 2880 2509 ad
2919 2457 3061 2510 diem
3090 2457 3253 2511 hunc.
3293 2456 3348 2511 5.
3387 2454 3643 2508 Fortasse

2067 2546 2285 2598 audient
2323 2545 2518 2598 domus
2555 2542 2705 2599 Iudae
2734 2547 2917 2600 omnia
2969 2547 3138 2610 mala,
3179 2561 3301 2616 qnze
3336 2559 3435 2616 ego
3461 2545 3638 2613 cegito

2067 2633 2244 2689 facere
2276 2636 2384 2700 eis;
2423 2644 2482 2688 ut
2523 2645 2861 2690 revertantur
2898 2640 2964 2703 Χ
3001 2635 3379 2704 unusquisque
3410 2633 3432 2701 1
3476 2649 3506 2686 a
3543 2634 3632 2686 via

2066 2738 2166 2778 sua
2200 2723 2340 2776 mala
2373 2739 2384 2774 :
2414 2732 2468 2778 et
2501 2723 2768 2793 prepitius
2795 2739 2891 2779 ero
2929 2724 3310 2794 iniquitatibus
3338 2737 3554 2781 eorum.
3585 2731 3640 2776 ct

2065 2814 2302 2884 peccatis
2339 2829 2551 2868 eorum.
2589 2813 2642 2868 4.
2693 2815 2757 2868 Et
2786 2816 3000 2868 vocavit
3034 2813 3268 2869 Ieremia
3325 2813 3535 2868 Baruch
3579 2812 3642 2867 ﬁ-

2067 2904 2198 2958 lium
2257 2903 2430 2958 Neria:
2472 2915 2571 2958 :ct
2617 2904 2836 2973 scripsit
2879 2903 3088 2957 Baruch
3133 2919 3197 2957 ex
3253 2919 3348 2958 ore
3394 2901 3644 2958 Ieremia:

2066 2996 2246 3049 omnia
2274 2996 2432 3049 verba
2470 2995 2705 3059 Domini,
2735 3010 2857 3064 quae
2892 2995 2985 3064 (ut)
3010 2995 3353 3064 prophetarit
3386 2994 3452 3048 ad
3493 3010 3641 3057 eum,

2068 3083 2121 3135 in
2163 3083 2403 3136 chartam
2436 3082 2580 3136 libri.
2611 3083 2663 3137 5.
2693 3082 2757 3136 Et
2795 3081 3047 3152 praecepit
3084 3080 3316 3136 Ieremia
3361 3082 3642 3148 Barueho,

2066 3171 2252 3227 dict-ns
2279 3187 2292 3223 :
2320 3171 2430 3243 Ego
2451 3172 2528 3243 (η)
2554 3173 2858 3227 custoditus
2891 3189 3035 3238 smn,
3064 3182 3115 3228 et
3150 3188 3256 3226 non
3282 3188 3503 3242 possunt
3556 3175 3644 3226 in-

2067 3263 2213 3332 gredi
2265 3263 2317 3316 in
2353 3263 2574 3318 domum
2625 3262 2834 3318 Domini
2870 3262 2970 3317 :6.
3015 3273 3066 3318 et
3111 3263 3434 3332 ingrediaris
3486 3272 3644 3325 tn,ct

2067 3352 2213 3423 legas
2240 3355 2291 3407 in
2323 3355 2510 3408 charta
2539 3369 2598 3410 -ιν
2630 3354 2732 3409 hac
2761 3353 2782 3422 1
2808 3394 2822 3417 ,
2856 3370 2960 3423 qua
2995 3353 3268 3423 scripsisti
3298 3369 3364 3406 ex
3395 3369 3489 3407 ore
3522 3368 3643 3408 meo

2067 3442 2231 3495 verba
2265 3441 2476 3496 Domini
2507 3442 2558 3496 in
2589 3458 2748 3496 aures
2781 3442 2984 3511 populi,
3019 3441 3072 3495 in
3109 3443 3273 3494 domo
3317 3440 3554 3504 Domini,
3587 3441 3640 3493 in

2065 3526 2152 3581 die
2193 3526 2426 3596 jejunii;
2459 3536 2512 3580 et
2560 3528 2613 3580 in
2645 3529 2870 3581 auribus
2919 3529 3098 3582 omnis
3127 3527 3280 3582 Iuda:
3311 3526 3640 3582 venientium

2065 3629 2130 3669 ex
2167 3616 2394 3670 urbibus
2423 3630 2637 3679 eormn,
2672 3616 2820 3686 leges
2848 3615 2948 3669 eis.
2981 3615 3034 3670 7.
3073 3615 3325 3671 Fortasse
3354 3615 3508 3670 cadet
3545 3615 3641 3670 de-

2066 3702 2379 3772 prccatio(‘)
2406 3717 2594 3756 eorum
2627 3713 2748 3755 ante
2761 3701 2956 3756 faciem
2980 3701 3217 3768 Domini,
3235 3711 3289 3756 et
3305 3710 3643 3757 revertentur

2067 3792 2135 3858 Χ
2169 3790 2542 3859 unusquisque
2586 3791 2609 3857 1
2659 3805 2689 3843 a
2727 3789 2812 3844 via
2866 3805 2966 3845 sua
3007 3792 3184 3856 mala;
3239 3791 3368 3860 quia
3412 3804 3642 3860 magnus

2068 3876 2220 3930 furor
2243 3885 2297 3930 et
2331 3877 2409 3929 ira
2447 3890 2507 3931 4-
2541 3875 2754 3930 Domini
2794 3877 2855 3944 1,
2889 3892 3053 3946 quam
3095 3878 3310 3936 locutus
3346 3887 3429 3931 est
3459 3875 3644 3930 Domi-

2067 3977 2171 4016 nus
2192 3977 2354 4030 super
2383 3964 2636 4031 populum
2665 3965 2828 4016 hunc.
2871 3965 2924 4016 8.
2965 3964 3030 4016 Et
3067 3964 3193 4018 fecit
3234 3963 3442 4016 Daruch
3477 3968 3543 4030 Χ
3579 3965 3643 4016 li-

2065 4047 2168 4102 lius
2191 4046 2366 4101 Neria:
2399 4048 2421 4116 1
2455 4049 2607 4115 juxta
2648 4049 2852 4111 omnia,
2882 4063 3003 4116 qua:
3033 4051 3288 4118 praecepit
3319 4051 3366 4104 ei
3400 4049 3636 4104 Ieremia

2064 4135 2346 4202 propheta,
2388 4135 2454 4187 ad
2503 4135 2786 4203 legendum
2841 4135 2894 4187 in
2924 4135 3064 4190 libro
3114 4137 3277 4190 verba
3323 4136 3532 4189 Domini
3578 4137 3632 4190 in

2063 4220 2226 4275 domo
2261 4219 2494 4278 Domini.
2528 4222 2582 4277 9.
2619 4221 2684 4276 Et
2716 4221 2916 4277 factum
2951 4233 3031 4278 est
3073 4224 3125 4278 in
3168 4240 3312 4277 anno
3344 4226 3417 4292 (ο)
3443 4225 3638 4293 quinto

2063 4305 2291 4362 Ioacimi
2335 4307 2428 4362 ﬁlii
2464 4307 2626 4362 Iosim
2664 4313 2806 4379 regis
2841 4309 3013 4375 Iudae,
3068 4311 3122 4365 in
3148 4326 3337 4365 mense
3370 4325 3514 4363 nono
3551 4311 3626 4376 (ρ)

1992 4395 2414 4464 neongregavit
2452 4395 2726 4464 jejunium
2780 4412 2906 4450 ante
2953 4396 3145 4452 faciem
3186 4395 3402 4451 Domini
3455 4399 3636 4452 omnis

2067 4481 2296 4549 populus
2365 4482 2626 4547 lsraelis,
2685 4492 2744 4537 et
2800 4483 2978 4538 omnis
3065 4485 3295 4553 populus
3360 4483 3639 4538 venientes

2065 4583 2134 4621 ex
2184 4567 2410 4622 urbibus
2464 4567 2635 4633 Iudaa,
2690 4569 2744 4622 in
2796 4567 3119 4634 Ierusalem,
3178 4582 3239 4624 4-
3299 4567 3492 4623 domus
3540 4567 3639 4623 Iu-

2065 4653 2148 4708 da
2207 4655 2281 4723 1.
2331 4653 2416 4708 10.
2480 4654 2547 4708 Ει
2600 4655 2728 4726 legit
2779 4655 2986 4710 Baruch
3053 4656 3107 4710 in
3177 4655 3316 4711 libro
3379 4659 3444 4725 Χ
3487 4656 3556 4711 τὰ
3609 4659 3634 4729 1

2065 4741 2228 4793 verba
2279 4738 2525 4795 Ieremia:
2581 4740 2632 4794 in
2696 4741 2861 4795 domo
2921 4739 3158 4804 Domini,
3219 4742 3293 4814 (τι)
3360 4743 3414 4797 in
3476 4745 3637 4797 domo

2066 4823 2336 4880 Gamaria:
2368 4827 2462 4880 lilii
2487 4827 2705 4897 Saphan
2736 4829 2952 4893 scribae,
2997 4829 3050 4883 in
3081 4830 3224 4884 atrio
3253 4831 3540 4900 superiori,
3579 4830 3633 4884 in

1699 4931 2049 5008 (r)A_S.,__qu_:e
2071 4937 2323 5008 est_apud
2346 4937 2602 4992 exedram
2651 4938 2978 5008 principum,
3032 4955 3153 5008 qua:
3180 4955 3345 5008 supra
3378 4939 3630 4994 exedram

1545 5004 1610 5069 (ι)
1644 5000 1844 5064 Λ.,’8.,
1877 5000 2476 5070 ΣΚΥΦΟΥΣξςεμρΙιοδ.
2575 5000 2764 5070 (α)”Α.,
2802 5000 2892 5070 qui

1435 5070 1633 5133 venite,
1672 5071 2059 5141 ingrediantur.

414 5148 467 5201 α)
499 5139 584 5201 8.,
640 5154 820 5207 annon
845 5139 1140 5207 accipietis.
1218 5139 1292 5207 (ὁ)
1321 5139 1413 5201 Α..
1454 5139 1798 5194 antevertens
1835 5151 1888 5195 et
1944 5144 2150 5199 dicens.

389 5141 467 5207 (a)
499 5139 584 5201 8.,
640 5154 820 5193 annon
845 5137 1140 5207 accipietis.
1203 5137 1364 5261 ΑΜΑ

389 5213 459 5261 te)
509 5208 598 5261 Λ..
644 5205 764 5261 Th...
820 5223 919 5261 nro
975 5222 1042 5261 eo
1093 5222 1200 5261 auo
1293 5222 1361 5261 au

2330 5011 2476 5076 phos.
2575 5008 2652 5077 tu)
2677 5007 2764 5072 A.,
2802 5009 2895 5077 qui
2932 5024 3029 5062 vos
3053 5007 3122 5062 sn
3166 5026 3223 5062 er
3247 5007 3308 5062 ea
3337 5010 3628 5076 peregrini.

2395 5076 2478 5127 8..
2512 5074 2793 5127 Svrornm.
2898 5079 2972 5127 (si
3000 5077 3086 5127 Α..
3120 5027 3240 5127 'Fltu
3266 5088 3317 5127 et
3365 5077 3627 5127 sedimus.

2175 5079 2250 5146 (υ)
2278 5074 2365 5140 Αζ,
2395 5076 2478 5140 8.,
2512 5074 2793 5146 Syr-crum.
2819 5074 2834 5077 ’
2898 5079 2972 5142 (2.)
3000 5077 3086 5142 Λ.,
3120 5074 3240 5138 ΤΙι..
3266 5088 3317 5129 et
3337 5074 3627 5132 sedi-tuus.

2257 5146 2326 5217 (ι’)
2352 5145 2482 5217 Α.ι1.,Δ
2615 5145 2734 5207 Th.,
2784 5148 2986 5201 dicens.
3029 5150 3105 5216 (τί)
3149 5146 3351 5217 Reliqui
3379 5159 3397 5198 :
3427 5149 3628 5217 studia.

1293 5207 1597 5286 audivistis.
1675 5208 1998 5286 (f)_lieliqui
2028 5229 2046 5267 :
2078 5207 2273 5286 vestri.
2308 5207 2413 5286 ’(9)
2447 5207 2652 5283 Reliqui
2689 5229 2707 5266 :
2739 5217 2950 5286 vobis._
2996 5207 3068 5286 (Ιί)
3088 5207 3211 5286 '11.,
3239 5207 3356 5279 1%.,
3395 5231 3500 5268 non
3532 5216 3628 5268 tle-

2819 5285 2880 5353 (Ι)
2914 5283 3118 5354 Reliqui
3152 5301 3169 5337 :
3205 5285 3416 5338 locutus
3483 5300 3626 5342 smn.

3105 5357 3180 5425 (η)
3211 5354 3299 5416 Au,
3335 5353 3420 5419 8.,
3451 5355 3630 5409 inclu-

388 5432 481 5472 sus
509 5433 653 5472 sum.
733 5415 1050 5487 (0)0ctavo.
1126 5419 1204 5486 (p)
1242 5415 1330 5480 A.,
1363 5415 1785 5486 proclamarunt.
1865 5419 2050 5489 (q)A.,
2101 5423 2156 5477 in
2197 5415 2359 5478 domo
2383 5438 2550 5493 gazae.
2595 5422 2679 5489 8.,
2731 5428 2785 5478 in
2818 5423 3032 5478 exedra.

461 5556 526 5637 (ξ)
555 5557 726 5637 Syrtis
757 5564 961 5637 noster.
997 5565 1236 5637 smmi-1,
1273 5555 1735 5637 quodfespondet
1756 5557 1834 5627 τῷ
1857 5569 2007 5637 rem
2028 5569 2211 5617 textus
2239 5562 2508 5618 llebraici.
2539 5562 2829 5634 Pl-rperam
2856 5562 3085 5618 reddidit
3121 5562 3386 5636 Norberg,
3416 5557 3628 5618 miscri-

391 5627 595 5689 cordm,
623 5635 682 5678 ut
713 5627 875 5679 habet
903 5634 1080 5679 textus
1104 5636 1355 5696 receptus
1383 5627 1490 5681 τῶν
1515 5641 1641 5692 Lxx,
1673 5627 1840 5692 ἔλεος.
1871 5631 2071 5686 υιιλωι.
