4042 6194
249 334 389 401 25697

1446 337 1764 395 JI'JREMIIE
1805 340 2037 398 CAPUT
2078 338 2213 397 XLI.

3343 335 3411 390 23
3421 324 3483 389 70

254 453 430 507 medio
480 454 659 508 omnis
712 453 1126 525 demigrationis
1169 455 1495 521 Jerusalem,
1539 467 1594 513 et
1637 456 1809 522 Iudae.
1842 467 1885 518 Α
1916 457 2091 512 valde.
2131 459 2217 512 l5.
2256 456 2321 511 Et
2347 454 2595 512 Jobanan
2634 455 2775 511 ﬁlius
2808 454 3009 520 Corah,
3039 463 3091 508 ct
3119 468 3310 508 omnes
3343 455 3485 523 priu-

249 561 457 610 eorum,
506 547 597 615 qui
653 547 869 601 deducti
924 556 1080 602 erant
1126 549 1180 601 in
1235 548 1585 619 Babylonem.
1630 550 1690 605 ,2.
1750 550 1815 605 Ει

250 636 445 690 sumsit
473 652 599 690 eum
635 638 698 706 (ι)
730 637 808 707 (u)
835 638 1090 709 princeps
1122 655 1447 709 coquorum,
1473 649 1528 694 et
1555 640 1692 696 dixit
1719 641 1769 697 ei
1798 659 1811 695 :

254 727 515 783 Dominus
556 727 700 783 Deus
740 738 867 785 tutis
900 730 976 800 (ac)
1014 731 1354 800 prophetavit
1388 732 1527 785 mala
1571 733 1685 786 haec
1719 747 1814 786 su-

254 836 343 889 per
376 820 555 874 locum
592 822 739 875 hunc
772 844 782 875 :
810 824 863 876 5.
901 832 954 877 et
992 823 1236 885 adduxit,
1267 831 1318 876 et
1358 821 1481 877 fecit
1528 823 1813 885 Dominus.

253 912 388 967 sicut
434 911 651 967 locutus
685 920 809 976 est;
848 912 975 981 quia
1021 913 1285 981 peccastis
1336 911 1567 966 Domino
1616 914 1717 981 (y),
1764 921 1818 966 et

256 1018 355 1056 non
384 1001 671 1057 audivistis
719 1017 903 1056 vocem
936 1002 1056 1071 ejus
1083 1020 1096 1056 :
1132 1006 1198 1070 )t(
1228 1015 1280 1056 et
1312 1002 1514 1056 factum
1553 1011 1637 1058 est
1666 1003 1818 1059 vobis

258 1092 474 1147 verbum
501 1093 605 1147 hoc
636 1094 683 1162 ζ.
716 1124 784 1134 —
812 1093 865 1147 ι1.
897 1092 1068 1147 Etiam
1101 1096 1167 1160 )t(
1200 1110 1344 1148 nunc
1381 1094 1401 1160 ζ
1432 1110 1559 1149 ecce
1602 1094 1736 1149 solvi
1768 1102 1819 1149 te

256 1184 319 1250 )9:
346 1184 504 1238 hodie
539 1184 561 1251 ζ
600 1182 673 1253 (a)
720 1200 749 1237 a
782 1184 1033 1247 vinculis,
1068 1200 1191 1254 qua:
1234 1200 1397 1254 super
1430 1201 1623 1239 manus
1654 1194 1815 1240 tuas:

258 1274 331 1343 (a)
364 1274 407 1328 si
449 1274 735 1343 pulchrum
769 1291 951 1329 coram
983 1286 1033 1330 te
1071 1275 1254 1329 venire
1286 1291 1407 1328 cum
1443 1291 1528 1331 me
1556 1276 1608 1329 in
1644 1275 1820 1345 Baby-

259 1364 457 1423 lonem.
484 1364 635 1430 veni,
664 1376 717 1419 et
746 1381 942 1435 ponam
972 1369 1037 1434 κ(
1058 1367 1181 1430 τοὺς
1206 1367 1228 1433 ζ
1259 1367 1448 1421 oculos
1480 1380 1629 1421 meos
1658 1382 1823 1437 super

260 1460 308 1507 te
334 1471 347 1506 :
377 1453 453 1520 (ιι)
486 1462 537 1507 et
570 1455 615 1507 si
651 1458 852 1509 malum
905 1456 957 1509 in
987 1455 1159 1509 oculis
1193 1455 1303 1509 tuis
1349 1456 1533 1509 venire
1577 1470 1701 1508 cum
1737 1470 1823 1509 me

260 1546 310 1597 in
365 1541 712 1614 Babylonem,
764 1546 835 1614 (r)
882 1547 1143 1615 quiesce:
1184 1548 1403 1613 )Kecce
1451 1545 1632 1599 omnis
1681 1553 1821 1599 terra

260 1650 440 1689 coram
471 1642 559 1688 te:
597 1634 926 1705 ubicumque
960 1636 1165 1689 bonum
1209 1645 1264 1691 et
1296 1645 1502 1691 rectum
1545 1634 1600 1689 in
1648 1635 1824 1689 oculis

1916 549 2063 617 cipcs
2098 547 2397 618 potestatis,
2423 548 2516 618 qui
2546 548 2600 602 in
2635 561 2766 617 agro
2784 588 2798 611 ,
2822 556 3088 601 venerunt
3110 548 3177 600 ad
3202 545 3485 600 Godoliam

1918 637 1971 691 in
1992 637 2311 707 Maspbiam,
2334 639 2419 692 14.
2440 645 2494 690 et
2527 636 2788 691 dixerunt
2820 635 2903 690 ei:
2927 634 2983 689 Si
3006 636 3381 703 cognoscendo
3397 650 3489 691 co-

1919 729 2160 796 gnoscis,
2194 730 2340 798 quod
2390 727 2571 782 Baalis
2611 744 2703 781 rex
2746 726 2976 780 ﬁliorum
3006 731 3236 781 Ammon
3280 728 3490 782 miserit

1923 820 1988 872 ad
2022 820 2303 873 Ismaelem
2337 820 2505 873 ﬁlium
2538 818 2841 880 Natbauia‘,
2874 818 2939 871 ad
2981 819 3337 873 occidendum
3374 819 3492 872 anis

1922 925 2061 961 ruam
2083 910 2269 962 tuam?
2290 909 2351 963 Iit
2365 925 2470 963 non
2488 909 2718 964 credidit
2738 908 2818 962 eis
2832 907 3058 962 Godolia
3085 910 3228 964 ﬁlius
3242 909 3491 965 Abicam.

1926 1001 2009 1051 l5.
2042 1001 2105 1055 Et
2127 998 2375 1055 Jobanan
2399 1000 2543 1055 ﬁlius
2569 1000 2746 1054 Coralt
2778 1002 2915 1055 dixit
2934 1001 3175 1056 Godolize
3201 1001 3412 1056 occulte
3438 1001 3492 1054 in

1924 1090 2191 1161 Maspbia,
2216 1091 2438 1147 dicens:
2470 1091 2559 1145 lbo
2580 1107 2745 1156 nunc,
2782 1100 2835 1146 et
2858 1092 3101 1147 occidam
3127 1092 3406 1147 lsmaelem
3436 1093 3497 1147 ﬁ-

1924 1184 2054 1236 lium
2095 1180 2398 1245 Natbaniae,
2422 1192 2475 1237 et
2508 1183 2581 1252 (a)
2602 1199 2760 1237 nemo
2777 1187 3015 1248 scict,ne
3031 1184 3495 1239 occidatanimam

1923 1286 2093 1337 tuam,
2117 1285 2169 1328 et
2186 1274 2571 1345 disperguntur
2590 1274 2985 1341 omnesJudrei,
3004 1276 3313 1346 congregati
3339 1276 3403 1330 ad
3423 1284 3494 1341 te,

1923 1378 1977 1421 et
2006 1367 2259 1437 peribunt
2288 1368 2492 1423 residui
2521 1366 2694 1422 Judaa.
2722 1368 2810 1420 lli.
2855 1367 2920 1421 Et
2941 1368 3077 1422 dixit
3102 1367 3326 1423 Godolia
3356 1368 3498 1423 ﬁlius

1925 1456 2147 1511 Atticam
2180 1457 2245 1511 ad
2282 1457 2529 1514 Jobanan
2563 1460 2730 1515 ﬁlium
2767 1460 2944 1516 Corab
2974 1480 2987 1515 :
3025 1459 3102 1516 Ne
3145 1459 3316 1516 facias
3344 1460 3497 1529 justa

1924 1548 2149 1603 verbtim
2173 1549 2274 1604 hoc
2293 1568 2307 1617 ;
2328 1550 2455 1619 quia
2475 1551 2755 1607 mendacia
2781 1560 2836 1606 tn
2858 1553 3099 1623 loqueris
3123 1568 3219 1621 pro
3250 1550 3497 1606 lsmaele.

1994 1637 2125 1707 Cap.
2144 1638 2282 1693 XLI.
2300 1642 2437 1694 ——l.
2465 1642 2531 1696 Et
2562 1641 2761 1697 factum
2781 1650 2865 1697 est
2896 1656 3079 1697 mense
3108 1642 3337 1712 septimo
3358 1640 3503 1695 venit

263 1726 367 1782 tuis
399 1726 497 1789 ire,
531 1726 658 1780 illuc
691 1726 797 1780 ito:
829 1728 880 1781 5.
907 1728 983 1797 (α)
1011 1737 1065 1783 et
1095 1744 1264 1799 usque
1291 1728 1357 1782 ad
1385 1742 1470 1781 me
1495 1742 1686 1782 rursus
1717 1741 1821 1781 non
1927 1728 2119 1783 lsmael
2158 1729 2300 1785 ﬁlius
2356 1730 2638 1789 Natltaniae
2691 1734 2785 1789 lilii
2843 1733 3095 1789 Elisamm
3129 1733 3205 1802 (Ρ)
3236 1749 3265 1788 ³
3306 1747 3504 1804 ἕοηθτθ

261 1817 566 1880 reverteris,
617 1832 777 1872 curre
828 1827 883 1872 tu
941 1819 988 1887 ζ,
1023 1826 1075 1874 et
1104 1828 1375 1873 revertere
1416 1818 1483 1872 ad
1537 1810 1819 1873 Godoliam
1859 1804 1897 1858 Β
1928 1821 2090 1889 regis,
2115 1823 2325 1877 ctservi
2351 1822 2514 1892 regis,
2538 1832 2594 1877 et
2614 1825 2797 1879 decem
2828 1826 2927 1878 viri
2965 1840 3086 1877 cum
3123 1838 3189 1877 co
3226 1825 3290 1877 ad
3322 1823 3503 1878 Godo-

263 1910 428 1964 ﬁlium
478 1909 701 1964 Ahicam
741 1909 835 1962 ﬁlii
886 1908 1142 1979 Saphan,
1190 1924 1354 1980 quem
1399 1909 1686 1964 constituit
1734 1923 1826 1963 rex

260 1999 555 2071 Babylonis
582 2000 633 2053 in
664 2007 805 2054 terra
836 1997 1012 2063 Iudae,
1041 2011 1095 2055 et
1110 1999 1292 2054 habita
1326 2013 1452 2054 cum
1478 2013 1543 2054 eo
1574 1998 1627 2053 in
1651 1998 1830 2052 medio

264 2092 483 2163 populi;
517 2092 563 2146 si
592 2105 720 2145 vero
751 2106 884 2152 non,
926 2092 997 2160 (ε)
1034 2089 1087 2144 in
1132 2091 1315 2145 omnia
1353 2104 1474 2160 quae
1513 2089 1739 2159 pulchra
1774 2091 1828 2144 in

263 2183 436 2238 oculis
486 2183 593 2239 tuis
638 2182 703 2237 ad
734 2182 1000 2249 eundum,
1043 2181 1139 2236 ito.
1192 2179 1260 2235 Et
1295 2181 1445 2236 dedit
1477 2180 1527 2235 ei
1578 2180 1831 2250 princeps

192 2317 203 2330 .
264 2289 562 2344 coquorum
609 2273 998 2342 epulationem,
1044 2281 1098 2326 et
1147 2271 1313 2335 dona,
1352 2281 1405 2327 et
1435 2270 1645 2327 dimisit
1681 2286 1828 2325 eum.

265 2367 316 2421 6.
355 2368 417 2421 Et
455 2365 602 2421 venit
629 2364 868 2421 Jeremia
896 2364 963 2420 ad
995 2363 1275 2419 Godoliam
1315 2365 1483 2419 ﬁlium
1517 2365 1744 2419 Abicam
1777 2366 1831 2418 in

266 2456 588 2526 Maspbiam,
626 2466 680 2511 et
712 2456 853 2511 sedit
900 2471 1024 2511 cum
1057 2471 1123 2511 eo
1161 2455 1214 2510 iu
1257 2454 1437 2509 medio
1483 2456 1689 2525 populi,
1738 2454 1832 2524 qui

276 2550 499 2604 relictus
530 2547 633 2603 fuit
658 2548 711 2602 in
740 2558 904 2603 terra.
944 2547 995 2602 7.
1024 2547 1087 2601 Et
1115 2548 1440 2603 audiverunt
1468 2562 1660 2601 omnes
1687 2547 1836 2616 prin-

268 2640 416 2710 cipes
463 2640 770 2711 potestatis,
810 2656 933 2711 qua;
958 2641 1011 2695 in
1060 2654 1213 2712 agro,
1251 2640 1375 2710 ipsi,
1408 2649 1459 2695 et
1492 2639 1560 2709 (Γ)
1600 2648 1836 2709 potestas

268 2748 478 2799 eorum,
511 2733 656 2803 quod
683 2732 1059 2788 constituisset
1089 2744 1181 2789 rex
1215 2731 1510 2803 Babylonis
1552 2730 1835 2786 Godoliam

273 2825 686 2883 ﬁliumAhicam
726 2824 779 2878 in
811 2832 978 2891 terra,
1013 2831 1069 2880 et
1114 2824 1257 2894 quod
1305 2824 1743 2880 commendasset
1787 2824 1835 2877 ei

271 2918 436 2982 viros,
470 2924 524 2971 et
570 2916 827 2972 mulieres
858 2930 1073 2982 eorum,
1104 2914 1178 2985 (g)
1210 2923 1265 2970 et
1315 2916 1530 2969 turbam
1577 2914 1835 2978 multam,

270 3020 323 3065 ct
368 3024 435 3063 ex
484 3008 813 3079 pauperibus
854 3018 1034 3072 terrae,
1072 3022 1213 3079 quos
1260 3023 1368 3062 non
1422 3007 1725 3075 deportavit
1783 3004 1837 3059 in

271 3099 641 3169 Babylonem:
685 3097 739 3153 8.
772 3105 825 3152 et
864 3111 1127 3153 venerunt
1169 3099 1235 3154 ad
1265 3096 1545 3153 Godoliam
1592 3094 1647 3149 in
1695 3094 1839 3151 Mas-

273 3193 453 3263 pbiam
495 3191 689 3246 lsmael
721 3190 863 3247 ﬁlius
893 3189 1194 3255 Nathaniae,
1220 3198 1272 3244 et
1298 3187 1570 3251 .lohanan.
1604 3197 1658 3243 et
1679 3185 1843 3242 Jona-

274 3281 401 3335 than
454 3280 549 3334 lilii
591 3279 791 3344 Corab,
840 3287 893 3335 et
944 3276 1099 3333 Saria
1148 3277 1293 3333 ﬁlius
1346 3274 1749 3340 Tbanabmetb,
1789 3284 1844 3330 et

275 3373 369 3428 ﬁlii
399 3368 666 3443 (lepbi,
713 3372 807 3442 qui
840 3386 906 3426 ex
947 3370 1276 3441 Netophatb,
1324 3379 1377 3425 et
1427 3368 1651 3425 Jezonia
1699 3368 1844 3425 ﬁlius

277 3462 586 3529 Maacbath,
637 3462 760 3532 ipsi,
800 3470 855 3517 et
894 3460 995 3516 viri
1051 3475 1263 3516 eorum.
1312 3461 1366 3517 9.
1404 3460 1468 3515 Et
1518 3460 1717 3530 juravit
1764 3459 1844 3515 eis

277 3556 502 3612 Godolia
534 3556 677 3613 ﬁlius
708 3555 934 3608 Abicam
971 3552 1066 3609 ﬁlii
1103 3552 1345 3624 Saphau,
1372 3562 1425 3608 et
1458 3554 1589 3608 viris
1629 3567 1844 3619 eorum,

277 3649 501 3703 dicens:
532 3645 607 3701 Ne
634 3646 870 3701 timeatis
897 3645 956 3716 (il
984 3660 1013 3699 a
1045 3643 1185 3700 facie
1227 3644 1606 3699 Chaldaeorum
1635 3663 1647 3698 :
1683 3644 1844 3699 habi-

280 3750 389 3796 tate
421 3740 474 3794 iu
517 3746 684 3803 terra,
722 3738 795 3808 (lt)
840 3746 893 3793 et
940 3737 1242 3807 operamini
1274 3738 1386 3807 regi
1440 3735 1750 3807 Babylonis.
1792 3747 1847 3792 et

279 3833 478 3889 melius
509 3831 614 3886 erit
635 3830 810 3886 vobis.
839 3829 923 3884 10.
957 3831 1021 3885 Ει
1046 3845 1148 3902 ego
1166 3845 1292 3885 ecce
1311 3830 1474 3886 sedeo
1498 3829 1552 3884 in
1581 3828 1847 3900 Masphia,

280 3923 348 3978 ad
382 3922 638 3977 standum
685 3936 869 3977 coram
918 3920 1056 3975 facie
1082 3920 1485 3983 Chaldaeorum.
1518 3921 1851 3990 quicumque

281 4012 609 4084 venerintU)
633 4027 794 4082 super
820 4026 937 4066 vos.
959 4011 1025 4065 Et
1048 4027 1142 4067 vos
1166 4012 1399 4082 colligite
1427 4012 1637 4074 vinum,
1669 4021 1724 4065 et
1749 4009 1847 4080 (ηε)

281 4105 548 4171 fructum,
571 4114 625 4159 et
658 4106 838 4160 oleum
866 4104 1103 4174 colligite
1132 4105 1185 4159 in
1212 4118 1339 4158 vasa
1371 4112 1571 4164 vestra,
1605 4113 1657 4157 et
1690 4102 1848 4157 habi-

282 4207 396 4253 tate
425 4196 479 4251 in
506 4196 737 4251 urbibus
760 4195 978 4260 vestris,
1001 4211 1139 4265 quas
1163 4196 1435 4251 teuuistis.
1457 4192 1544 4248 11.
1570 4194 1636 4249 Ει
1660 4209 1853 4250 omnes

280 4287 477 4351 Judaei,
508 4288 603 4357 qui
637 4301 701 4343 σιν
732 4286 786 4341 in
815 4296 957 4341 terra
1002 4287 1023 4355 ζ
1056 4285 1237 4350 Moab,
1274 4295 1329 4341 et
1355 4287 1409 4341 in
1443 4286 1569 4341 ﬁliis
1594 4286 1849 4350 Ammon,

282 4388 340 4434 et
370 4379 463 4449 qui
495 4380 550 4434 in
589 4377 841 4440 Idumen,
883 4387 939 4434 et
982 4377 1033 4431 in
1085 4376 1231 4432 omni
1282 4385 1446 4441 terra,
1495 4376 1852 4441 audiverunt,

1931 1910 2058 1964 liam
2090 1912 2261 1967 lilium
2287 1912 2512 1968 Abicam
2541 1913 2596 1968 in
2621 1913 2943 1984 Maspbiam,
2969 1921 3023 1969 ct
3053 1915 3405 1970 comederunt
3430 1915 3504 1969 ibi

1931 2016 2124 2070 panem
2164 2004 2237 2073 (ᾳ)
2268 2004 2322 2059 in
2351 2004 2615 2076 Maspbia.
2650 2006 2704 2059 '2.
2739 2006 2805 2060 Et
2835 2006 3075 2061 surrexit
3124 2005 3317 2061 lsmael
3364 2005 3508 2060 ﬁlius

1931 2091 2233 2155 Nathanize.
2258 2103 2311 2150 et
2331 2096 2515 2150 decem
2542 2097 2664 2160 viri,
2700 2098 2791 2165 qui
2822 2100 2891 2164 λ(
2916 2104 3071 2150 erant
3111 2111 3235 2150 cum
3265 2112 3331 2151 eo
3361 2096 3419 2165 ζ,
3456 2105 3509 2150 et

1932 2194 2316 2254 percusserunt
2337 2186 2618 2240 Godoliam
2652 2187 2820 2240 ﬁlium
2847 2187 3073 2241 Ahicam
3106 2186 3431 2256 ﬁliiSaphan
3452 2184 3507 2241 in

1932 2276 2133 2345 gladio,
2166 2282 2220 2331 ct
2266 2277 2587 2333 occiderunt
2627 2293 2775 2344 eum,
2803 2294 2964 2348 quem
3012 2280 3371 2335 constituerat
3414 2293 3507 2332 rex

1937 2366 2224 2437 Babylonis
2288 2382 2451 2437 super
2482 2375 2647 2432 terra,
2707 2369 2761 2421 3.
2818 2366 2883 2422 Et
2911 2384 3103 2424 omnes
3147 2367 3383 2431 Judteos,
3415 2366 3510 2437 qui

1934 2468 2090 2513 erant
2128 2473 2251 2513 cum
2284 2473 2351 2513 co
2388 2474 2511 2514 cum
2544 2458 2770 2515 Godolia
2804 2460 2857 2514 in
2884 2458 3162 2531 Masphia,
3218 2469 3272 2515 et
3322 2475 3511 2517 omnes

1936 2549 2241 2614 Chaldaeos,
2269 2550 2365 2619 qui
2403 2550 2608 2606 inventi
2660 2550 2880 2606 luerunt
2910 2551 3005 2616 ibi,
3040 2551 3187 2606 viros
3215 2551 3338 2606 belli
3368 2551 3510 2607 occi-

1936 2640 2016 2694 dit
2038 2640 2252 2695 lsmael.
2278 2642 2330 2695 4.
2353 2641 2419 2697 Et
2444 2640 2644 2698 factum
2667 2651 2753 2698 est
2768 2642 2855 2698 die
2871 2643 3131 2709 secundo,
3154 2658 3219 2699 ex
3239 2658 3348 2715 quo
3371 2643 3517 2700 occi-

1938 2732 2015 2787 dit
2044 2732 2118 2787 ibi
2152 2733 2222 2804 (r)
2257 2732 2670 2817 Godoliam,.(s)
2708 2742 2760 2789 et
2790 2734 2953 2790 homo
2988 2750 3096 2790 non
3129 2736 3295 2791 novit.
3322 2736 3375 2791 5.
3412 2734 3520 2817 ἵζοι

1942 2833 2142 2879 nerunt
2170 2825 2269 2879 viri
2293 2841 2355 2880 ex
2388 2807 2605 2880 Sichem
2629 2824 2696 2895 (ι)
2726 2842 2788 2879 ex
2815 2824 3043 2895 Saljom,
3074 2834 3129 2880 et
3148 2841 3214 2881 ex
3240 2807 3516 2893 Samaria,
3590 2834 3593 2835 '

1940 2915 2215 2983 octoginta
2246 2915 2367 2979 viri,
2395 2915 2502 2969 rasi
2532 2915 2728 2969 barbas
2758 2928 2970 2981 eorum,
3002 2924 3056 2969 et
3083 2915 3312 2983 disrupti
3339 2926 3521 2971 vestes

1941 3021 2154 3069 eorum.
2184 3017 2239 3061 et
2268 3006 2347 3077 (ιι)
2381 3006 2707 3077 plangentes
2740 3023 2754 3059 :
2789 3014 2844 3061 et
2881 3008 3046 3071 dona,
3079 3013 3133 3062 et
3166 3008 3292 3062 tbus
3318 3007 3371 3061 in
3404 3022 3522 3061 ma-

1868 3126 1910 3185 ο
1946 3098 2105 3152 nibus
2148 3112 2364 3162 eorum,
2392 3098 2456 3153 ad
2503 3097 2841 3154 inferendum
2895 3098 2947 3152 in
3000 3099 3223 3153 domum
3282 3098 3519 3154 Domini.

1944 3189 1997 3245 6.
2026 3187 2092 3243 Et
2112 3189 2282 3244 exivit
2311 3188 2504 3245 lsmael
2544 3189 2691 3245 ﬁlius
2721 3187 3005 3245 Natbaniaa
3024 3190 3078 3244 in
3112 3204 3401 3246 occursum
3427 3207 3524 3247 eo-

1945 3298 2065 3336 rum
2098 3296 2165 3336 ex
2214 3281 2483 3350 Maspbia,
2533 3281 2645 3336 ibat
2691 3281 2829 3346 iens,
2877 3289 2933 3335 et
2961 3279 3116 3335 ﬂens.
3162 3280 3385 3337 Factum
3440 3293 3528 3338 est

1945 3382 2147 3436 autem,
2187 3388 2310 3427 cum
2355 3372 2846 3443 appropinquasset
2892 3372 2996 3437 eis,
3051 3380 3103 3427 et
3130 3372 3267 3427 dixit
3299 3373 3364 3428 ad
3387 3387 3523 3429 eos:

1946 3462 2297 3534 lngredimini
2339 3463 2406 3517 ad
2443 3461 2732 3518 Godoliam
2768 3462 2939 3517 ﬁlium
2969 3462 3218 3517 Abicam.
3244 3463 3299 3517 7.
3328 3462 3392 3518 Et
3415 3462 3529 3519 fac-

1947 3564 2060 3610 tum
2085 3565 2199 3621 est,
2240 3569 2365 3609 cum
2400 3553 2628 3626 ingressi
2653 3563 2836 3609 essent
2860 3556 2926 3622 Ἃ(
2950 3554 3003 3610 in
3035 3554 3058 3626 ζ
3093 3553 3326 3609 medium
3354 3557 3527 3621 urbis,

1946 3654 2001 3701 et
2050 3646 2307 3701 mactavit
2339 3658 2437 3700 eos
2485 3642 2678 3699 lsmael
2707 3642 2854 3699 ﬁlius
2887 3642 3178 3699 Nathanize
3208 3644 3287 3715 (ω)
3324 3644 3377 3699 in
3427 3658 3529 3714 pu-

1949 3746 2118 3804 teum,
2176 3737 2312 3807 ipse,
2356 3744 2411 3791 et
2444 3733 2565 3799 viri,
2608 3734 2701 3805 qui
2748 3748 2872 3791 cum
2905 3749 2992 3791 eo.
3027 3733 3082 3790 8.
3117 3732 3193 3806 (ῃ)
3228 3733 3296 3788 Ει
3342 3734 3531 3789 decem

1949 3828 2048 3884 viri
2076 3826 2279 3883 inventi
2310 3834 2439 3882 sunt
2472 3826 2578 3891 ibi,
2612 3834 2668 3881 et
2695 3826 2950 3882 dixerunt
2988 3826 3198 3881 lsmaeli
3230 3842 3245 3879 :
3284 3824 3364 3880 Ne
3388 3826 3534 3881 occi-

1953 3918 2053 3975 das
2095 3933 2221 3982 nos,
2250 3917 2378 3986 quia
2412 3926 2543 3972 sunt
2579 3915 2738 3970 nobis
2766 3914 2946 3969 acervi
2992 3914 3047 3969 in
3078 3927 3232 3982 agro,
3264 3914 3444 3968 tritica
3480 3923 3537 3969 et

1950 4007 2179 4071 bordea,
2215 4008 2396 4061 oleum
2420 4018 2473 4061 et
2496 4004 2602 4059 mel
2630 4022 2643 4059 :
2672 4004 2745 4075 (ι)
2763 4013 2816 4059 et
2837 4004 3108 4067 transivit,
3130 4014 3316 4059 etnon
3334 4005 3537 4061 occidit

1951 4115 2046 4155 eos
2094 4100 2149 4154 in
2192 4098 2373 4153 medio
2427 4096 2660 4151 fratrum
2725 4110 2936 4151 eorum.
2968 4095 3022 4151 9.
3071 4094 3275 4152 Puteus
3328 4106 3533 4163 autem,

1953 4191 2007 4245 in
2026 4203 2186 4259 quem
2209 4185 2437 4258 proiecit
2462 4188 2530 4256 χ
2552 4185 2625 4241 ibi
2657 4187 2680 4256 ζ
2706 4182 2898 4241 lsmael
2924 4184 3109 4239 omnia
3135 4198 3366 4255 corpora
3386 4185 3437 4240 vi
3448 4201 3539 4238 ro-

1956 4296 2099 4346 rum,
2155 4294 2295 4352 quos
2348 4279 2549 4335 occidit
2594 4293 2690 4349 per
2734 4292 2957 4333 manum
3004 4276 3246 4333 Godoliae
3293 4287 3536 4348 :puteus

1960 4388 2192 4445 magnus
2217 4379 2304 4427 est
2344 4370 2437 4427 hic
2466 4385 2626 4441 quem
2664 4367 2794 4425 fecit
2819 4384 2913 4423 rex
2951 4369 3058 4425 Asa
3090 4369 3160 4424 ab
3187 4380 3315 4424 ante
3347 4369 3537 4423 [aciem

283 4471 430 4542 quod
457 4471 699 4527 dedisset
730 4485 822 4525 rex
852 4468 1145 4539 Babylonis
1174 4467 1452 4523 residuum
1486 4468 1539 4522 in
1568 4466 1775 4529 Iudaea.
1802 4477 1857 4523 et
1889 4455 1933 4512 ι)
1965 4465 2151 4520 Baasa:
2178 4462 2321 4533 regis
2345 4459 2577 4518 Israelis:
2606 4458 2753 4514 hunc
2775 4458 3018 4528 implevit
3045 4456 3237 4513 lsmael
3266 4456 3407 4512 ﬁlius
3431 4456 3541 4512 Na.

284 4560 435 4631 quod
467 4560 846 4615 constituisset
876 4574 1042 4628 super
1078 4572 1173 4612 eos
1203 4556 1485 4612 Godoliam
1515 4558 1684 4612 lilium
1725 4556 1857 4611 Abi-

285 4668 408 4707 cam
451 4651 544 4706 ﬁlii
608 4651 847 4721 Sapban.
881 4650 968 4705 12.
1010 4649 1073 4704 Ει
1115 4650 1315 4705 reversi
1352 4657 1480 4705 sunt
1515 4652 1583 4718 Χ
1614 4663 1801 4705 omnes
1833 4649 1855 4717 ζ

288 4742 461 4800 Judaei
492 4761 559 4800 ex
590 4745 849 4799 omnibus
884 4744 1038 4809 locis,
1068 4758 1182 4812 quo
1206 4743 1436 4810 dispersi
1460 4743 1679 4797 luerunt
1710 4743 1860 4807 illuc,

288 4845 346 4891 et
378 4843 640 4890 venerunt
684 4834 736 4888 in
778 4843 974 4889 terram
1019 4832 1169 4888 Juda
1201 4832 1267 4887 ad
1298 4830 1583 4888 Godoliam
1617 4836 1671 4887 in
1722 4831 1866 4887 Mas—

1955 4554 2158 4612 thanize
2194 4553 2412 4609 occisis.
2469 4550 2554 4605 10.
2619 4548 2696 4622 (a)
2748 4550 2815 4605 Et
2852 4549 3069 4605 reduxit
3103 4549 3298 4605 lsmael
3324 4563 3541 4603 omnem

1960 4647 2241 4718 populum,
2268 4644 2363 4714 qui
2404 4643 2628 4699 relictus
2661 4640 2793 4708 fuit,
2830 4644 2898 4709 χ
2927 4657 3054 4697 eum
3107 4644 3129 4712 ζ
3162 4641 3255 4712 qui
3291 4641 3345 4696 in
3398 4640 3543 4697 llas-

1959 4742 2108 4810 phia,
2140 4748 2196 4795 et
2234 4737 2374 4792 ﬁlias
2404 4736 2570 4806 regis,
2600 4746 2652 4792 et
2679 4751 2899 4791 omnem
2934 4735 3217 4805 populum,
3249 4735 3342 4805 qui
3366 4736 3543 4791 relicti

1961 4830 2183 4886 fuerunt
2217 4830 2272 4883 in
2297 4826 2564 4898 Maspbia,
2594 4842 2734 4897 quos
2762 4825 3171 4882 commendavit
3186 4825 3545 4881 Nabuzardan

290 4927 499 4999 phiam,
520 4932 575 4982 et
604 4926 1167 4997 collegeruntviuum,
1194 4932 1247 4980 et
1271 4922 1349 4995 (η)
1372 4922 1611 4978 fructum
1634 4924 1864 4978 multum
1964 4921 2221 4992 princeps
2244 4932 2548 4991 coquorum
2575 4918 2819 4975 Godolia:
2845 4918 2958 4974 ﬁlio
2980 4917 3228 4986 Abicam,
3250 4918 3323 4988 (b)
3349 4925 3403 4972 et
3428 4932 3548 4970 ma-

369 5110 433 5179 (ι)
472 5108 786 5164 Jeremiam.
863 5109 941 5180 (u)
971 5109 1057 5173 A.,
1088 5107 1347 5180 magister
1385 5105 1685 5180 lanionurn.

296 5176 384 5242 8.,
411 5176 620 5234 catenis
650 5176 934 5234 manuum.
1012 5176 1197 5249 ((1)8..7
1218 5178 1391 5246 placet
1417 5176 1536 5249 tibi.

295 5317 564 5389 placuerit
622 5319 741 5373 tibi.
822 5319 883 5389 (Ῑ)
923 5317 1069 5378 Tres,
1110 5318 1228 5389 viri.

295 5386 392 5461 LL,
429 5386 512 5456 S.,
546 5398 599 5443 et
658 5386 875 5461 servile.
953 5388 1015 5461 (ι)
1045 5392 1133 5454 Α..
1169 5386 1252 5451 S.,
1278 5386 1495 5461 ad'vos.

297 5458 457 5529 sciet,
480 5473 652 5529 quare
691 5459 901 5514 occidet
925 5458 1161 5529 animam
1187 5468 1358 5529 tuam.

299 5528 467 5582 bomo
500 5526 609 5583 non
644 5537 846 5583 nosset.
923 5529 983 5596 (ι)
1018 5528 1103 5590 Α..
1124 5526 1206 5591 8..
1238 5544 1302 5584 ex
1336 5526 1543 5582 Salom.

1795 5108 1873 5177 (π)
1904 5105 2113 5188 Reliqui
2140 5150 2154 5171 ,
2200 5106 2417 5188 loculus
2463 5116 2574 5188 est.

1613 5176 1688 5246 (ὁ)
1742 5174 1941 5246 8.,ξει
1995 5174 2042 5230 si
2082 5192 2189 5231 non
2245 5176 2577 5246 placetitibi.

294 5260 592 5327 antequam
646 5245 1091 5327 _recedam_eg'o,
1143 5245 1670 5327 reverterehhab‘ita
1728 5245 1872 5327 apud
1919 5246 2225 5327 Godoli‘ar‘u.

1621 5526 1698 5595 (τι)
1724 5528 1813 5589 Α.,
1846 5524 1903 5580 8.

2672 5105 2747 5177 (9)
2786 5105 2868 5161 Εἰ.
2966 5104 3041 5174 (ι)
3086 5104 3178 5169 Α..
3245 5118 3291 5177 a
3321 5101 3549 5177 catenis.

2312 5187 2420 5231 acet
2460 5176 2577 5231 tibi.
2654 5170 2847 5247 (3)8"
2884 5170 3161 5246 permane.
3238 5174 3316 5253 (ά)
3372 5170 3456 5237 8.,
3499 5181 3555 5224 et

2312 5246 2381 5369 Ἐξ)
2414 5245 2514 5327 8...
2554 5246 2606 5300 in
2671 5261 2889 5301 omnem
2962 5244 3166 5329 locum,
3219 5256 3552 5333 quicumque

2312 5341 2315 5362 ›
2360 5332 2394 5369 ι.
2472 5316 2537 5369 (tl
2591 5316 2682 5369 Α..
2749 5314 2835 5369 8..
2869 5330 3072 5369 εετνινε
3110 5314 3402 5367 (.baldcets.
3478 5310 3554 5369 (ι.)

1310 5317 1385 5388 (g)
1428 5310 1521 5379 Α..
1567 5315 1657 5388 8..
1686 5310 1835 5388 crint

1936 5333 2019 5372 es.
2104 5310 2394 5387 (I¢)Jophi.
2472 5316 2682 5388 (i)-A..
2749 5314 2835 5381 8.,
2869 5315 3072 5388 servire
3107 5310 3402 5388 glialdceis.
3478 5310 3554 5380 (ιε)

1574 5387 1669 5456 (m)
1700 5387 1788 5447 Α..
1825 5385 2065 5441 fructum
2093 5385 2365 5441 aestivum.

1438 5455 1747 5528 (p)A.,'S.,
1785 5456 2348 5528 de_selnine_regui._
2396 5455 2690 5528 (qibjimul.
2769 5458 2838 5526 (r)
2904 5457 3117 5528 lsmael.

1914 5566 1929 5589 ,
1959 5526 2150 5598 incisi.
2199 5525 2277 5593 (ἃ)
2310 5525 2641 5598 Et_projecit
2684 5542 2799 5582 eos.
2880 5527 2956 5598 (ῃ)

2440 5383 2919 5456 (πὶ)’8.,ιι’ἱιὶοιιιη.
3000 5383 3075 5454 (0)
3098 5383 3181 5445 8.,
3209 5383 3345 5456 dum
3393 5397 3555 5436 nemo

3195 5453 3265 5524 (ε)
3288 5452 3371 5516 8.,
3428 5468 3554 5506 cum

2988 5527 3072 5593 S.,
3128 5524 3313 5579 decem
3375 5532 3553 5578 autem

299 5599 403 5666 viri
435 5599 638 5652 inventi
671 5608 797 5653 sunt
831 5597 926 5660 ibi,
955 5597 1044 5666 qui
1069 5597 1324 5652 dixerunt
1364 5598 1430 5651 ad
1465 5597 1764 5650 lsmaelem.
1843 5598 1918 5663 (ι)
1946 5596 2033 5661 8.,
2070 5597 2344 5666 cohibitus
2376 5596 2477 5649 fuit
2502 5607 2706 5659 autem.
2750 5608 2806 5651 et
2846 5595 2951 5653 non
2989 5596 3128 5651 mori
3161 5595 3288 5649 iecit
3312 5610 3405 5648 eos
3428 5606 3554 5666 cum

301 5665 563 5739 fratribus
585 5663 993 5739 eorum._lfovea
1023 5676 1201 5739 autem
1230 5669 1283 5739 in
1319 5683 1480 5739 quam
1517 5668 1787 5739 projecita
1839 5667 1916 5735 (a)
1947 5665 2148 5739 A.,§.,
2175 5676 2236 5739 et
2251 5668 2522 5735 captivum
2554 5668 2732 5721 duxit.
2808 5669 2886 5738 (ὁ)
2920 5672 3009 5735 Α.,
3043 5676 3099 5723 ct
3125 5666 3366 5737 captivos
3404 5663 3560 5719 duxit

304 5751 401 5793 eos
426 5737 622 5794 lsmael
646 5738 787 5793 ﬁlius
809 5735 1109 5805 Natbaniae,
1148 5745 1202 5791 et
1228 5735 1362 5793 abiit
1395 5738 1461 5792 ad
1496 5735 1889 5793 transeundum
1920 5738 1984 5791 ad
2020 5736 2160 5791 ﬁlios
2213 5736 2464 5791 Ammon.
