4042 6194
548 365 690 424 εδπ

558 480 808 535 tutinavit
830 475 1023 534 lsmael
1059 474 1203 532 illius
1219 474 1526 534 Nathanite.
1556 482 1609 529 et
1635 474 1771 531 abiit
1799 484 1949 530 trans
1984 475 2122 531 ﬁlios
2152 481 2199 543 Α
2227 490 2314 541 eo,
2366 475 2389 542 ζ

554 574 812 627 Ammon.
856 570 944 625 11.
984 577 1054 624 Et
1094 570 1304 624 audivit
1345 567 1594 624 Johanan
1642 566 1795 623 filius
1820 568 2027 633 Corali,
2072 576 2127 623 et

555 680 747 720 omnes
772 663 1041 734 principes
1063 662 1366 731 potestatis,
1390 660 1483 730 qui
1506 674 1628 715 cum
1650 675 1736 726 eo,
1759 660 1942 715 omnia
1963 659 2125 727 mala,

557 771 681 820 qua:
719 754 846 809 fecit
878 751 1067 808 lsmael
1102 752 1243 807 filius
1269 749 1552 806 Nathania‘.
1589 770 1602 806 :
1635 751 1722 805 12.
1762 761 1815 806 et
1857 751 2130 806 duxerunt

557 847 741 901 omnia
760 853 939 901 castra
993 859 1205 907 eorum,
1247 852 1303 898 et
1329 842 1541 897 iverunt
1569 842 1636 897 ad
1666 840 2017 913 pugnandum
2061 856 2124 899 ot-

553 942 823 994 adversus
845 950 969 990 eum
1000 937 1023 1005 ζ
1055 950 1177 988 cum
1200 932 1426 989 lsmaele
1449 933 1559 987 lilio
1581 931 1881 998 Natlianim,
1904 942 1958 987 et
1981 933 2129 988 inve-

558 1042 758 1088 nerunt
781 1046 905 1087 eum
930 1046 1093 1100 super
1112 1044 1253 1099 aqua
1283 1030 1475 1095 multa,
1502 1030 1570 1097 Χ
1596 1043 1716 1098 qua:
1749 1026 1771 1096 ζ
1797 1027 1852 1081 in
1882 1026 2127 1081 Gabaon.

559 1125 645 1179 15.
677 1122 742 1176 Et
780 1121 981 1177 factum
1012 1129 1116 1184 est,
1156 1134 1280 1173 cum
1317 1119 1524 1173 videret
1543 1119 1729 1173 omnis
1764 1117 2015 1187 populus,
2036 1116 2130 1185 qui

557 1230 681 1269 enni
708 1212 931 1267 lsniaele
955 1210 1202 1265 Jolianan
1236 1208 1404 1264 lilium
1438 1206 1643 1274 Corali,
1678 1219 1731 1262 et
1756 1221 1948 1261 omnes
1978 1207 2129 1275 prin-

557 1308 705 1375 cipes
738 1304 1058 1374 potestatis,
1088 1318 1209 1371 qua:
1236 1316 1360 1355 cuni
1395 1315 1484 1366 eo,
1522 1300 1609 1354 M.
1644 1308 1699 1355 et
1748 1300 1948 1369 gravisi
1980 1309 2129 1363 sunt,

555 1407 612 1452 et
644 1397 923 1450 redierunt
956 1396 1137 1450 omnis
1182 1393 1437 1464 populiis,
1480 1407 1642 1463 quem
1673 1392 1945 1460 captivum
1976 1390 2133 1445 duxit

554 1488 751 1546 lsmael
783 1488 854 1559 (ε)
879 1503 943 1542 ex
980 1486 1224 1557 Masphia
1254 1505 1267 1540 :
1298 1494 1491 1541 etcum
1522 1484 1833 1547 rediissent,
1869 1491 2134 1538 venerunt

555 1578 624 1635 ad
653 1576 903 1633 Johanan
944 1575 1114 1629 filium
1149 1573 1350 1629 Corah.
1394 1573 1481 1629 15.
1536 1571 1727 1628 Ismacl
1768 1570 2134 1627 autem'tilius

554 1669 836 1726 Natlianiai
867 1667 1175 1723 evasitcum
1191 1675 1317 1721 octo
1344 1664 1659 1720 hominibus
1686 1664 1757 1719 ab
1779 1672 1907 1718 ante
1938 1661 2131 1719 faciem

553 1757 827 1823 Johanan,
885 1764 941 1812 et
971 1756 1106 1811 abiit
1140 1755 1208 1811 ad
1256 1754 1398 1810 filios
1431 1754 1685 1809 Ammon.
1740 1753 1829 1808 l6.
1875 1752 1942 1807 Et
1990 1752 2132 1822 cepit

554 1818 973 1906 Jolianan'filius
999 1846 1203 1912 Corab,
1222 1854 1278 1901 et
1308 1860 1500 1900 omnes
1526 1844 1800 1914 principes
1820 1818 2128 1914 potestatis,
2162 1818 2202 1875 Β

556 1944 650 2013 qui
685 1951 808 1996 cuni
835 1954 923 2004 eo,
960 1952 1152 1993 omnes
1188 1935 1446 2006 reliquias
1479 1934 1683 2005 populi,
1730 1949 1869 2004 quas
1914 1934 2131 1991 reduxit

553 2033 626 2089 ab
660 2030 887 2087 lsniaele
914 2030 982 2100 Χ
1014 2028 1126 2084 filio
1148 2026 1430 2082 Natliania:
1448 2041 1515 2081 ex
1548 2024 1812 2095 Masphia,
1839 2034 2127 2097 postquam

554 2124 755 2181 occidit
800 2120 1085 2178 Godoliam
1126 2119 1296 2174 lilium
1330 2118 1558 2173 Ahicam
1595 2117 1655 2185 ζ,
1696 2126 1944 2188 potentes
1983 2117 2129 2173 viros

555 2217 610 2272 in
633 2213 798 2279 bello,
828 2226 891 2269 ιθ
919 2220 975 2267 et
1016 2210 1039 2281 ζ
1072 2210 1351 2275 mulieres,
1374 2218 1429 2262 et
1454 2207 1532 2277 (ά)
1564 2208 1844 2278 reliquias,
1868 2216 1923 2263 et
1953 2222 2128 2263 ennu-

553 2307 711 2373 chos,
753 2318 894 2377 quos
942 2303 1157 2359 reduxit
1188 2316 1253 2357 ex
1291 2299 1535 2355 Gabaon.
1570 2300 1656 2354 l7.
1691 2298 1752 2354 Et
1786 2300 1856 2371 (ε)
1886 2299 2041 2365 abiit,
2075 2309 2130 2355 ci

555 2398 697 2456 sedit
724 2398 778 2452 iii
793 2406 934 2452 terra
951 2395 1147 2450 Berotb
1169 2392 1527 2459 Chamaham,
1550 2407 1674 2462 qua:
1696 2391 1765 2446 ad
1790 2391 2125 2460 Bethleliem,

555 2499 618 2547 ut
663 2489 841 2544 abiret
884 2486 952 2542 ad
992 2482 1407 2555 ingrediendum
1462 2484 1516 2537 in
1555 2481 1872 2552 Egyptum,
1930 2483 2017 2538 18.
2059 2484 2129 2538 ab

554 2594 682 2640 ante
720 2582 917 2638 faciem
952 2578 1334 2634 Chaldaeorum
1355 2616 1371 2642 ,
1410 2577 1539 2647 quia
1573 2576 1879 2633 timuerunt
1901 2576 1970 2631 ab
2000 2587 2128 2633 ante

552 2675 748 2731 faciem
785 2687 976 2729 eorum
1004 2688 1018 2725 :
1050 2671 1178 2739 quia
1200 2668 1396 2725 occidit
1427 2666 1620 2723 Ismael
1650 2671 1719 2737 Χ
1750 2668 1897 2723 filius
1927 2666 2128 2723 Natlia-

552 2769 659 2823 niae
711 2764 996 2821 Godoliain
1033 2761 1201 2816 filium
1240 2759 1467 2815 Ahicam
1524 2758 1586 2828 ζ,
1634 2774 1797 2830 quem
1843 2761 2127 2817 constituit

552 2875 648 2917 rex
684 2857 975 2930 Babylonis
999 2857 1053 2911 in
1087 2863 1253 2910 terra.

1718 360 1943 419 CODEX
1986 357 2647 418 SYRO-HEXAPL.\RIS.

3662 367 3807 423 2572

2446 485 2501 531 ct
2536 489 2754 531 onmem
2788 473 3045 544 populum
3087 489 3118 528 a
3155 488 3325 545 parvo
3358 491 3533 547 usque
3567 478 3635 532 ad
3682 494 3807 534 ma-
3884 548 3885 551 η

2232 584 2422 639 gnum,
2446 568 2498 623 9.
2525 577 2582 624 et
2607 568 2743 624 dixit
2766 569 2845 623 eis
2868 566 3000 623 :Sic
3022 568 3159 622 dixit
3184 568 3449 623 Dominus
3472 569 3612 626 Deus
3634 570 3805 627 Israe-

2229 661 2317 730 lis,
2345 663 2413 731 Χ
2461 661 2527 717 ad
2569 676 2730 732 quem
2761 661 2993 716 misistis
3022 675 3112 715 me
3144 661 3395 725 ad-eum,
3427 661 3494 716 ad
3526 661 3809 716 effunden-

2228 754 2359 811 dum
2389 754 2826 823 deprecationem
2880 753 2940 824 (ί)
2981 754 3047 819 Χ
3074 767 3261 809 coram
3301 768 3369 807 eo
3401 754 3424 822 ζ
3464 771 3478 805 :
3512 754 3577 808 10
3625 751 3683 806 Si
3719 767 3808 808 se-

2230 846 2409 902 dendo
2447 846 2697 902 sederitis
2724 845 2778 899 in
2822 854 2966 899 terra
3003 844 3123 909 hac,
3155 845 3318 899 etiam
3364 845 3647 899 zediticabo
3684 860 3803 909 vos,

2229 948 2282 992 et
2307 952 2413 992 non
2457 938 2756 1002 destruam.
2789 946 2844 992 et
2883 937 3139 1007 plantabo
3168 952 3287 1002 vos,
3312 946 3367 991 et
3406 953 3514 991 non
3543 937 3804 1001 evellam;

2233 1029 2305 1102 (Ιε)
2336 1028 2464 1099 quia
2509 1029 2755 1099 acquievi
2785 1044 2949 1098 super
2992 1028 3172 1092 malis,
3208 1043 3331 1097 qua:
3358 1028 3467 1082 dixi
3504 1029 3570 1081 ad
3600 1028 3807 1087 facien-

2230 1123 2359 1176 dum
2388 1121 2563 1175 vobis.
2598 1120 2682 1175 11.
2732 1118 2809 1174 Ne
2854 1120 3091 1174 timeatis
3128 1119 3198 1173 ab
3240 1128 3365 1173 ante
3426 1118 3614 1172 faciem
3664 1121 3805 1187 regis

2233 1211 2539 1283 Babylonis,
2558 1211 2717 1280 cujus
2735 1227 2832 1265 vos
2851 1211 3053 1264 timetis
3083 1211 3152 1265 ab
3172 1220 3297 1265 ante
3315 1208 3504 1264 faciem
3536 1211 3658 1279 ejus
3691 1226 3705 1263 :
3739 1225 3806 1263 ne

2233 1305 2470 1360 timeatis
2500 1308 2567 1374 Χ
2590 1304 2658 1358 ab
2674 1318 2740 1358 eo
2772 1306 2829 1373 ζ,
2858 1302 2989 1357 dicit
3019 1301 3316 1367 Dominus;
3342 1303 3470 1373 quia
3500 1317 3625 1356 cum
3649 1302 3808 1355 vobis

2230 1410 2334 1465 ego
2368 1410 2512 1459 sum,
2556 1394 2619 1463 (ι)
2664 1393 2731 1448 ad
2764 1392 3101 1462 eripiendum
3134 1407 3253 1456 vos,
3292 1402 3345 1447 et
3383 1393 3450 1447 ad
3480 1394 3804 1446 salvandum

2234 1499 2331 1540 vos
2373 1500 2406 1540 e
2437 1500 2601 1538 manu
2642 1485 2737 1555 (τη)
2761 1498 2975 1539 eorum.
3014 1482 3101 1536 12.
3129 1482 3196 1537 Et
3223 1483 3367 1557 dabo
3394 1484 3550 1538 vobis
3589 1484 3806 1539 miseri-

2232 1576 2499 1641 cordiam,
2522 1584 2577 1632 et
2603 1575 2901 1632 miserebor
2933 1576 3120 1641 vestri,
3152 1577 3230 1647 (η)
3262 1585 3315 1630 et
3336 1575 3590 1631 reducam
3620 1591 3718 1631 vos
3752 1576 3805 1630 in

2236 1675 2431 1722 terram
2456 1676 2714 1724 vestram.
2760 1668 2846 1723 15.
2881 1668 2948 1722 Ει
2975 1667 3021 1722 si
3053 1667 3233 1723 dicitis
3265 1682 3360 1722 vos
3401 1682 3415 1717 :
3449 1665 3570 1720 Non
3593 1668 3810 1723 sedebi-

2235 1775 2359 1815 mus
2394 1760 2448 1815 in
2489 1768 2633 1814 terra
2671 1758 2792 1823 hac,
2827 1758 2964 1813 adeo
2991 1767 3044 1812 ut
3086 1772 3192 1813 non
3220 1756 3456 1812 audiatis
3473 1771 3663 1811 vocem
3698 1757 3809 1812 Do-

2232 1848 2366 1902 mini
2414 1848 2507 1902 Dei
2542 1849 2734 1913 nostri,
2772 1847 2859 1901 Li.
2886 1847 3130 1903 dicentes
3169 1865 3183 1901 :
3217 1845 3290 1916 (ο)
3313 1844 3470 1912 Quod
3513 1846 3567 1900 in
3605 1857 3805 1900 terram

2230 1938 2451 2011 Egypti
2499 1940 2885 2010 ingrediemur,
2925 1947 2979 1993 et
3008 1954 3113 1993 non
3146 1938 3452 1994 videbimus
3496 1938 3722 2005 bellum,
3754 1948 3807 1993 et

2230 2047 2416 2087 vocem
2449 2031 2526 2102 (ρ)
2556 2031 2697 2087 tuba:
2718 2046 2825 2086 non
2852 2030 3155 2095 audiemus,
3173 2040 3227 2085 et
3257 2044 3425 2099 panes
3445 2046 3555 2085 non
3585 2031 3809 2085 esurie-

2230 2140 2353 2181 mus
2382 2132 2473 2181 :et
2497 2124 2571 2179 ibi
2618 2123 3007 2179 habitabimus.
3040 2123 3124 2177 15.
3166 2121 3232 2176 Et
3254 2124 3323 2191 Χ
3357 2138 3505 2177 nunc
3532 2124 3555 2192 ζ
3584 2134 3807 2193 propter

2231 2218 2334 2273 hoc
2356 2216 2539 2272 audite
2569 2215 2733 2271 verba
2761 2214 2997 2280 Domini,
3027 2216 3094 2283 Χ
3118 2215 3359 2285 reliquiae
3383 2213 3585 2270 Μάκαι
3624 2216 3647 2284 ζ
3675 2232 3689 2267 :
3728 2216 3805 2284 (ᾳ)

2231 2307 2323 2364 Sic
2366 2308 2504 2363 dixit
2552 2307 2817 2365 Dominus
2864 2310 2932 2378 Χ
2971 2309 3231 2363 virtutum
3285 2308 3430 2362 Deus
3473 2307 3689 2362 lsraelis
3729 2309 3751 2376 ζ
3788 2326 3805 2361 :

2230 2400 2287 2455 Si
2317 2416 2412 2457 vos
2448 2404 2516 2470 Χ
2554 2400 2735 2456 dando
2780 2402 2803 2470 ζ
2840 2400 3098 2457 dederitis
3137 2399 3329 2455 faciem
3357 2409 3592 2456 vestram
3637 2405 3707 2471 Χ
3737 2404 3807 2458 ad

2228 2489 2637 2561 ingrediendum
2669 2491 2691 2559 ζ
2721 2490 2774 2544 in
2814 2488 3129 2562 Egyptum,
3171 2498 3225 2543 et
3249 2488 3583 2544 intraveritis
3614 2490 3684 2561 (r)
3735 2492 3805 2545 ad

2229 2582 2579 2638 habitandum
2602 2583 2698 2648 ibi,
2723 2581 2805 2636 16.
2838 2590 2893 2637 et
2917 2581 3041 2647 erit,
3070 2582 3215 2652 quod
3250 2581 3482 2651 gladius,
3507 2597 3670 2651 quem
3706 2598 3807 2637 vos

2229 2677 2430 2732 timetis
2454 2676 2523 2731 ab
2551 2684 2677 2730 ante
2697 2674 2890 2730 faciem
2919 2674 3062 2745 ejus,
3091 2676 3157 2741 Χ
3183 2674 3255 2729 ibi
3286 2674 3309 2741 ζ
3344 2674 3580 2729 inveniet
3607 2688 3707 2730 vos
3736 2678 3807 2743 Χ

2227 2768 2280 2822 in
2310 2777 2453 2822 terra
2495 2769 2517 2837 ζ
2548 2766 2798 2838 Ᾱίςγριίς
2831 2776 2888 2823 et
2919 2765 3113 2832 fames,
3147 2767 3304 2837 cujus
3325 2781 3424 2822 vos
3451 2767 3593 2821 ratio
3624 2769 3691 2838 (ι)
3719 2778 3806 2822 est

2224 2858 2380 2914 vobis
2406 2858 2467 2928 (ι)
2498 2858 2568 2913 ab
2589 2868 2713 2913 ante
2733 2858 2925 2913 faciem
2951 2858 3091 2929 ejus,
3120 2860 3188 2927 Χ
3222 2858 3293 2914 ibi
3325 2860 3348 2928 ζ
3389 2857 3467 2928 (ιι)
3499 2859 3806 2927 apprehen-

620 2950 755 3021 Cap.
791 2947 945 3003 XLII.
980 2977 1050 2987 —
1084 2947 1136 3001 1.
1164 2945 1231 3001 Et
1258 2953 1607 3001 accesserunt
1640 2959 1829 3001 omnes
1854 2946 2125 3016 principes
2224 2951 2316 3007 det
2346 2964 2443 3005 vos
2471 2950 2524 3004 in
2553 2947 2807 3021 Egypto,
2846 2960 2901 3005 et
2927 2950 2999 3005 ibi
3044 2951 3376 3014 moriemini.
3413 2951 3499 3005 17.
3536 2950 3604 3005 Et
3641 2962 3805 3007 erunt

551 3040 858 3113 potestatis,
909 3046 964 3093 et
1013 3033 1447 3128 Johananyt‘ilius
1497 3033 1711 3128 florah,
1759 3042 1813 3091 et
1862 3033 2122 3090 Jezaniah
2226 3056 2418 3097 omnes
2440 3040 2565 3106 viri,
2587 3041 2677 3128 qui
2708 3048 3010 3110 posuerunt
3042 3040 3236 3095 faciem
3256 3055 3409 3095 suam
3447 3041 3806 3111 Xadiiigre-

551 3134 697 3190 fliius
728 3132 792 3204 (0
814 3130 1039 3195 "om,
1063 3136 1118 3184 et
1141 3126 1322 3182 omnis
1357 3126 1589 3197 populus
1625 3141 1654 3181 a
1682 3140 1850 3195 parvo
1873 3134 1925 3182 et
1950 3142 2124 3197 usque
2150 3145 2194 3204 ο
2224 3132 2481 3188 diendum
2520 3133 2543 3202 ζ
2586 3126 2640 3187 in
2676 3141 2879 3187 terram
2926 3131 3165 3204 Egypti,
3207 3132 3275 3187 ad
3312 3132 3673 3187 habitandum
3704 3134 3801 3201 ibi,

550 3226 619 3282 ad
654 3238 935 3295 magnum,
973 3220 1029 3280 2.
1056 3227 1112 3275 et
1158 3218 1417 3275 dixerunt
1463 3218 1530 3273 ad
1562 3216 1856 3273 Jeremiam
1890 3218 2122 3289 prophe-
2224 3222 2477 3279 deficient
2509 3224 2563 3277 in
2592 3222 2794 3294 gladio,
2821 3232 2875 3278 et
2896 3224 2950 3277 in
2982 3222 3147 3289 fame,
3184 3224 3251 3291 Χ
3281 3233 3335 3278 et
3361 3223 3438 3294 (π)
3463 3224 3515 3277 in
3551 3234 3731 3279 morte
3751 3227 3803 3293 ζ,

549 3324 661 3371 tam
703 3336 714 3370 :
749 3312 921 3369 Cadat
961 3312 1031 3379 Χ
1085 3321 1233 3363 nunc
1280 3308 1303 3377 ζ
1345 3306 1655 3376 deprecatio
1703 3315 1887 3361 nostra
1935 3321 2121 3362 coram
2225 3324 2278 3369 et
2315 3328 2424 3368 non
2449 3313 2553 3369 erit
2589 3330 2653 3369 ex
2697 3315 2781 3370 eis
2818 3329 2887 3369 ne
2924 3313 3141 3384 quidem
3184 3314 3352 3370 homo
3377 3315 3454 3385 (gi
3474 3326 3527 3371 et
3562 3331 3671 3370 non
3702 3319 3801 3387 qui

549 3407 691 3464 facie
711 3414 805 3461 tua
828 3443 849 3473 ,
877 3413 932 3459 et
959 3417 1056 3458 ora
1090 3404 1157 3470 Χ
1177 3414 1276 3470 pro
1296 3399 1454 3455 nobis
1484 3400 1506 3469 ζ
1532 3398 1599 3454 ad
1634 3398 1923 3454 Dominum
1952 3399 2120 3455 Deum
2224 3406 2419 3462 evadet
2443 3423 2474 3462 a
2504 3406 2683 3472 malis,
2707 3422 2830 3477 quae
2853 3422 2955 3478 ego
2978 3406 3177 3463 induco
3207 3423 3369 3478 super
3390 3422 3508 3464 eos.
3540 3408 3627 3463 18.
3657 3409 3803 3476 Quia

548 3510 727 3563 tuum,
762 3510 861 3567 pro
893 3492 1138 3564 reliquiis
1173 3492 1256 3547 liis
1309 3508 1323 3546 :
1367 3489 1491 3561 quia
1530 3489 1703 3546 relicti
1734 3504 1927 3546 sumus
1966 3490 2123 3560 pauci

549 3593 618 3648 de
649 3589 858 3652 multis.
882 3588 1021 3643 sicut
1040 3584 1183 3642 oculi
1207 3582 1283 3638 tui
1310 3582 1493 3639 vident
1517 3595 1637 3637 nos.
1669 3582 1723 3636 5.
1749 3580 1813 3635 Et
1837 3581 2125 3637 annuntiet

546 3682 708 3739 nobis
738 3679 1000 3734 Dominus
1021 3675 1164 3732 Deus
1198 3683 1323 3729 tuus
1355 3675 1519 3738 viam,
1553 3687 1661 3742 qua
1710 3686 1902 3728 eamus
1947 3671 2001 3727 in
2035 3686 2120 3737 ea,

547 3782 604 3828 et
636 3770 881 3833 verbum,
910 3767 1055 3838 quod
1098 3765 1385 3821 faciamus.
1415 3764 1471 3819 4.
1510 3763 1574 3819 Ει
1600 3763 1737 3817 dixit
1778 3762 1858 3819 eis
1888 3761 2121 3819 Jeremia

544 3860 812 3935 propheta
865 3876 881 3913 :
933 3855 1153 3921 Audivi,
1198 3868 1326 3910 ecce
1365 3868 1467 3924 ego
1524 3853 1694 3908 orabo
1722 3852 1791 3907 ad
1831 3852 2120 3909 Dominum

546 3958 719 4014 Deum
744 3962 1015 4018 nostrum,
1030 3950 1185 4022 juxta
1202 3949 1365 4005 verba
1380 3957 1559 4005 vestra
1584 3967 1598 4004 :
1615 3959 1669 4004 et
1691 3948 1801 4015 fiet,
1824 3952 1892 4017 Χ
1909 3964 2072 4004 omne
2092 3948 2115 4019 ζ

544 4047 800 4112 verbum,
865 4044 1013 4117 quod
1058 4041 1409 4113 respondebit
1458 4039 1722 4097 Dominus
1768 4044 1838 4112 Χ
1867 4041 2021 4097 vobis
2061 4041 2117 4110 ζ,

545 4141 883 4201 aununtiabo
939 4138 1113 4206 vobis,
1174 4152 1285 4193 non
1339 4136 1528 4194 celabo
1576 4151 1607 4192 a
1658 4137 1816 4193 vobis
1867 4137 2115 4193 verbum.

545 4238 602 4291 5.
634 4234 703 4290 Et
750 4234 855 4305 ipsi
895 4233 1153 4289 dixerunt
1189 4228 1440 4287 Jeremiai
1473 4245 1489 4282 :
1528 4229 1611 4285 Sit
1651 4229 1916 4286 Dominus
1960 4230 2119 4286 nobis

546 4329 604 4383 in
632 4335 823 4384 testem
853 4326 928 4396 (g)
955 4325 1163 4395 justum
1195 4332 1249 4379 et
1271 4322 1504 4388 fidelem,
1540 4322 1587 4377 si
1618 4337 1745 4385 non.
1771 4323 1925 4391 juxta
1955 4335 2118 4377 omne

545 4418 796 4485 verbum,
824 4416 969 4487 quod
1024 4414 1239 4471 miserit
1281 4422 1333 4469 te
1381 4414 1642 4469 Dominus
1662 4416 1730 4482 Χ
1761 4412 1903 4467 Deus
1927 4420 2053 4468 tuus
2088 4412 2109 4481 ζ

2224 3500 2305 3552 sic
2321 3496 2457 3552 dixit
2486 3495 2750 3552 Dominus
2773 3496 3038 3551 virtutum
3072 3495 3215 3554 Deus
3247 3497 3461 3555 lsraelis
3496 3518 3511 3554 :
3542 3499 3698 3555 Sicut
3723 3502 3802 3571 (z)

2224 3586 2447 3644 stillavit
2480 3586 2632 3642 furor
2663 3603 2839 3652 meus,
2882 3590 2951 3656 Χ
2987 3596 3042 3643 et
3083 3589 3159 3643 ira
3199 3605 3319 3645 mea
3365 3592 3388 3660 ζ
3439 3606 3604 3661 super
3650 3591 3805 3646 habi-

2225 3688 2403 3735 tantes
2449 3679 2503 3734 in
2531 3677 2856 3744 Jerusalem,
2891 3679 2975 3735 sic
3012 3680 3239 3736 stillabit
3261 3681 3420 3739 furor
3444 3698 3599 3738 meus
3634 3698 3805 3754 super

2223 3785 2343 3835 vos,
2376 3785 2500 3826 cum
2526 3770 2753 3840 ingressi
2780 3770 2916 3826 estis
2944 3770 2998 3825 in
3025 3769 3321 3843 [Egyptum
3346 3788 3361 3825 :
3394 3782 3448 3829 et
3462 3774 3619 3831 eritis
3641 3774 3721 3845 (a)
3744 3778 3802 3830 iii

2222 3859 2566 3926 deletionem,
2596 3870 2651 3916 et
2692 3860 2940 3931 subjecti,
2962 3870 3016 3917 et
3047 3862 3101 3916 in
3144 3864 3596 3931 maledictionem,
3635 3878 3692 3922 et
3743 3868 3799 3922 iu

2222 3952 2619 4023 opprobrium,
2687 3962 2742 4008 et
2797 3967 2907 4008 non
2991 3954 3244 4011 videbitis
3315 3956 3550 4027 amplius
3613 3958 3799 4013 locum

2222 4042 2389 4109 hunc,
2452 4043 2535 4099 I9.
2597 4042 2693 4113 (b)
2751 4044 2893 4114 quod
2951 4044 3163 4102 locutus
3224 4054 3309 4103 est
3363 4046 3627 4104 Dominus
3703 4066 3803 4105 su-

2221 4146 2317 4201 per
2356 4146 2454 4188 vos
2496 4131 2745 4189 residuos
2761 4131 2934 4199 Iudae,
2970 4149 3039 4190 ne
3072 4135 3447 4206 ingrediamini
3503 4138 3557 4192 in
3600 4137 3805 4209 Egyp-

2220 4232 2337 4280 tum
2403 4242 2419 4280 :
2491 4232 2547 4280 et
2610 4240 2760 4281 nunc
2836 4227 3218 4297 cognoscendo
3283 4230 3666 4300 engnoscetis,
3728 4234 3801 4300 Χ

2205 4306 2365 4385 ’ψιοᾶ
2397 4325 2738 4371 contestatus
2767 4332 2890 4372 sum
2911 4333 3008 4373 vos
3031 4318 3190 4375 hodie
3214 4336 3229 4386 ;
3257 4319 3329 4376 20
3358 4323 3486 4391 quia
3512 4324 3535 4393 ζ
3562 4323 3635 4395 (ε)
3658 4325 3803 4378 male

2220 4404 2426 4461 fecistis
2458 4404 2513 4460 in
2545 4407 2743 4463 animis
2768 4407 2985 4474 vestris,
3020 4410 3087 4477 Χ
3119 4410 3213 4480 qui
3248 4426 3348 4467 vos
3384 4414 3406 4482 ζ
3444 4414 3676 4469 misistis
3712 4430 3803 4471 me

545 4510 614 4567 ad
655 4525 758 4566 nos
784 4476 862 4564 ita
883 4506 1198 4564 fecerimus.
1227 4505 1281 4562 6.
1325 4504 1450 4562 Sive
1489 4476 1730 4569 bonum,
1747 4505 1862 4560 sive
1890 4476 2115 4570 malum,
2149 4476 2289 4555 θεά
2338 4498 2630 4554 Dominum
2664 4500 2833 4555 Deum
2877 4476 3152 4569 vestrum,
3185 4476 3429 4561 dicentes
3465 4524 3482 4563 :
3538 4505 3646 4562 Ora
3696 4522 3801 4578 pro

544 4618 737 4658 vocem
784 4594 1010 4657 Domini
1044 4597 1140 4655 Dei
1194 4598 1390 4663 nostri,
1426 4611 1589 4668 quem
1613 4610 1715 4652 nos
1750 4596 2016 4652 mittimus
2067 4604 2123 4651 te
2221 4590 2382 4648 nobis
2398 4591 2465 4645 ad
2492 4589 2783 4647 Dominum
2813 4592 2983 4650 Deum
3007 4604 3255 4651 nostrum
3284 4614 3300 4650 :
3325 4607 3383 4652 et
3406 4598 3560 4669 juxta
3587 4601 3799 4665 omnia,

548 4694 617 4761 Χ
650 4691 719 4747 ad
747 4707 874 4748 eum
920 4694 982 4762 ζ,
1012 4690 1318 4757 audiemus,
1353 4696 1413 4743 ut
1441 4689 1639 4745 melius
1667 4689 1760 4743 ﬁat
1787 4687 1944 4742 nobis
1970 4687 2120 4757 ,quia
2220 4697 2344 4753 quae
2384 4682 2600 4739 locutus
2640 4683 2808 4740 fuerit
2839 4685 2936 4741 tibi
2982 4687 3244 4743 Dominus
3289 4686 3434 4744 Deus
3480 4699 3685 4755 noster,
3717 4691 3803 4747 sic

546 4777 836 4839 audiemus
866 4798 1053 4840 vocem
1090 4782 1306 4838 Domini
1352 4780 1447 4836 Dei
1482 4779 1677 4836 nostri.
1718 4778 1770 4832 7.
1805 4777 1872 4834 Et
1917 4777 2121 4835 factum
2222 4775 2485 4831 annuntia
2539 4777 2721 4843 nobis,
2779 4789 2835 4835 et
2885 4778 3172 4835 faciemus.
3224 4780 3317 4834 21.
3368 4782 3434 4836 Et
3475 4783 3801 4838 annuntiavi

546 4884 634 4932 est
660 4882 786 4945 post
812 4875 1000 4930 decem
1027 4874 1169 4939 dies,
1204 4872 1405 4927 factum
1442 4880 1529 4927 est
1563 4871 1789 4927 verbum
1821 4869 2034 4926 Domini
2056 4870 2125 4925 ad
2222 4866 2379 4921 vobis
2430 4866 2614 4934 hodie,
2657 4877 2712 4924 et
2763 4885 2873 4925 non
2911 4870 3198 4927 audivistis
3236 4886 3420 4927 vocem
3456 4870 3669 4927 Domini
3704 4872 3805 4929 Dei

543 4964 862 5025 Jeremiam.
891 4966 945 5023 8.
990 4966 1056 5021 Et
1080 4964 1296 5021 vocavit
1327 4963 1404 5034 (Ii)
1433 4961 1680 5018 Joliaiian
1712 4964 1778 5030 Χ
1809 4960 1979 5017 filium
2010 4959 2119 5016 ϐο-
2225 4958 2410 5022 vestri,
2430 4960 2565 5026 Χει
2586 4958 2741 5029 juxta
2766 4962 3153 5033 omnia:,qua2
3188 4964 3340 5020 misit
3365 4980 3452 5021 me
3479 4966 3547 5020 ad
3579 4982 3678 5022 vos
3696 4966 3805 5038 (Δ).

545 5058 643 5115 rab
672 5059 721 5129 ζ,
746 5060 880 5128 (ιιΧ
896 5071 1086 5114 omnes
1116 5056 1139 5126 ζ
1164 5055 1436 5129 principes
1461 5053 1767 5126 potestatis,
1794 5055 1862 5123 Χ
1882 5053 2116 5124 quicum
2223 5051 2313 5108 22.
2352 5051 2417 5106 Et
2449 5058 2680 5124 nuncx
2716 5054 2897 5112 fuistis
2919 5067 3310 5125 cognoscentes
3328 5098 3344 5124 ,
3367 5059 3515 5129 quod
3546 5061 3569 5130 ζ
3607 5061 3660 5113 in
3684 5059 3808 5131 gla-

617 5238 689 5310 (c)
727 5237 871 5310 ﬁlius
908 5236 1217 5310 Nathaniie:
1306 5236 1385 5307 (ά)
1426 5233 1687 5310 infantes.
1791 5234 1863 5310 (ei
1904 5234 2006 5310 _A.,
2057 5234 2329 5310 abierunt,
2386 5243 2441 5289 et
2486 5233 2744 5310 sederunt
2796 5234 2849 5290 in
2883 5235 3155 5310 _maceriis
3198 5236 3522 5310 Cliamoabi,
3557 5253 3681 5309 quae
3732 5255 3808 5295 ex

546 5304 779 5364 adverso
812 5308 1143 5365 Bethlehem.
1178 5306 1275 5378 8..
1314 5304 1439 5378 cum
1494 5304 2145 5378 abiisseiit,:habitariint
2192 5306 2247 5359 in
2284 5304 2847 5378 peregrinationibus,
2883 5305 3208 5378 inAea,_qu2e
3233 5304 3692 5378 Cliamoab,iquze
3732 5327 3807 5365 ex

547 5378 779 5435 adverso
817 5379 1152 5434 Bethlehem.
1227 5377 1295 5446 (Γ)
1345 5375 1626 5439 Hananiaz,
1674 5385 1725 5431 et
1784 5376 1979 5430 Azaria
2030 5374 2127 5429 lilii

2273 5375 2349 5445 (g)
2383 5374 2475 5438 Α..
2516 5374 2599 5437 8.,
2650 5390 2898 5446 verum,
2939 5374 3017 5446 (Ιι)
3065 5374 3324 5432 Jeremia.
3400 5380 3465 5445 (ἱ)
3523 5374 3804 5435 vestram.

547 5448 618 5520 (lt;
655 5450 744 5515 Α.,
781 5448 864 5513 8.,
898 5448 1026 5519 quia
1057 5445 1367 5505 satisfaCtus
1382 5462 1526 5502 sum.
1607 5446 1668 5517 (ι)
1705 5447 1796 5511 Α.,
1833 5446 1901 5501 ad
1929 5459 2123 5501 servari

547 5529 598 5571 et
628 5519 815 5571 sedere
837 5518 1034 5571 faciam
1062 5532 1179 5571 vos.
1255 5517 1329 5571 (oi
1359 5519 1452 5571 A..
1494 5515 1577 5571 8..
1620 5532 1752 5571 non.
1782 5516 1877 5571 sed
1904 5516 1957 5570 in
1984 5524 2127 5571 terra

2227 5460 2258 5498 n
2282 5453 2489 5527 vos,.et
2516 5446 2583 5505 ad
2628 5445 3006 5500 redimendum
3038 5462 3152 5503 vos.
3231 5446 3326 5571 ﬁni)
3358 5448 3515 5530 Ejus.
3594 5449 3673 5520 (η)
3705 5449 3806 5510 Α..

2227 5514 2445 5571 Eavnti.
2525 5517 2601 5571 (vi
2636 5514 2726 5571 Α..
2754 5513 2837 5571 8..
2866 5530 3059 5571 cornu.
3139 5519 3215 5571 (ai
3268 5517 3369 5571 lare
3388 5520 3539 5571 dicit.
3616 5519 3688 5571 lrl
3712 5522 3806 5571 Α..

544 5513 598 5574 et
628 5513 815 5575 sedere
837 5513 1034 5589 faciam
1062 5532 1203 5589 vos.»
1255 5517 1452 5589 (0)AA.,
1494 5515 1577 5579 8.,
1617 5513 1752 5589 non,
1782 5516 1877 5572 sed
1904 5516 1957 5570 in
1984 5514 2481 5589 terramIEgypti‘._
2525 5517 2603 5589 (ρ)
2636 5513 3063 5589 A.,_8.,_c_or_nu.
3139 5519 3215 5589 (9)
3242 5513 3369 5573 Haec
3388 5513 3539 5573 dicit.
3602 5513 3806 5589 '(r)A.,

546 5590 612 5643 ad
642 5602 764 5644 esse
795 5588 1129 5659 peregrinos.
1164 5584 1349 5659 S.,‘a'd
1370 5588 1855 5659 commorandum.
1934 5584 2000 5657 (ε)
2026 5584 2125 5659 4.,
2151 5585 2234 5659 8.,
2268 5584 2482 5659 solliciti
2504 5584 2658 5641 estis.
2736 5586 2802 5659 (ι)
2829 5586 2913 5642 Ad
2952 5584 3296 5659 fugiend—um.
3380 5590 3459 5658 (u)
3490 5589 3574 5654 8.,
3608 5584 3810 5658 ag'glu-

545 5655 830 5739 tinabituif,
864 5655 1239 5739 adhaerescens
1260 5656 1436 5739 vobis.
1490 5657 1591 5739 (τ)
1624 5656 1779 5722 8.,ἰη
1806 5655 1979 5739 peste.
2060 5657 2127 5739 (gj

2227 5697 2259 5721 .,
2283 5655 2560 5739 residuus,
2592 5664 2646 5711 et
2677 5656 2885 5739 saluis.
2984 5655 3058 5739 (2)
3078 5657 3170 5723 A.,
3193 5655 3402 5739 effusus
3423 5655 3507 5714 est
3555 5730 3567 5739 _
3608 5655 3807 5739 (a))?”

546 5729 1003 5792 maledictionem,
1035 5736 1090 5782 et
1118 5729 1171 5783 in
1195 5726 1405 5793 sterile,
1450 5724 1580 5784 etin
1602 5724 2027 5797 execrationem,
2063 5724 2117 5783 et

546 5795 623 5866 (ά)
654 5795 720 5853 Ut
749 5797 1122 5866 paenitentiam
1152 5796 1345 5866 agatis.

2227 5726 2591 5797 approbrium.
2670 5726 2746 5799 (b)
2782 5724 2866 5794 8.,
2901 5724 3149 5784 verbum.
3227 5728 3298 5801 (ε)
3337 5728 3431 5799 A.,
3473 5724 3806 5786 seduxistis.

749 5805 1122 5866 paenitentiam
1152 5805 1345 5870 agatis.
