4042 6194
304 151 485 238 2373'

1523 185 1550 242 J
1561 186 1839 242 EREMIE
1877 184 2110 242 CAPUT
2150 185 2330 242 XLIV.

3419 189 3520 246 257
3530 191 3572 245 ι

303 300 415 364 dio,
467 305 523 354 et
567 297 622 352 in
662 296 824 364 fame,
849 300 916 368 )t(
943 297 1013 369 (ε)
1039 307 1094 354 et
1129 299 1182 354 in
1226 309 1402 356 morte
1445 303 1466 371 1
1504 301 1775 359 deficietis
1819 303 1876 356 in
1907 307 1953 363 Α
1981 302 2144 358 miam
2169 301 2251 372 (ιι)
2283 299 2350 355 ad
2379 315 2572 357 omnes
2597 299 2818 356 Iudaeos
2855 301 3164 356 habitantes
3187 302 3252 368 Χ
3279 299 3502 358 interra
3532 304 3567 371 1

306 391 425 443 loco
446 389 570 451 hoc,
603 404 714 458 quo
749 404 846 444 vos
872 389 1037 445 vultis
1059 391 1267 461 ingredi
1304 392 1370 447 ad
1399 392 1750 448 habitandum
1787 393 1880 448 ibi.

373 478 509 548 Cap.
538 477 724 531 XLIII.
753 507 824 522 --
853 479 902 533 Ι.
936 478 1001 534 Et
1031 481 1232 536 factum
1267 491 1370 549 est,
1391 497 1518 537 eum
1552 483 1622 553 (r)
1641 489 1886 539 eessaset

309 565 547 620 Jeremia
574 567 720 637 loqui
743 567 808 622 ad
832 571 900 636 Χ
919 583 1136 624 omnem
1166 571 1188 640 1
1221 571 1480 642 populum
1508 573 1692 628 omnia
1717 573 1884 628 verba

310 656 524 710 Domini
559 655 652 710 Dei
673 671 886 721 eorum,
917 673 1039 728 qua!
1067 659 1218 714 misit
1246 659 1509 717 Dominus
1526 661 1668 718 Deus
1692 677 1883 718 eorum

305 749 372 802 ad
411 763 508 803 eos
559 749 744 802 omnia
773 750 939 804 verba
988 750 1133 817 haec;
1178 751 1233 805 τὶ.
1265 761 1319 810 et
1349 753 1486 809 dixit
1515 753 1712 810 Azaria
1737 755 1885 812 filius

307 840 535 905 llosmre,
592 850 646 895 et
696 840 946 895 .Iohanan
1001 843 1144 898 ﬁlius
1191 843 1394 910 Corah,
1438 854 1490 901 et
1538 859 1732 902 omnes
1778 846 1882 900 viri

305 934 548 1004 superbi,
578 935 654 1005 (g)
689 934 931 990 dicentes
954 935 1204 991 Ieremia:
1239 953 1253 988 :
1286 935 1565 992 Mendacia
1599 945 1655 993 tu
1690 938 1882 1009 loque-

304 1024 382 1078 ris
416 1041 430 1078 :
484 1039 592 1079 non
645 1025 796 1081 misit
834 1033 886 1080 te
916 1025 1182 1082 Dominus
1233 1027 1372 1082 Deus
1413 1035 1601 1084 noster
1641 1029 1709 1084 ad
1755 1045 1880 1096 nos,

302 1113 490 1167 dicens
533 1131 548 1166 :
590 1111 667 1167 Ne
701 1113 1152 1183 ingrediaminiiu
1196 1115 1490 1187 Egyptum
1529 1117 1596 1172 ad
1628 1117 1881 1173 habitan-

301 1203 430 1258 dum
461 1204 556 1258 ibi.
597 1204 652 1259 5.
694 1203 802 1260 Sed
851 1203 1062 1261 Barucb
1103 1206 1248 1263 filius
1293 1206 1468 1262 Neria:
1509 1207 1586 1279 (Ii)
1620 1222 1880 1279 provocat

301 1303 354 1349 te
381 1295 646 1352 adversus
674 1310 794 1362 nos,
828 1305 889 1351 ut
914 1297 1012 1354 des
1042 1313 1142 1354 nos
1169 1298 1222 1353 in
1248 1315 1446 1356 manus
1469 1299 1876 1369 Chalda'orum,

297 1387 364 1440 ad
408 1387 548 1441 mori
582 1386 890 1443 faciendum
919 1405 1038 1454 nos,
1073 1398 1128 1444 et
1155 1390 1221 1444 ad
1259 1391 1652 1461 deportandum
1688 1409 1788 1449 nos
1819 1394 1875 1449 in

298 1473 650 1547 Babylonem.
678 1483 733 1533 4.
754 1477 819 1532 Et
843 1494 950 1534 non
984 1480 1192 1534 audivit
1217 1479 1466 1536 Johanan
1497 1483 1641 1538 Illius
1664 1482 1873 1550 Corah,

295 1576 347 1622 et
371 1581 566 1622 omnes
601 1568 876 1640 principes
907 1571 1211 1641 potestatis,
1235 1579 1290 1626 et
1318 1574 1387 1640 Χ
1417 1573 1601 1628 omnis
1640 1575 1875 1644 populus

294 1675 482 1714 vocem
548 1659 788 1726 Domini,
840 1663 906 1717 ad
961 1664 1314 1719 habitandum
1378 1664 1434 1719 in
1491 1672 1637 1720 terra
1695 1665 1870 1720 Iudae.
1911 1648 1951 1702 Β

294 1751 346 1804 5.
384 1749 446 1804 Et
497 1749 696 1806 sumsit
740 1751 990 1808 Johanan
1041 1755 1185 1811 filius
1233 1755 1438 1822 Corah,
1475 1763 1541 1826 Χ
1580 1770 1635 1814 et
1681 1774 1872 1818 omnes

293 1843 568 1914 principes
621 1847 904 1914 potestatis
947 1847 970 1916 1
1017 1862 1212 1904 omnes
1251 1849 1502 1906 residuos
1541 1849 1729 1917 Iudae,
1776 1853 1869 1922 qui

293 1935 568 1989 redierant
613 1951 678 1990 ex
725 1939 793 2005 Χ
862 1938 1117 1993 omnibus
1157 1939 1430 2010 gentibus,
1485 1957 1596 2012 quo
1640 1943 1872 2013 dispersi

291 2037 446 2082 erant
470 2028 542 2082 ibi
580 2029 642 2099 1,
667 2030 734 2084 ad
769 2031 1120 2086 habitandum
1161 2033 1214 2087 in
1243 2041 1383 2089 terra
1409 2032 1582 2100 Iudae,
1625 2037 1678 2091 6.
1723 2037 1873 2093 viros

293 2129 347 2171 et
370 2121 647 2186 mulieres,
677 2131 727 2176 et
750 2121 1007 2188 infantes,
1035 2130 1089 2177 et
1113 2123 1252 2180 filias
1282 2127 1446 2197 regis,
1471 2129 1533 2197 (ἱ)
1551 2135 1605 2183 et
1629 2128 1868 2195 animas,

292 2226 430 2280 quas
477 2211 696 2281 reliquit
756 2211 1118 2269 Nabuzardan
1163 2216 1414 2287 princeps
1465 2233 1766 2289 coquorqu
1795 2219 1870 2291 (k)

291 2316 416 2354 cum
447 2300 673 2356 Godolia
721 2303 832 2358 tilio
859 2303 1087 2359 Ahicam
1133 2306 1245 2361 filio
1275 2305 1518 2378 Saphan,
1543 2320 1596 2364 et
1623 2314 1688 2379 Χ
1711 2311 1802 2363 τὸν
1842 2312 1866 2381 1

290 2391 580 2449 Jeremiam
609 2395 950 2466 prophetam,
979 2405 1030 2451 et
1055 2399 1122 2466 Χ
1150 2397 1244 2451 τὸν
1270 2399 1292 2468 1
1322 2399 1534 2456 Baruch
1567 2401 1739 2456 tilium
1763 2400 1870 2458 Ne-

293 2491 385 2545 ria:
415 2505 428 2541 :
458 2490 508 2544 7.
539 2491 602 2560 (ι)
628 2499 682 2545 et
717 2499 984 2546 venerunt
1021 2492 1076 2546 in
1105 2499 1304 2546 terram
1338 2489 1578 2564 Egypti,
1599 2494 1729 2564 quia
1759 2510 1869 2550 non

291 2581 813 2636 audiveruntvocem
836 2581 1073 2646 Domini,
1103 2590 1157 2636 et
1181 2591 1450 2637 venerunt
1473 2583 1571 2654 (νη)
1602 2585 1657 2639 in
1686 2585 1871 2656 Taph-

291 2673 470 2728 nas.8.
505 2671 568 2727 Et
593 2672 796 2728 factum
837 2685 921 2730 est
955 2675 1178 2730 verbum
1224 2675 1438 2732 Domini
1483 2677 1548 2732 ad
1574 2675 1867 2734 Jeretuiam

292 2767 345 2818 in
387 2764 662 2837 Taphnas,
693 2766 880 2822 dicens
914 2785 927 2820 :
959 2767 1014 2822 9.
1050 2767 1221 2822 Sume
1261 2767 1357 2823 tibi
1405 2768 1506 2838 ipsi
1538 2769 1615 2841 (η)
1654 2770 1864 2840 lapides

291 2872 538 2928 magnos,
559 2867 614 2912 et
642 2858 912 2913 absconde
933 2873 1028 2913 eos
1054 2860 1122 2927 Χ
1143 2859 1216 2928 (ο)
1237 2859 1292 2913 in
1318 2859 1529 2915 oﬂicina
1559 2862 1790 2917 lateritia
1817 2864 1867 2933 1,

290 2961 413 3017 quae
451 2961 596 3004 'ante
654 2960 840 3020 portas
878 2950 1076 3006 domus
1137 2949 1440 3008 Pharaonis
1487 2953 1541 3008 in
1585 2951 1865 3024 Tapbnas,

288 3058 474 3097 coram
538 3043 715 3100 oculis
755 3045 997 3100 virorum
1047 3043 1220 3101 Iudae.
1268 3046 1355 3100 lO.
1387 3046 1453 3103 Et
1495 3047 1646 3104 dices
1690 3050 1758 3119 Χ
1798 3051 1865 3104 ad

288 3149 383 3190 eos
421 3135 444 3206 1
476 3150 490 3186 :
527 3135 620 3189 Sic
641 3134 778 3189 dixit
813 3135 1077 3191 Dominus
1101 3136 1364 3191 virtutum
1408 3137 1550 3192 Deus
1599 3137 1815 3195 lsraelis
1854 3156 1871 3196 :

288 3227 426 3281 Ecce
453 3241 553 3296 ego
589 3227 767 3292 mitto,
793 3235 848 3282 et
889 3225 964 3299 (ρ)
995 3229 1190 3285 ducam
1223 3233 1289 3297 Χ
1314 3229 1404 3284 τὸν
1437 3231 1461 3300 1
1502 3228 1871 3288 Nabuchodo-

289 3333 544 3372 nosorem
569 3334 746 3388 regem
784 3318 1076 3390 Babylonis
1108 3336 1327 3376 servum
1357 3336 1562 3388 meum,
1583 3331 1636 3378 et
1665 3326 1739 3394 (τι)
1774 3339 1872 3394 po-

289 3419 378 3464 net
405 3410 474 3480 (r)
503 3409 701 3464 solium
735 3410 854 3480 ejus
885 3427 1050 3484 supra
1085 3413 1290 3483 lapides
1331 3413 1450 3479 hos,
1479 3431 1617 3484 quos
1650 3414 1719 3486 (ε)
1747 3416 1872 3472 abs-

287 3503 604 3569 condidisti,
652 3502 716 3573 (t)
768 3513 823 3559 et
863 3505 1093 3561 elevabit
1152 3521 1303 3561 arma
1355 3523 1454 3563 sua
1499 3523 1664 3578 super
1723 3525 1868 3566 eos:

294 3596 380 3650 ll.
411 3605 466 3650 et
510 3595 863 3667 ingredietur,
903 3606 958 3653 et
1003 3599 1270 3668 percutiet
1320 3602 1388 3667 Χ
1427 3600 1528 3670 τὴν
1587 3601 1610 3671 1
1667 3610 1866 3656 terram

285 3687 524 3760 Egypti,
554 3687 676 3754 bos,
703 3689 796 3758 qui
823 3689 876 3743 in
904 3697 1156 3754 mortem,
1183 3689 1236 3743 in
1263 3699 1516 3754 mortem,
1543 3701 1599 3746 et
1627 3691 1745 3758 hos,
1770 3692 1867 3762 qui

286 3777 340 3830 in
391 3777 862 3848 demigrationem,
902 3779 980 3850 (ιι)
1030 3780 1084 3834 in
1131 3780 1609 3851 demigrationem,
1656 3783 1865 3849 ethos,

287 3869 380 3937 qui
427 3869 482 3922 in
530 3869 790 3938 gladium,
848 3870 901 3924 in
943 3872 1202 3942 gladium.
1247 3873 1336 3927 12.
1374 3874 1440 3928 Et
1481 3875 1560 3944 (ω)
1613 3874 1868 3932 incendet

287 3960 468 4029 ignem
503 3959 556 4014 in
591 3961 844 4016 domibus
867 3962 1092 4017 deorum
1129 3964 1206 4034 (ῃ)
1243 3979 1456 4029 eorum,
1493 3974 1547 4020 et
1575 3967 1866 4022 comburet

287 4069 402 4118 eos,
436 4054 511 4123 (ι)
538 4062 592 4109 et
614 4054 925 4124 deportahit
953 4071 1070 4120 eos,
1095 4054 1172 4126 (α)
1205 4065 1260 4112 et
1285 4057 1538 4127 exquiret
1560 4061 1627 4126 Χ
1657 4067 1862 4114 terram

289 4143 506 4217 Egypti
545 4147 606 4216 1,
633 4143 778 4202 Sicut
819 4147 1061 4217 exquirit
1106 4150 1546 4216 pastor'vestem
1592 4164 1772 4214 suam,
1810 4156 1865 4204 et

286 4236 457 4292 exibit
493 4239 559 4307 Χ
597 4238 720 4294 inde
747 4239 770 4308 1
796 4239 849 4292 in
882 4255 1034 4308 pace.
1064 4240 1150 4295 15.
1182 4239 1249 4295 Ει
1277 4251 1522 4297 conteret
1547 4243 1621 4313 (ὁ)
1650 4243 1861 4298 colum-

1983 395 2225 466 Egypti,
2260 402 2316 448 et
2350 393 2605 449 sedentes
2635 393 2689 447 in
2731 391 2966 464 Magdol,
2997 401 3049 447 et
3081 391 3136 446 in
3175 390 3480 462 Thabphis,
3506 403 3572 449 (ι’

1984 484 2038 540 in
2087 483 2376 555 Memphis,
2425 492 2480 538 et
2531 482 2586 538 itt
2629 493 2773 538 terra
2803 480 3062 547 Pathros,
3087 482 3275 539 dicens
3318 500 3333 538 :
3377 483 3432 538 2.
3469 483 3562 539 Sic

1983 574 2125 630 dixit
2153 575 2417 630 Dominus
2441 574 2703 628 virtutum
2741 571 2886 628 Deus
2911 570 3126 628 lsraelis
3157 588 3172 625 :
3211 572 3322 630 Vos
3346 574 3562 631 vidistis

1983 669 2168 725 omnia
2209 670 2370 732 mata,
2400 683 2525 738 quae
2547 666 2736 720 induxi
2773 680 2938 735 super
2967 663 3290 732 Jerusalem,
3317 676 3371 722 et
3395 683 3562 738 super

1983 762 2053 830 Χ
2076 775 2268 815 omnes
2303 759 2326 828 1
2369 757 2530 814 urbes
2557 756 2711 812 Iuda:
2750 776 2763 811 :
2799 765 2856 811 et
2889 770 3019 812 ecce
3044 765 3175 812 sunt
3212 757 3443 813 desertae
3494 760 3560 826 Χ

1979 850 2070 905 die
2097 849 2201 904 hoc
2233 849 2256 918 1
2282 848 2351 902 ab
2386 846 2837 911 inhabitantibus,
2869 847 2924 902 5.
2961 846 3032 902 ab
3057 854 3188 902 ante
3218 846 3418 901 faciem
3442 862 3562 901 ma-

1981 943 2111 998 litiae
2152 956 2369 1006 eorum,
2393 955 2559 1010 quam
2597 939 2844 994 fecerunt
2885 939 2950 993 ad
2981 939 3419 994 exacerbandum
3451 955 3560 1006 me,

1980 1049 2105 1090 cum
2130 1033 2344 1088 iveruut
2365 1032 2432 1087 ad
2458 1030 2804 1096 adolendum,
2843 1032 2911 1099 Χ
2939 1029 3007 1100 (c)
3040 1041 3093 1086 et
3125 1030 3192 1084 ad
3222 1028 3560 1100 operandum

1984 1128 2008 1197 1
2037 1127 2144 1182 diis
2177 1125 2322 1189 aliis,
2344 1139 2484 1191 quos
2509 1139 2618 1178 non
2646 1123 2979 1193 cognovistis
3002 1126 3070 1191 Χ
3101 1121 3205 1193 ipsi
3234 1137 3354 1188 vos,
3381 1129 3437 1178 et
3465 1136 3565 1192 pa-

1979 1227 2090 1274 tres
2127 1217 2293 1273 vestri
2339 1216 2396 1286 1.
2430 1215 2482 1270 4.
2515 1213 2581 1268 Et
2602 1213 2726 1270 misi
2759 1213 2827 1268 ad
2862 1227 2960 1269 vos
2992 1215 3059 1282 Χ
3083 1227 3275 1267 omnes
3303 1213 3328 1284 1
3362 1225 3554 1267 servos

1978 1324 2154 1374 meos,
2186 1307 2482 1378 pr0phetas
2513 1307 2568 1362 in
2609 1305 2899 1370 matutino,
2935 1314 2990 1360 et
3017 1303 3164 1368 misi,
3196 1303 3387 1359 dicens
3421 1319 3436 1356 :
3479 1300 3565 1356 Nc

1981 1403 2215 1470 Χηυηο
2252 1400 2275 1470 1
2318 1399 2529 1455 faciatis
2562 1413 2700 1469 opus
2741 1397 2810 1468 (t)
2847 1395 3335 1453 contaminationis
3372 1394 3558 1464 hujus,

1978 1508 2144 1563 quam
2177 1491 2288 1548 odi.
2309 1491 2362 1546 5.
2393 1490 2459 1546 Et
2480 1505 2586 1546 non
2609 1491 2940 1546 audiverunt
2962 1505 3070 1554 me,
3100 1502 3200 1544 nec
3225 1487 3564 1542 inclinarunt

1977 1597 2165 1637 aurem
2189 1596 2366 1646 suam,
2395 1580 2462 1635 ad
2495 1578 2874 1636 revertendum
2899 1593 2929 1632 a
2968 1575 3171 1632 malitia
3201 1591 3323 1641 sua,
3353 1584 3415 1630 ut
3448 1589 3566 1628 non

1977 1673 2255 1728 adolerent
2277 1671 2381 1726 diis
2410 1671 2554 1726 aliis.
2579 1671 2632 1724 6.
2677 1670 2745 1726 Et
2787 1669 3014 1724 stillavit
3041 1669 3122 1722 ira
3150 1683 3292 1732 mea,
3316 1676 3370 1722 et
3404 1665 3568 1721 furor

1977 1779 2154 1828 meus,
2185 1772 2240 1818 et
2267 1764 2474 1819 exarsit
2493 1763 2547 1819 in
2573 1762 2744 1833 portis
2772 1760 2946 1828 Iudae,
2975 1763 3050 1832 (g)
3075 1771 3131 1816 et
3152 1769 3304 1817 extra
3334 1758 3565 1815 Jerusa—

1977 1856 2081 1911 lem
2115 1873 2128 1911 :
2162 1865 2216 1912 et
2251 1856 2406 1913 facta:
2453 1865 2584 1912 sunt
2606 1856 2660 1910 iu
2702 1856 3118 1919 desolationem,
3144 1863 3195 1908 et
3228 1854 3304 1924 (h)
3349 1854 3407 1908 in
3449 1868 3561 1908 non

1976 1948 2243 2018 pervium,
2261 1947 2402 2003 sicut
2423 1947 2542 2004 dies
2565 1947 2673 2003 hic.
2707 1946 2762 2002 7.
2785 1947 2850 2001 Et
2875 1962 3018 2002 nunc
3037 1947 3118 2000 sic
3133 1945 3271 2000 dixit
3297 1943 3562 1998 Dominus

1977 2041 2046 2108 Χ
2085 2038 2226 2094 Deus
2266 2040 2290 2109 1
2317 2037 2554 2095 Sebaoth
2582 2037 2724 2094 Deus
2749 2037 2966 2094 lsraelis
3002 2055 3016 2092 :
3045 2038 3230 2104 Quare
3256 2050 3358 2090 vos
3381 2033 3562 2090 facitis

1975 2130 2114 2185 mala
2141 2146 2334 2201 magna
2356 2145 2522 2200 super
2544 2130 2834 2185 animabus
2856 2128 3097 2184 vestris?
3123 2127 3187 2198 (ἱ)
3211 2126 3280 2181 ad
3301 2124 3562 2182 exciden-

1972 2222 2102 2276 dum
2133 2236 2162 2275 a
2183 2220 2336 2275 vobis
2359 2220 2533 2275 virum
2555 2227 2609 2274 et
2634 2219 2946 2283 mulierem,
2981 2217 3242 2271 infantem
3269 2225 3325 2270 et
3352 2214 3560 2269 laetan-

1974 2321 2080 2368 tem
2113 2311 2181 2367 de
2206 2311 2387 2366 medio
2431 2310 2607 2376 Iudae,
2649 2310 2786 2365 adeo
2844 2318 2905 2364 ut
2954 2324 3061 2362 non
3101 2308 3443 2377 relinquatur
3489 2320 3560 2362 ex

1973 2404 2128 2459 vobis
2157 2417 2226 2457 ne
2246 2402 2467 2472 quidem
2499 2403 2685 2467 homo,
2712 2401 2766 2456 8.
2795 2399 2869 2471 (Ir;
2907 2401 2973 2454 ad
2999 2397 3446 2454 exacerbandum
3471 2411 3560 2450 me

1973 2495 2028 2548 in
2059 2494 2320 2564 operibus
2353 2509 2613 2549 manuum
2640 2503 2972 2557 vestrarum,
2996 2493 3062 2546 ad
3104 2490 3429 2546 adolendum
3451 2490 3559 2548 diis

1971 2587 2096 2643 aliis
2151 2587 2205 2642 in
2249 2594 2395 2642 terra
2431 2586 2672 2658 Egypti,
2725 2585 2790 2656 (Ι)
2835 2601 2947 2655 quo
2991 2587 3058 2654 Χ
3099 2600 3197 2641 vos
3247 2585 3270 2654 1
3323 2584 3558 2655 ingressi

1970 2679 2105 2735 estis
2138 2680 2206 2734 ad
2239 2678 2596 2734 habitandum
2635 2677 2708 2733 ibi
2734 2694 2751 2747 ;
2775 2686 2838 2732 ut
2859 2677 3215 2740 excidamini,
3245 2685 3300 2731 et
3325 2684 3386 2730 ut
3414 2674 3560 2730 fialis

1971 2772 2027 2828 in
2057 2771 2514 2836 maledictionem,
2543 2779 2601 2827 et
2623 2770 2678 2825 in
2707 2769 3094 2840 opprobrium,
3123 2769 3190 2836 Χ
3220 2769 3274 2822 in
3299 2767 3569 2822 omnibus-

1976 2865 1999 2934 1
2041 2865 2292 2935 gentibus
2327 2873 2505 2919 terrae.
2528 2863 2583 2919 ί).
2620 2861 2762 2918 Num
2802 2860 2958 2917 obliti
2984 2863 3116 2917 estis
3147 2875 3244 2917 vos
3284 2861 3556 2916 malorum

1973 2964 2195 3025 patrum
2243 2964 2573 3022 vestrorum,
2617 2963 2673 3010 et
2727 2954 2994 3010 malorum
3047 2968 3237 3024 regum
3281 2951 3459 3018 Iudae,
3503 2959 3561 3007 et

1977 3046 2249 3101 malorum
2284 3046 2577 3102 mulierum
2604 3054 2936 3109 vestrarum,
2963 3050 3020 3099 et
3047 3043 3318 3098 malorum
3341 3048 3554 3096 vestro-

1975 3155 2096 3194 rum
2136 3146 2192 3195 et
2240 3139 2512 3194 malorum
2559 3137 2853 3194 mulierum
2896 3145 3220 3200 vestrarum,
3249 3149 3372 3205 qua:
3413 3132 3559 3189 fece-

1974 3237 2101 3286 runt
2128 3231 2182 3285 in
2210 3238 2358 3286 terra
2387 3228 2561 3295 Iudae,
2597 3237 2653 3285 ct
2683 3237 2838 3284 extra
2870 3224 3215 3283 Jerusalem?
3246 3225 3334 3280 10.
3359 3223 3425 3279 Ει
3447 3239 3555 3278 non

1973 3321 2405 3392 conquieverunt
2455 3337 2632 3392 usque
2673 3321 2740 3376 ad
2777 3320 2920 3376 diem
2959 3319 3124 3383 lumc,
3159 3319 3226 3386 Χ
3259 3327 3314 3374 et
3351 3332 3459 3373 non
3487 3315 3559 3371 ti-

1972 3423 2230 3470 muerunt
2279 3413 2374 3487 (m)
2415 3415 2462 3484 1,
2500 3423 2554 3468 et
2595 3428 2703 3468 non
2751 3412 3096 3468 adhaeserunt
3131 3411 3342 3482 legibus
3394 3411 3555 3475 meis,

1970 3517 2027 3563 et
2065 3505 2352 3576 prazceptis
2387 3505 2545 3571 meis,
2578 3521 2702 3576 quae
2729 3504 2854 3560 dedi
2883 3520 3070 3560 coram
3108 3504 3248 3560 facie
3270 3514 3474 3568 vestra,
3501 3511 3559 3558 et

1970 3613 2155 3652 coram
2185 3596 2324 3651 facie
2347 3605 2655 3652 vestrorum
2685 3605 2922 3667 patrum.
2944 3588 3045 3649 ll.
3084 3594 3316 3665 Propter
3340 3595 3446 3650 hoc
3475 3595 3558 3650 sic

1969 3691 2109 3744 dixit
2162 3689 2428 3745 Dominus
2462 3690 2724 3744 virtutum
2777 3688 2922 3745 Deus
2966 3688 3224 3744 Israelis:
3258 3686 3401 3742 Ecce
3453 3703 3558 3758 ego

1969 3792 2152 3837 statuo
2167 3782 2358 3836 faciem
2377 3796 2550 3836 meam
2565 3783 2633 3850 Χ
2647 3796 2918 3852 supervos
2931 3781 2983 3836 iu
2997 3781 3162 3846 mala,
3177 3780 3246 3835 ad
3267 3778 3556 3836 delendum

1968 3891 2187 3930 omnem
2205 3873 2395 3930 Iudam
2419 3892 2433 3928 :
2455 3873 2542 3927 12.
2561 3883 2612 3929 et
2629 3883 2850 3930 sument
2873 3875 3124 3930 residuos
3150 3873 3307 3929 Iudae
3339 3876 3432 3944 qui
3467 3888 3562 3943 po-

1965 3977 2193 4023 suerunt
2207 3969 2286 4038 (n)
2309 3981 2340 4020 a
2363 3965 2503 4021 facie
2517 3981 2613 4020 sua
2633 3967 2701 4021 ad
2721 3967 3132 4036 ingrediendum
3155 3967 3207 4019 in
3227 3973 3430 4021 terram
3455 3965 3557 4019 ΑΞ-

1966 4059 2137 4130 gypti,
2154 4059 2221 4113 ad
2241 4057 2689 4114 commorandutn
2709 4057 2806 4122 ibi,
2829 4066 2886 4113 et
2901 4057 2974 4128 (0)
2989 4057 3055 4111 ad
3076 4056 3412 4126 perdendum
3427 4071 3552 4110 om-

1966 4164 2062 4204 nes
2098 4149 2122 4219 1
2150 4162 2214 4204 -ι-
2243 4147 2492 4204 residuos
2523 4148 2546 4218 1
2573 4147 2665 4218 qui
2695 4147 2746 4201 iu
2769 4144 3006 4218 Egypto
3030 4155 3119 4202 :et
3137 4145 3335 4202 cadent
3356 4145 3410 4200 in
3435 4144 3555 4214 gla-

1963 4239 2076 4304 dio,
2100 4248 2156 4294 et
2186 4239 2237 4294 in
2268 4238 2411 4294 fame
2426 4248 2821 4294 consumentur
2851 4255 2881 4294 a
2915 4253 3084 4310 parvo
3111 4251 3286 4307 usque
3305 4236 3373 4292 ad
3399 4251 3556 4308 mag-

287 4343 388 4382 nas
415 4327 728 4399 Heliopolis,
759 4346 880 4398 quze
912 4331 977 4398 Χ
1005 4331 1057 4384 in
1085 4340 1225 4385 terra
1248 4329 1465 4402 Egypti
1499 4333 1558 4403 1,
1589 4341 1644 4389 et
1667 4332 1736 4406 (c)
1761 4333 1860 4389 do-
1892 4342 1937 4397 ι)
1963 4347 2126 4398 num,
2175 4339 2231 4387 et
2259 4335 2324 4400 Χ
2363 4331 2418 4385 in
2454 4329 2668 4402 gladio,
2713 4338 2769 4386 et
2811 4331 2865 4385 in
2910 4329 3055 4387 fame
3088 4328 3393 4384 morientur
3437 4330 3464 4399 1
3501 4337 3560 4384 et

284 4435 436 4474 mum
470 4419 694 4474 deorum
728 4436 918 4475 eorum
951 4421 1235 4476 comburet
1274 4422 1327 4476 in
1363 4422 1502 4493 igne.

353 4511 486 4582 Cap.
507 4510 687 4567 XLIV.
703 4513 811 4567 —l
838 4511 1120 4580 .Verhum,
1140 4513 1284 4583 quod
1306 4512 1511 4570 factum
1529 4522 1612 4570 est
1633 4515 1700 4571 ad
1713 4514 1865 4571 Iere-

1106 4669 1175 4740 (Ι)
1236 4669 1325 4736 Αε,
1376 4669 1718 4727 absolvisset.

379 4670 450 4740 (c)
486 4670 569 4735 8.,
620 4679 676 4726 et
728 4672 783 4726 in
838 4679 1003 4741 peste.

1033 4739 1225 4810 (h)A.,
1269 4740 1352 4810 8.,
1409 4743 1596 4797 incitat
1649 4749 1722 4794 te.
1797 4739 1860 4809 (ἰ)

283 4742 598 4805 Dominum,
650 4742 927 4796 dixerunt.

283 4813 477 4868 ﬁlium.
555 4811 619 4882 (ζ)
648 4811 714 4866 Et
747 4813 1036 4866 intrarunt.
1076 4809 1209 4882 8(m)
1232 4809 1332 4882 8.,
1371 4827 1545 4882 usque
1573 4811 1639 4865 ad
1660 4810 1937 4882 Taphn‘as.

1397 4879 1577 4936 unam.
1691 4879 1763 4950 (r)
1828 4879 1875 4934 8.

1397 4969 1464 5006 οι
1512 4952 1697 5006 Graeca
1760 4951 1875 5002 2K11

1971 4880 2191 4933 solium.
2307 4879 2378 4948 (ε)
2431 4879 2520 4941 Α.,
2582 4879 2667 4943 8.,
2751 4879 3111 4940 abscondidi,
3177 4886 3232 4932 et
3305 4879 3552 4932 extendet

1974 4949 2220 5013 ΣΤΡΟΝ,
2287 4947 2376 5002 hic
2438 4948 2641 5018 posita,
2712 4949 2932 5003 incertae
2967 4947 3244 5018 mihiestg
3286 4947 3552 5018 notionis,

282 4885 358 4950 (p)
414 4882 503 4944 Α.,
569 4880 650 4946 8.,
721 4897 954 4936 sumam.
1062 4881 1135 4947 (q)
1191 4880 1294 4946 ⁷Λ.,
1353 4880 1577 5003 genam.

282 4953 591 5003 scalistron.
654 4952 742 5003 ΤΟ
807 4951 1261 5003 ΣΚΑΛΙΣΤΡΟΝ.
1324 4953 1342 5003 f
1397 4969 1464 5003 οι
1512 4952 1577 5003 Gt

281 4953 591 5006 scalistron.
654 4952 742 5004 ΤΟ
807 4951 1261 5004 ΣΚΑΛΙΣΤΡΟΝ.
1324 4953 1342 5021 (

282 5023 386 5076 nisi
413 5022 603 5076 cadent
638 5023 709 5077 sit
737 5037 860 5076 cum
896 5021 1282 5092 σκαξιιστήριον
1305 5019 1626 5088 ,sarculum
1667 5021 1755 5090 (‘).
1831 5020 1898 5092 (t)
1929 5029 1983 5092 et
2008 5027 2173 5092 ponet
2202 5019 2365 5092 etiam
2391 5033 2546 5092 arma
2597 5033 2882 5092 suasuper
2909 5034 3024 5092 eos.

1697 5093 1777 5160 (ω)
1810 5089 1900 5154 Α.,
1928 5087 2391 5160 8.,inllammaho
2415 5089 2619 5160 ignem.
2697 5087 2906 5160 (ωτι,
2927 5087 3014 5152 8.,
3048 5087 3288 5160 Εκγριί.

1025 5163 1102 5232 (a)
1137 5160 1224 5226 Α.,
1246 5158 1346 5232 “8.,
1375 5171 1429 5217 et
1450 5162 1690 5216 excutiet
1708 5158 1892 5232 'Nboglos
1925 5159 2168 5232 ASgypti,
2194 5158 2658 5232 quemadmodum
2696 5158 2990 5232 versantur
3018 5159 3158 5232 ‘boli.

281 5093 679 5160 captivitatem.
757 5093 836 5157 (κ)
872 5091 959 5157 Α.,
992 5089 1423 5161 Suet-captivos
1441 5093 1619 5146 ducet.

284 5162 370 5224 8.,
407 5169 461 5215 et
490 5163 736 5226 captivos
767 5162 950 5216 ducet.

281 5241 492 5286 statuas
520 5230 922 5286 Domus-Solis.
1013 5230 1092 5301 (c)
1120 5231 1208 5296 Α.,

281 5373 346 5423 ad
376 5374 509 5425 iram
542 5371 847 5441 provocatis
887 5387 992 5426 me.
1071 5371 1134 5441 (Ι)
1169 5371 1293 5427 Ubi.

1825 4669 1903 4752 (9)
1934 4667 2354 4752 ‘Quindixe‘runt
2407 4665 2656 4750 Ieremia;
2696 4685 2710 4721 ε

1120 5231 1208 5313 ᾼη
1253 5231 1334 5294 8.,
1375 5233 1588 5315 domos.
1667 5231 1745 5300 (ά)
1787 5230 1877 5295 Α.,
1911 5231 2150 5312 Domino
2196 5245 2380 5308 super.
2440 5231 2528 5351 Ae)

1124 5318 1176 5351 tn
1229 5303 1441 5351 nlatets.
1519 5301 1596 5351 flii
1660 5299 1748 5351 Α..
1783 5301 1868 5351 8..
1911 5317 1965 5351 tn
2009 5309 2260 5351 exutum.
2335 5300 2400 5351 (ti
2491 5339 2528 5351 ..

281 5302 728 5378 abominationis.
803 5300 882 5378 _(g)
914 5301 996 5365 8.,
1024 5299 1460 5378 ἐξῄει-μιξιειιθὶε.Δ
1518 5301 1596 5378 _(It)
1660 5299 1748 5365 A.,
1783 5301 1868 5364 8.,
1911 5301 1983 5378 in_
2009 5299 2280 5378 exitium:
2335 5300 2400 5378 (Ai)
2440 5299 2529 5363 Α.,
2567 5299 2649 5364 8.,
2687 5299 3036 5378 ad_delendut

1371 5372 1467 5442 (m)
1496 5367 1585 5437 Α.,
1618 5380 1672 5424 et
1719 5385 1827 5442 non
1876 5371 2232 5442 atubularunt
2266 5370 2318 5442 in
2348 5367 2652 5442 legemea,
2677 5379 2732 5423 et
2764 5369 2818 5422 in
2851 5368 3071 5424 statutis
3103 5367 3261 5423 meis.
3338 5367 3422 5439 (η)
3454 5368 3551 5430 Α.,

1968 4430 2132 4477 erunt
2178 4420 2254 4492 (p)
2286 4421 2341 4475 in
2370 4421 2703 4491 juramenta,
2752 4429 2807 4476 et
2856 4420 2910 4475 in
2954 4418 3340 4492 perditionem,
3389 4427 3446 4474 et
3491 4419 3546 4473 in

1971 4512 2429 4579 maledictionem,
2464 4520 2522 4568 et
2562 4512 2618 4568 in
2662 4511 3040 4586 opprobrium.
3084 4510 3170 4568 l5.
3213 4508 3281 4564 Et
3317 4508 3553 4565 visitabo

2785 4665 3043 4737 Supplica
3098 4681 3199 4737 pro
3277 4666 3452 4737 nobis
3485 4665 3555 4721 ad

1965 4735 2002 4807 ζ,
2059 4739 2146 4802 8.,
2180 4745 2235 4792 et
2261 4752 2478 4807 omnem
2497 4738 2758 4792 animam.
2834 4735 2908 4807 (Α)
2941 4735 3022 4802 8.,
3065 4735 3233 4807 apud
3264 4735 3554 4792 Godoliam

2014 4811 2092 4877 (η)
2133 4807 2221 4872 Α.,
2263 4806 2344 4872 8.,
2411 4807 2464 4861 in
2513 4822 2678 4863 manu
2726 4805 2852 4863 tua.
2890 4805 2990 4876 '(o)
3049 4805 3138 4873 8.,
3184 4809 3238 4862 in
3298 4807 3552 4863 occultis.

1971 4880 2191 4933 solium.
2290 4877 2378 4948 (ε)
2431 4877 2520 4941 Α.,
2582 4877 2667 4943 8.,
2751 4877 3068 4932 abscondidi
3088 4915 3111 4948 ν,
3177 4886 3232 4932 et
3305 4878 3558 4932 extendet

3102 5017 3180 5087 oo
3216 5010 3555 5088 Reﬁqnizin

3369 5086 3554 5156 (ιὶΑο.

3237 5160 3312 5228 (υ)
3339 5156 3427 5228 Au
3469 5156 3566 5228 ξομ

2579 5229 2671 5293 Α,,
2703 5237 2758 5283 et
2795 5229 2862 5283 ad
2902 5225 3301 5283 factitandum.
3363 5227 3431 5296 (f)
3464 5225 3554 5288 8..

2567 5299 2649 5364 8.,
2687 5300 2754 5354 ad
2787 5299 3098 5353 delendum.
3178 5297 3252 5368 (k)
3283 5296 3368 5368 8.,
3407 5296 3564 5366 quod

281 5441 364 5508 8.,
412 5439 626 5497 faciem.
703 5443 778 5512 (ο)
800 5444 890 5509 Α.,
917 5441 1039 5508 ΤΙι.,
1063 5439 1460 5499 censumentur
1491 5457 1705 5497 omnes.
1745 5441 1822 5511 (p)
1856 5455 1875 5495 ,λ

1975 5441 2028 5495 in
2053 5441 2260 5506 sterile,
2289 5440 2341 5493 in
2385 5439 2847 5494 ntaledictionem.

356 5558 374 5625 ί
391 5557 420 5626 ³)
458 5555 760 5631 Utrumque
795 5574 1020 5631 prorsus
1047 5559 1284 5615 alienum
1308 5568 1393 5617 est
1419 5575 1448 5614 a
1475 5568 1625 5615 textu
1654 5560 1872 5617 hebraic

1969 5559 2018 5614 ui
2039 5559 2424 5623 habent-ama,
2451 5557 2731 5631 tentorium
2749 5556 3104 5631 splendidum,
3124 5556 3343 5627 regium.
3366 5555 3568 5612 Potius

282 5630 653 5692 reponendum
687 5640 772 5686 est
795 5627 919 5686 eum
961 5630 1345 5701 Schleusuero,
1375 5634 1796 5705 σκεπαστήριον,
1826 5649 1875 5690 νε

1976 5631 2101 5702 ujus
2129 5644 2366 5701 syncope
2401 5627 2767 5700 σκέπαστρον.
2814 5627 3020 5684 Dtuuztt.
