4042 6194
443 193 586 246 2375
1609 189 1835 246 CODEX
1879 187 1959 242 SV
1968 187 2035 242 Β(

2134 186 2460 241 {EXAPLAR
2490 185 2547 238 S.
3554 185 3699 239 2376

447 322 612 377 super
637 307 951 366 habitantes
978 311 1112 378 )(iu
1138 320 1281 365 terra
1313 311 1336 380 ζ
1371 309 1775 381 Εεγριί.ςίοιιι
1796 309 2013 365 visitavi
2048 312 2092 367 A
2121 307 2188 362 ad
2213 307 2492 362 libandum
2525 304 2572 358 ei
2608 302 2863 358 libamina
2895 319 2910 355 :
2939 301 3016 372 (α)
3042 301 3407 372 permanando
3438 317 3698 372 perman-

449 415 614 469 supcr
641 397 961 466 Jeru~aleut,
988 402 1041 456 in
1063 403 1265 473 gladio,
1289 412 1343 457 et
1363 403 1418 457 iu
1447 401 1612 465 fame.
1643 412 1698 456 et
1726 402 1780 456 in
1805 410 2016 459 morte:
2123 399 2270 453 sistis
2308 398 2362 450 in
2397 393 2836 451 confessionibus
2869 393 3086 457 vestris,
3125 402 3177 447 et
3209 391 3458 448 faciendo
3487 393 3699 448 fecistis

453 490 541 546 ﬂ.
583 489 655 560 (ᾳ)
694 500 749 546 et
778 506 884 547 non
917 492 1216 548 salvabilur
1237 507 1306 547 ne
1341 491 1562 562 quidem
1601 493 1764 547 homo
1803 507 1869 547 ex
1903 491 2023 546 reli-
2121 499 2246 544 vota
2280 497 2481 543 vestra.
2532 485 2624 540 26.
2673 483 2898 554 Pr0pter
2936 483 3039 538 hoc
3070 484 3256 538 audite
3295 484 3519 538 verbum
3582 485 3695 539 Do-

451 580 594 649 quiis
620 579 794 646 Juilte,
817 582 911 652 qui
934 591 1343 638 commorantur
1363 585 1429 652 Χ
1452 582 1526 637 ibi
1559 584 1580 652 ζ
1611 583 1664 637 in
1693 591 1834 637 terra
1855 581 2023 653 Egy-
2124 580 2254 634 mini
2281 579 2461 633 omnis
2486 575 2696 642 Iudaea,
2729 575 2983 630 sedentes
3010 574 3064 629 in
3088 584 3234 630 terra
3268 573 3489 646 .‘Egypti
3519 594 3530 627 :
3556 575 3693 631 Ecce

452 672 555 741 pti,
584 669 652 725 ad
682 672 1038 738 redeundum,
1095 673 1148 728 in
1207 683 1404 730 terram
1459 673 1635 739 ludas,
1661 689 1824 744 super
1857 689 2019 743 quam
2118 667 2298 738 juravi
2344 667 2398 720 in
2449 665 2669 721 nomine
2712 677 2836 718 meo
2888 677 3107 732 magno,
3152 662 3283 717 dicit
3340 664 3697 719 Dominus-tr

454 763 554 832 ipsi
591 773 810 832 sperant
842 765 1128 821 animabus
1156 767 1272 820 suis
1315 765 1380 820 ad
1411 765 1813 830 revertendum,
1855 764 1923 818 ad
1954 766 2022 830 Χ
2127 761 2267 814 Deus
2301 761 2361 828 ζ,
2394 759 2439 812 si
2472 757 2576 822 erit
2604 755 2838 824 amplius
2868 769 3063 809 nomen
3091 769 3271 808 meum
3302 756 3694 822 )(iuvocatum

455 848 809 904 habitandum
838 853 860 920 ζ
887 852 994 906 ibi:
1020 867 1127 908 non
1156 861 1517 918 revertentur,
1545 854 1616 921 (r)
1644 854 1749 907 nisi
1779 853 1870 922 qui
1896 867 2026 907 eva-
2130 850 2228 919 :iu
2267 865 2362 905 ore
2384 847 2567 902 omnis
2588 849 2658 916 χ
2698 845 2798 900 viri
2833 846 2857 914 ζ
2895 842 3051 898 Judze
3078 844 3146 898 ad
3180 844 3467 900 dicendum
3497 863 3511 899 :
3551 844 3700 900 Vivit

454 939 646 994 serint.
676 940 760 996 15.
793 943 857 996 Ει
879 945 1278 1013 responderunt
1302 943 1551 999 Jeremize
1572 958 1763 999 omnes
1783 942 1904 1007 viri,
1929 943 2023 1012 qui
2127 940 2390 996 Dominus
2428 938 2692 993 Dominus
2717 936 2769 991 in
2799 935 2948 990 omni
2985 944 3130 990 terra
3159 934 3401 1005 Algypti.
3430 935 3521 989 27.
3546 934 3699 1001 Quo-

455 1039 747 1094 noverunl,
779 1032 922 1101 quod
956 1033 1234 1089 adolerent
1257 1034 1511 1090 mulieres
1539 1048 1730 1088 eorum
1756 1034 1862 1090 diis
1879 1034 2022 1098 aliis,
2126 1032 2271 1086 niam
2311 1045 2438 1086 ecce
2471 1044 2574 1099 ego
2604 1025 2822 1096 vigilavi
2861 1039 3027 1094 super
3053 1039 3170 1089 eos,
3201 1025 3271 1080 ad
3312 1025 3452 1081 male
3493 1025 3702 1080 facien-

453 1128 509 1175 et
540 1135 731 1175 oumes
763 1122 1017 1178 mulieres
1055 1126 1122 1191 χ(
1157 1132 1366 1179 stantes
1399 1125 1457 1195 ζ,
1483 1133 1660 1179 cretus
1688 1138 1940 1193 magnus,
1970 1131 2027 1176 et
2125 1121 2253 1177 dum
2279 1121 2379 1185 eis,
2400 1127 2455 1173 et
2480 1133 2586 1172 non
2611 1116 2678 1172 ad
2703 1117 2838 1170 bene
2861 1113 3167 1170 faciendum
3195 1125 3286 1170 :et
3305 1126 3701 1171 consumeutur

455 1211 635 1267 omnis
661 1212 892 1281 pupulus
919 1213 1173 1270 sedentes
1194 1214 1248 1269 in
1275 1223 1418 1270 terra
1441 1213 1659 1284 Egypti
1692 1213 1744 1266 in
1771 1213 2024 1276 Patbros,
2126 1214 2306 1270 omnis
2346 1215 2413 1280 Χ
2443 1211 2526 1265 vir
2556 1208 2710 1264 Judaa
2743 1209 2805 1278 ζ.
2831 1207 2924 1277 qui
2951 1220 3012 1262 οι-
3044 1206 3351 1262 habitantes
3391 1208 3414 1276 ζ
3441 1207 3494 1260 in
3549 1215 3698 1262 terra

457 1303 743 1360 dicentes:
782 1304 848 1359 l6
883 1304 1138 1371 Verbum,
1174 1307 1319 1376 quod
1361 1309 1573 1362 locutus
1598 1320 1660 1362 es
1688 1305 1755 1360 ad
1795 1321 1895 1361 nos
1926 1321 2027 1360 no-
2129 1301 2369 1374 Egypti,
2410 1300 2464 1354 in
2502 1297 2704 1368 gladio,
2743 1304 2799 1350 et
2850 1293 2904 1348 in
2952 1292 3116 1358 fame,
3158 1293 3334 1348 donec
3374 1292 3697 1349 defecerint.

457 1397 603 1450 mine.
634 1395 870 1462 Domini,
923 1413 1031 1454 non
1063 1399 1351 1455 audiemus
1387 1408 1470 1465 te;
1515 1399 1604 1454 t7.
1638 1399 1899 1468 quoniam
1947 1396 2028 1452 fa-
2125 1395 2216 1450 28.
2250 1391 2314 1447 Et
2341 1391 2434 1461 qui
2467 1387 2743 1443 evaserint
2768 1400 2798 1438 a
2832 1385 3033 1456 gladio,
3074 1393 3412 1438 revertentur
3444 1400 3510 1439 ex
3553 1395 3699 1438 terra

458 1488 652 1543 cieudo
683 1487 947 1544 faciemus
974 1505 1139 1546 omne
1173 1490 1424 1554 verbum,
1455 1489 1599 1559 quod
1636 1488 1804 1544 exibit
1834 1503 1898 1543 es
1932 1501 2029 1542 ore
2128 1483 2364 1554 Egypti.
2394 1481 2446 1534 in
2470 1492 2668 1535 terram
2697 1475 2869 1539 δαείω,
2893 1477 2960 1542 >κ
2985 1474 3085 1528 Viri
3119 1475 3143 1544 ζ
3176 1475 3332 1543 PNICi
3364 1489 3616 1539 numero.
3645 1485 3704 1527 ει

460 1592 671 1647 nostro,
710 1583 776 1639 ad
807 1585 1134 1640 adoleudum
1163 1585 1360 1655 regium
1387 1584 1536 1649 cteli,
1560 1592 1614 1638 et
1646 1582 1712 1637 ad
1748 1581 2025 1637 libandum
2061 1639 2099 1655 ﬂ
2128 1580 2458 1643 cognoscent
2486 1584 2677 1624 omnes
2713 1565 2916 1622 residui
2941 1563 3194 1655 Jud:e(b)
3219 1565 3314 1634 qui
3342 1579 3698 1620 commoran-

458 1675 506 1727 ei
548 1639 828 1742 libamina,
861 1639 1270 1746 quodfecisz
1293 1691 1416 1739 nos.
1434 1639 1498 1730 et
1522 1639 1709 1746 patres
1734 1674 1930 1738 nostri,
1972 1683 2026 1728 et
2061 1639 2100 1693 Β
2129 1639 2223 1718 ῑιηἶ
2249 1663 2301 1717 in
2328 1671 2470 1718 leﬂ'a
2495 1657 2733 1731 Ᾰεωνιίν
2766 1657 2833 1711 θα
2866 1654 3220 1710 Ιιειδίῑδυάωη
3244 1655 3338 1719 ibi.
3372 1657 3438 1720 Χ
3470 1656 3701 1708 verbum

461 1779 615 1833 reges
657 1765 848 1830 nostri,
881 1773 935 1822 et
957 1766 1231 1837 principes
1269 1766 1460 1832 nostri,
1511 1767 1565 1820 in
1597 1765 1826 1820 urbibus
1853 1763 2025 1832 Judae,
2127 1755 2284 1824 cuius
2323 1751 2685 1823 Ρεηηθηευίιν
2726 1764 2754 1802 ³
2792 1762 2902 1837 ξιιθν
2928 1746 3127 1837 ilqu
3155 1746 3236 1837 eis
3267 1747 3442 1837 339-
3474 1746 3554 1837 ΑΕι
3596 1747 3704 1801 hoc

459 1856 530 1926 (δ)
559 1865 614 1911 et
643 1866 792 1912 extra
817 1834 1116 1912 Jerusalem
1136 1834 1165 1910 ἐ
1207 1865 1262 1912 et
1287 1857 1513 1914 suntrati
1553 1870 1744 1910 sumus
1773 1855 2024 1924 panibus,

2134 1841 2285 1897 vobis
2341 1841 2580 1909 signum,
2618 1837 2751 1892 dicit
2790 1835 3072 1898 Dominus,
3105 1835 3232 1905 quia
3303 1834 3541 1889 visitabo
3599 1851 3703 1903 ego

458 1957 514 2000 et
548 1945 676 2002 facti
711 1962 900 2002 sumus
944 1947 1094 2013 boni,
1138 1956 1195 2002 et
1234 1947 1375 2002 mala
1414 1960 1521 2002 non
1552 1947 1810 2001 vidimus.
1843 1945 1929 2000 18.
1964 1944 2030 2000 Et

459 2052 582 2093 cum
615 2036 951 2092 cessavimus
980 2035 1261 2092 adolentes
1284 2036 1482 2108 regina:
1501 2036 1646 2101 cceli,
1680 2037 1750 2104 χ
1777 2045 1831 2091 et
1863 2035 2030 2090 libare

459 2128 508 2181 ei
540 2127 801 2181 libamina
837 2127 899 2196 ζ,
943 2125 1216 2181 imminuti
1258 2143 1450 2183 smnus
1483 2141 1696 2189 omnes.
1742 2137 1796 2182 et
1830 2127 1886 2181 in
1916 2127 2031 2196 gla-

459 2215 574 2279 dio,
607 2225 660 2270 et
688 2217 741 2270 in
771 2217 911 2270 fante
951 2215 1273 2273 defecimus.
1312 2216 1395 2271 l9.
1428 2216 1494 2270 Et
1528 2217 1672 2287 quod
1710 2232 1811 2272 nos
1840 2217 2030 2271 adole-

462 2321 586 2360 mus
619 2306 818 2376 reginae
847 2308 991 2375 coeli,
1021 2319 1074 2364 ct
1094 2309 1326 2365 libamus
1350 2309 1399 2364 ei
1435 2310 1715 2375 libamina,
1751 2326 1878 2364 num
1912 2311 2031 2365 sine

461 2398 592 2454 viris
609 2400 810 2456 nostris
825 2399 1056 2458 fecimus
1068 2401 1116 2455 ei
1136 2402 1430 2471 placentas,
1455 2406 1522 2471 χ(
1547 2403 1610 2472 (t)
1630 2411 1683 2456 ct
1698 2403 1866 2458 sobba
1893 2404 1958 2474 (')
1981 2404 2028 2472 ζ,

459 2498 515 2544 et
543 2489 833 2546 Iibavimus
852 2491 900 2545 ei
937 2492 1234 2547 libamina?
1261 2493 1350 2548 ΞΟ.
1378 2493 1442 2548 Et
1467 2494 1601 2549 dixit
1624 2493 1857 2549 Ieremia
1883 2496 2030 2549 omni

463 2581 683 2650 populo,
715 2582 793 2652 (υ)
825 2585 1154 2652 potentibus,
1191 2593 1249 2660 et
1279 2584 1620 2651 mulieribus,
1656 2597 1710 2640 et
1743 2587 1892 2640 omni
1936 2601 2035 2656 po-

464 2673 614 2742 pulo,
649 2674 744 2743 qui
771 2675 1171 2744 responderunt
1195 2676 1245 2730 ei
1277 2677 1462 2741 verba,
1489 2678 1678 2733 dicens
1710 2697 1722 2732 :
1753 2677 1815 2732 2|
1844 2676 2035 2734 Nonne

2129 1949 2291 2003 super
2319 1947 2416 1987 vos
2444 1934 2512 2000 Χ
2552 1931 2604 1984 in
2634 1930 2754 1984 loco
2787 1928 2890 1984 hoc
2914 1925 3008 1998 (c),
3045 1935 3104 1981 ut
3139 1925 3348 1992 sciatis,
3386 1925 3529 1995 quod
3568 1939 3704 1978 con-

2130 2025 2372 2082 sisteudo
2403 2022 2705 2078 consistant
2741 2019 2902 2075 verba
2937 2032 3054 2073 mea
3082 2032 3246 2086 super
3271 2031 3368 2072 vos
3405 2018 3428 2086 ζ
3459 2019 3510 2070 in
3534 2021 3700 2073 mala.

2129 2119 2218 2174 50.
2245 2117 2334 2172 Sic
2357 2116 2494 2170 dixit
2519 2114 2780 2169 Dominus
2813 2130 2827 2168 :
2855 2110 2992 2166 Ecce
3019 2125 3120 2179 ego
3141 2110 3210 2164 do
3256 2109 3596 2167 Pharaonem
3620 2114 3702 2182 (ά)

2129 2210 2368 2280 Opltram
2411 2222 2588 2275 regem
2621 2204 2840 2276 {Egypti
2891 2205 2943 2259 iu
2981 2219 3178 2257 manus
3222 2203 3429 2258 inimici
3460 2204 3602 2274 ejus,
3645 2214 3705 2259 et

2133 2300 2186 2353 in
2233 2312 2429 2351 manus
2465 2295 2822 2365 quazreutium
2847 2294 3086 2348 animam
3112 2292 3258 2362 ejus,
3287 2293 3432 2348 sicut
3451 2293 3574 2348 dedi
3600 2296 3703 2350 Se-

2130 2390 2339 2444 deciam
2377 2402 2556 2457 regem
2589 2384 2742 2439 Iuda:
2780 2386 2832 2439 in
2884 2401 3105 2440 manum
3146 2385 3704 2442 Nabucltodonosoris

2133 2485 2279 2555 regis
2308 2481 2594 2553 Babylonis
2632 2479 2836 2534 iuimiri
2873 2479 3013 2550 ejus,
3039 2488 3094 2534 et
3126 2481 3420 2550 quaerentis
3460 2479 3702 2534 animam

2133 2594 2274 2648 ejus.

2200 2668 2333 2738 Cap.
2361 2664 2521 2722 XLV.
2554 2695 2621 2704 —
2649 2665 2700 2719 1.
2740 2663 2996 2729 Verbum,
3028 2662 3171 2734 quod
3207 2664 3422 2719 locutus
3444 2674 3528 2719 est
3555 2662 3702 2720 Jure-

462 2775 790 2828 aromatum,
810 2781 930 2835 quae
943 2765 1257 2824 adolevistis
1276 2767 1332 2824 iu
1351 2769 1579 2826 urbibus
1600 2769 1773 2836 Judaa,
1798 2781 1852 2826 ct
1879 2783 2033 2827 extra

2135 2761 2240 2813 mia
2275 2759 2534 2828 propheta
2563 2757 2629 2811 ad
2663 2756 2873 2810 Daruch
2907 2755 3075 2808 filium
3097 2753 3291 2818 Neria,
3314 2755 3534 2825 quando
3571 2758 3705 2811 serio

460 2851 787 2921 Jerusalem,
824 2871 942 2922 vos,
973 2867 1024 2913 et
1061 2868 1244 2928 patres
1281 2859 1466 2924 vestri,
1497 2869 1552 2915 et
1587 2877 1740 2932 reges
1768 2863 1955 2928 vestri,
1977 2872 2035 2918 et
2133 2849 2239 2918 Ρείῑ
2273 2849 2434 2903 verba
2469 2847 2583 2902 ham
2611 2845 2662 2900 ίη
2695 2846 2834 2900 ιη)το
2864 2860 2930 2900 ει
2969 2861 3065 2901 οτθ
3092 2844 3339 2900 Ieremia?
3370 2847 3438 2916 (ε)
3471 2847 3704 2921 “Hnno

463 2946 739 3017 principes
775 2949 963 3015 vestri,
996 2958 1050 3005 et
1095 2951 1325 3021 populus
1357 2960 1532 3018 terrae,
1573 2954 1642 3022 Χ
1669 2968 1854 3008 eorum
1887 2955 1911 3025 ζ
1947 2970 2033 3009 ι-θο

2134 2952 2330 3011 quarto
2357 2939 2564 2994 Joacim
2598 2940 2690 2994 filii
2720 2938 2884 2994 Josiaa
2924 2938 3066 3008 regis
3100 2935 3276 3001 Judze,
3312 2941 3377 3005 3s:
3407 2938 3649 3007 dicens:
3685 2955 3702 2992 :

466 3036 724 3094 cordatus
755 3047 839 3094 est
879 3036 1166 3105 Dominus,
1197 3049 1253 3095 et
1279 3041 1522 3096 ascendit
1551 3057 1718 3112 super
1758 3057 1853 3097 cor
1875 3043 2034 3112 ejus?

467 3131 546 3198 (at)
577 3128 643 3184 Et
684 3145 795 3186 non
831 3131 1008 3200 potuit
1039 3129 1303 3187 Dominus
1345 3131 1582 3201 amplius
1617 3131 1758 3187 ferre
1804 3132 1872 3186 ah
1909 3143 2036 3188 ante

468 3221 664 3278 faciem
714 3222 934 3278 malitia
971 3221 1048 3295 (ν)
1084 3238 1309 3293 operum
1336 3234 1665 3290 vestrorum,
1703 3233 1759 3280 et
1790 3226 1858 3280 ab
1897 3227 2034 3281 abo-

467 3314 879 3380 minationibus,
905 3329 1042 3385 quas
1067 3313 1272 3369 fecistis
1297 3332 1310 3366 .
1339 3323 1393 3368 et
1412 3312 1554 3370 facta
1574 3324 1658 3369 est
1689 3324 1832 3371 terra
1856 3326 2036 3373 vestra

468 3406 522 3460 in
553 3407 937 3472 vastationem,
971 3413 1026 3460 et
1058 3404 1111 3460 in
1149 3419 1259 3460 non
1293 3405 1505 3468 tritum,
1530 3413 1586 3459 et
1614 3405 1668 3459 in
1701 3407 2037 3463 maledictio-

468 3512 615 3560 ucm,
649 3502 716 3566 Χ
737 3511 804 3552 eo
837 3497 983 3567 quod
1008 3511 1115 3552 non
1143 3496 1215 3552 sit
1248 3497 1499 3551 habitans
1529 3496 1584 3567 ζ,
1619 3497 1762 3552 sicut
1789 3497 1876 3552 die
1909 3498 2036 3566 hoc,

466 3589 558 3644 25.
577 3589 646 3644 ab
667 3598 792 3645 ante
815 3589 1005 3644 faciem
1028 3604 1240 3663 eorum,
1263 3603 1385 3660 quae
1399 3587 1732 3655 adolevistis,
1748 3598 1799 3642 et
1823 3605 2035 3655 eorum,

468 3697 590 3750 qua:
612 3681 879 3750 peccastis
905 3681 1149 3735 Domino.
1181 3679 1246 3734 Et
1267 3694 1374 3734 non
1395 3678 1683 3734 audivistis
1713 3695 1898 3733 vocem
1935 3680 2038 3732 Do-

469 3770 625 3825 mini.
649 3780 703 3823 et
723 3769 775 3822 in
803 3770 919 3837 lege
949 3768 1090 3836 ejus,
1112 3769 1235 3822 etin
1262 3768 1542 3838 praeceptis
1571 3768 1689 3836 ejus
1722 3770 1850 3821 etin
1884 3769 2040 3822 testi-

471 3855 671 3910 moniis
687 3851 809 3923 ejus
830 3869 942 3909 non
969 3852 1293 3908 ambulastis
1319 3863 1401 3907 :et
1422 3864 1636 3922 propter
1666 3853 1768 3906 hoc
1789 3864 2034 3907 assecuta

467 3954 711 4002 suntvos
730 3944 872 3998 mala
890 3945 1023 4010 hate,
1045 3947 1111 4013 χ
1129 3943 1271 3998 sicut
1287 3944 1372 3997 die
1393 3945 1493 3998 hoc
1513 3945 1558 4013 ζ.
1581 3943 1648 3999 24
1668 3941 1729 3997 Ει
1745 3941 2039 3999 dixitJere-

469 4037 578 4109 mia
608 4036 757 4091 omni
795 4037 1013 4106 populo,
1033 4039 1100 4104 ξς(
1134 4045 1190 4090 et
1213 4034 1509 4105 omnibus:
1550 4035 1898 4090 mulieribus:
1921 4039 2037 4090 Au-

466 4125 580 4181 dite
604 4123 826 4179 verbum
845 4122 1077 4189 Domini,
1103 4127 1168 4192 x
1189 4125 1366 4178 omnis
1382 4121 1586 4189 ludam,
1602 4126 1692 4196 qui
1713 4125 1925 4182 interra
1942 4125 2038 4180 1E-

467 4219 615 4288 gypti
638 4217 684 4287 ζ.
710 4217 802 4271 Ξ5.
836 4214 926 4271 Sic
947 4214 1080 4271 dixit
1106 4215 1369 4272 Dominus
1388 4217 1649 4272 virtutum
1680 4217 1822 4275 Deus
1861 4219 2039 4275 Israe-

2131 3035 2188 3088 2.
2212 3033 2304 3090 Sic
2326 3032 2463 3088 dixit
2491 3031 2753 3087 Dominus
2775 3031 2918 3086 Deus
2940 3030 3150 3084 lsraelis
3173 3045 3334 3098 super
3358 3039 3428 3092 te,
3450 3028 3700 3085 Baruch:

2133 3125 2187 3180 3.
2221 3123 2412 3179 Dixisti
2467 3143 2480 3178 :
2530 3121 2622 3178 Vae
2670 3123 2826 3188 tuibi,
2887 3135 2967 3176 vae
3006 3120 3179 3188 mihi;
3235 3120 3365 3190 quia
3417 3119 3702 3184 addidisti,

2135 3213 2380 3280 Domine,
2415 3215 2479 3285 (0
2504 3214 2742 3269 laborem
2787 3228 2952 3284 super
2995 3213 3237 3267 dolorem
3276 3226 3459 3266 meum
3512 3230 3526 3266 :
3570 3209 3705 3266 dor-

2137 3307 2265 3362 mivi
2324 3306 2375 3361 in
2421 3305 2693 3376 suSpii-iis,
2750 3313 2804 3360 et
2852 3305 3094 3374 requiem
3138 3319 3246 3358 non
3277 3304 3481 3360 inveni.
3528 3305 3581 3358 ι.
3607 3304 3704 3359 Sic

2135 3400 2224 3454 dic
2270 3397 2321 3454 ei
2371 3415 2388 3453 :
2441 3396 2534 3453 Sic
2580 3397 2718 3450 dixit
2761 3394 3022 3451 Dominus
3065 3413 3079 3450 :
3128 3395 3267 3450 Ecce
3313 3396 3388 3468 (g)
3425 3395 3538 3449 haec
3578 3410 3705 3464 qua:

2135 3488 2418 3552 aedificavi,
2469 3501 2570 3556 ego
2597 3485 2898 3550 destruam,
2945 3493 3000 3540 et
3031 3485 3108 3552 (Ιι)
3137 3486 3251 3540 luec
3280 3499 3401 3554 quae
3436 3483 3702 3554 plantavi,

2136 3595 2237 3651 ego
2267 3579 2516 3642 evellam,
2548 3579 2616 3646 Χ
2636 3584 2690 3631 et
2721 3590 2938 3630 omnem
2972 3586 3171 3630 terram
3203 3575 3396 3644 illam:
3435 3592 3449 3630 :
3484 3573 3537 3628 5.
3564 3583 3619 3628 et
3643 3585 3702 3628 tu

2136 3685 2348 3741 quarcs
2383 3669 2479 3723 tibi
2511 3667 2747 3738 magna?
2784 3681 2852 3722 ne
2889 3682 3136 3737 quzeras;
3174 3665 3302 3736 quia
3339 3679 3466 3720 ecce
3492 3680 3595 3736 ego
3619 3667 3708 3719 in-

2137 3761 2278 3816 duco
2310 3760 2448 3814 mala
2497 3774 2656 3829 super
2693 3772 2910 3811 omnem
2945 3772 3185 3821 carnem,
3211 3756 3346 3810 dicit
3381 3754 3650 3810 Dominus
3687 3773 3705 3811 :

2138 3860 2192 3907 et
2224 3851 2364 3906 dabo
2416 3853 2484 3919 X
2520 3851 2667 3918 tibi:
2725 3850 2962 3903 animam
3011 3859 3160 3902 tuam
3210 3849 3273 3920 (ἱ)
3315 3850 3595 3904 inventum
3647 3849 3706 3904 in

2138 3943 2287 3998 omni
2319 3943 2459 4008 loco,
2490 3958 2837 4013 quocumque
2868 3942 3030 3995 iveris
3059 3941 3154 3994 ibi.

2209 4034 2342 4104 Cap.
2369 4032 2554 4088 XLVI.
2581 4063 2650 4074 —
2676 4035 2726 4088 1.
2758 4033 3011 4096 Verbum,
3043 4032 3184 4102 quod
3213 4031 3412 4086 factum
3438 4039 3521 4086 est
3543 4047 3572 4085 a
3599 4029 3707 4084 Do-

2140 4126 2290 4181 tnino
2321 4125 2388 4179 ad
2419 4123 2708 4179 Jeremiam
2742 4127 2808 4192 Ἀ(
2830 4126 3145 4194 prapltetam
3171 4125 3193 4193 ζ
3231 4124 3300 4194 (k)
3325 4139 3490 4192 super
3513 4137 3710 4176 omnes

2141 4228 2349 4287 gentes.
2381 4217 2434 4270 2.
2463 4215 2694 4287 Egypto
2723 4231 2886 4284 super
2914 4225 3232 4284 potestatem
3265 4212 3567 4268 Pharaonis
3599 4210 3709 4266 Ne-

467 4308 850 4377 lis,){diccns
875 4308 930 4378 ξε
956 4305 1087 4373 Vos,
1108 4314 1162 4360 et
1184 4305 1438 4362 mulieres
1464 4316 1655 4362 vestrae
1677 4307 1872 4363 locuta:
1903 4309 2038 4364 estis
2070 4291 2113 4347 θ
2142 4312 2284 4368 chao
2331 4310 2474 4379 regis
2505 4307 2745 4379 Egypti,
2782 4307 2844 4373 (ι)
2867 4307 2958 4376 qui
2991 4315 3112 4361 erat
3147 4322 3313 4376 super
3340 4305 3567 4360 ﬂuvium
3598 4301 3711 4358 Eu-

469 4401 526 4454 iu
566 4415 661 4454 ore
686 4410 886 4464 vestro,
922 4407 976 4452 et
1005 4398 1057 4451 in
1091 4397 1342 4452 manibus
1376 4397 1569 4452 vestris
1595 4398 1935 4469 implevistis,
1959 4400 2044 4454 di-

475 4501 660 4548 centes
685 4508 698 4546 :
724 4489 992 4546 Facieudo
1016 4487 1278 4544 faciemus
1303 4489 1376 4559 (ι)
1404 4489 1778 4547 confessiones
1800 4499 2040 4558 nostras,

2139 4406 2386 4474 phratem
2425 4403 2477 4453 in
2503 4400 2907 4464 Clmrchemus,
2941 4414 3105 4469 quem
3129 4394 3714 4468 percussitNabucbo-

2139 4494 2382 4548 donosor
2427 4507 2518 4546 rex
2548 4489 2837 4560 Babylonis
2881 4491 2935 4544 in
2983 4504 3125 4544 anno
3149 4498 3346 4559 quarto
3366 4487 3575 4542 Joacim
3611 4486 3712 4542 ﬁlii

467 4597 606 4652 quas
647 4580 916 4638 confessae
949 4595 1162 4644 sumus,
1194 4579 1262 4634 ad
1309 4579 1636 4635 adolendqu
1671 4582 1781 4651 regi
1813 4582 1955 4649 caeli,
1990 4595 2045 4638 et
2140 4581 2304 4638 Josize
2354 4582 2497 4652 regis
2539 4579 2711 4634 Judze.
2748 4581 2801 4635 ὅ.
2838 4581 2934 4650 (m)
2965 4581 3156 4635 Tollite
3186 4594 3362 4644 arma,
3407 4588 3460 4633 et
3501 4586 3655 4632 scuta
3694 4593 3709 4629 :

544 4736 614 4806 ((7)
651 4734 743 4797 Α..
788 4743 856 4806 et,
897 4750 1004 4806 non
1031 4737 1133 4789 erit
1155 4733 1358 4806 salvus:
1389 4744 1439 4789 et
1469 4735 1721 4806 residuus
1757 4737 1808 4790 in
1847 4737 2085 4806 reliquiis
2116 4734 2286 4793 Iudae.
2321 4737 2411 4806 qui
2446 4735 2686 4799 veniunt,
2715 4746 2768 4789 ut
2795 4735 2905 4790 sint
2924 4733 3318 4806 peregriniibi.

471 4802 861 4874 boiuittes._qui
893 4803 1167 4874 fugerunt.
1195 4802 1289 4874 _(s)
1322 4803 1403 4874 8.,
1429 4817 1480 4857 et
1510 4805 1562 4858 iu
1606 4806 1816 4874 plateis.
1861 4805 1922 4860 Et
1948 4802 2201 4861 mulieres
2233 4802 2504 4860 dixerunt.

3417 4735 3461 4804 r)
3493 4729 3574 4796 8.,
3606 4732 3715 4786 nisi

2580 4807 2642 4873 (t)
2675 4808 2764 4869 Λ.,
2791 4806 2842 4858 iu
2869 4807 3008 4858 mula
3041 4803 3348 4859 affectione.
3378 4803 3462 4867 S.,
3499 4804 3716 4873 sculpto

469 4876 609 4946 ejus.
642 4874 704 4944 (‘)
731 4870 1000 4929 GincoGGh
1025 4873 1168 4943 apud
1192 4870 1406 4940 Montf.,
1424 4891 1524 4928 vox
1557 4870 1753 4945 ignota:
1789 4879 1919 4932 mihi
1947 4875 2203 4932 notio'uis.
2241 4874 2438 4947 [Σάϐϐα
2457 4870 2910 4947 ὁθεύιιίριυιηβει
2929 4888 2959 4928 e
2984 4875 3232 4930 versione
3258 4873 3569 4944 Symmachi
3595 4871 3715 4939 qui,

471 4939 532 5013 u't
556 4939 663 5010 non
687 4939 834 5024 raro,
851 4952 1025 5024 ipsam
1051 4939 1399 5024 transcripsit
1419 4939 1608 5024 graecis
1637 4954 1918 5024 elementis
1944 4971 2133 5010 vocem
2159 4939 2364 5011 Hebraei
2390 4965 2588 5019 textus,
2611 4939 2836 5018 :1th
2853 4953 3082 5023 (absque
3111 4939 3362 5024 mappiq),
3384 4951 3716 5024 proprie,“

469 5021 998 5094 idololatrondurn.A
1021 5023 1237 5094 nomine
1259 5021 1461 5094 ﬁrm,
1492 5023 1658 5078 idola.
1684 5021 1808 5078 Haec
1832 5025 1904 5079 ita
1940 5037 2324 5094 nuncupantur
2350 5027 2404 5080 in
2433 5027 2702 5094 scriptura
2735 5042 2764 5079 a
2796 5021 3014 5078 nomine
3035 5033 3168 5086 ΞΠ.
3201 5021 3717 5094 dolor,"lnbor,sive

470 5097 614 5166 quod
647 5092 1057 5166 doloriﬁcasint
1085 5092 1395 5166 cultoribus
1410 5094 1555 5166 suis,
1574 5095 1708 5156 sive,
1736 5094 1889 5166 juxta
1923 5091 2240 5159 nonnullos,
2265 5097 2409 5165 quod
2435 5091 2561 5166 cum
2606 5111 2735 5166 cu_ra
2769 5095 2871 5147 sint
2909 5094 3202 5166 elaborata.
3230 5091 3296 5146 Et
3323 5096 3403 5148 sic
3443 5091 3716 5166 intelliges

470 5162 736 5220 rationem
776 5163 984 5232 Aquilae
1005 5172 1060 5216 et
1089 5162 1400 5232 Symmachi
1437 5163 1732 5218 lectionum
1767 5165 1854 5218 hic
1873 5166 2185 5220 allaturum.
2231 5162 2435 5220 Dinon.

471 5236 549 5304 (π)
573 5234 656 5296 8.,
687 5231 864 5305 etnon
897 5246 958 5287 se
978 5231 1407 5305 accommodavit
1439 5232 1671 5305 amplius
1690 5235 1756 5286 ad
1783 5235 2183 5289 remittendum.
2261 5238 2334 5305 ly)
2368 5231 2610 5304 Reliquit
2649 5231 3002 5305 _stud_iorum.
3080 5235 3163 5305 (ιλ
3191 5235 3280 5297 A.,
3300 5231 3389 5305 8.,

470 5316 574 5368 tra,
598 5319 719 5374 qua:
748 5303 1018 5374 vnvimus.

2538 5166 2614 5233 (υ)
2647 5161 2730 5228 S.,
2756 5179 2921 5232 super
2947 5163 3113 5227 viros,
3144 5172 3200 5217 et
3228 5177 3391 5233 super
3425 5161 3709 5216 mulieres.

3425 5241 3547 5284 νοω
3583 5245 3716 5283 nos-

1093 5302 1171 5371 (a)
1198 5301 1289 5374 A.,
1317 5303 1699 5374 constituendo
1729 5305 2035 5358 rounstituist

2189 5305 2263 5373 (ὁ)
2284 5301 2398 5374 ’.4η
2418 5301 2512 5374 qui
2543 5303 2764 5374 veniunt
2794 5303 2847 5356 in
2872 5311 3070 5356 terram
3100 5302 3339 5374 Aigypti,
3365 5302 3431 5374 ad
3459 5315 3712 5374 commo-

474 5370 700 5428 randum
739 5373 835 5428 ibi.
911 5371 983 5441 (ε)
1026 5372 1081 5425 In
1107 5370 1285 5428 mala.
1361 5372 1436 5441 (rt)
1471 5371 1643 5443 Super
1667 5370 1926 5443 Opln-am.
1951 5375 2035 5426 ΟΥ

2134 5370 2254 5436 PH,
2283 5370 2510 5442 Uaplire.
2586 5376 2653 5439 (ei
2686 5371 2741 5425 In
2777 5381 2974 5440 quarto
3014 5387 3163 5443 anno
3180 5370 3430 5426 lloacitui.
3507 5370 3575 5438 if)
3612 5371 3708 5432 A.,

473 5445 746 5498 miseriam
787 5456 950 5512 super
981 5443 1222 5497 dolorem
1265 5457 1468 5497 meum.
1545 5441 1618 5512 (g)
1645 5441 1734 5507 A.,
1765 5443 1880 5498 hos.
1958 5446 2034 5510 (It)

2140 5482 2155 5506 ,
2186 5447 2303 5499 llos.

472 5525 570 5592 tes.
597 5513 830 5581 Aigypto
869 5510 1081 5592 Necliao
1107 5528 1197 5567 rex
1229 5528 1370 5567 anno
1396 5510 1592 5582 quarto
1621 5512 1870 5568 Joacimi.

467 5596 518 5638 ιιι
548 5601 598 5637 ill
634 5594 809 5638 SCUlO.

2383 5447 2445 5512 (ἱ)
2477 5444 2564 5506 Α.,
2584 5444 2652 5512 in
2683 5443 2940 5512 praedam.
3017 5441 3089 5511 (k)
3112 5511 3115 5512 ν
3135 5442 3309 5510 Super
3346 5456 3549 5512 omnes
3574 5454 3713 5506 gen-

1954 5508 2015 5584 (l)
2045 5514 2128 5578 8.,
2153 5515 2244 5584 qui
2280 5508 2491 5570 vicinus
2519 5509 2639 5568 fuit.
2683 5508 2810 5582 '(ut)
2869 5510 2958 5576 A.,
3003 5508 3257 5567 et'dinate
3285 5527 3378 5566 vos
3414 5511 3468 5564 in
3501 5508 3712 5581 clypeo,
