4042 6194
399 169 536 226 2⁸581

1620 161 1940 221 JEBEMUE
1979 160 2210 218 CAPUT
2228 152 2230 154 ⁷
2249 161 2437 217 XLIX.

3509 161 3654 220 233i

398 282 478 354 (η)
528 289 582 336 et
640 294 806 349 super
847 277 1274 333 vindemiatores
1319 286 1442 331 tuos
1473 275 1710 346 perditio
1741 276 1960 331 cecidit.
1993 279 2040 334 Δ
2134 272 2267 343 Cap.
2305 271 2654 328 XLIX.—l.
2696 273 2849 329 Filiis
2898 273 3134 329 Ammon
3165 274 3245 329 sic
3281 273 3418 328 dixit
3461 273 3650 329 Domi-

397 374 488 429 33.
535 371 782 438 Proiecta
812 380 896 425 est
937 370 1124 424 laetitia
1153 379 1207 424 et
1241 369 1500 439 gaudium
1529 383 1594 423 ex
1625 367 1865 433 Carmel,
1913 379 1970 425 et

398 482 464 522 ex
492 464 784 519 Moabitide
822 479 837 516 :
871 460 944 531 (ο)
967 469 1020 516 et
1052 459 1241 513 vinum
1269 468 1388 512 erat
1409 473 1572 528 super
1597 459 1972 514 torcularibus

401 556 510 608 tuis
555 572 569 608 :
627 565 788 606 mane
831 549 908 619 (p)
941 563 1048 602 non
1078 547 1385 612 calcarunt,
1423 555 1479 602 et
1513 547 1567 601 iu
1601 563 1828 617 vespera
1877 557 1968 604 tua

401 657 508 696 non
562 641 826 696 fecerunt.
884 637 974 692 δι.
1023 639 1091 704 χ(
1119 634 1293 692 Urbes
1322 645 1506 690 autem
1551 651 1742 691 eorum
1770 637 1818 704 ζ,
1848 652 1972 706 quae

399 749 429 787 a
489 732 730 786 clamore
779 728 997 783 liesbon
1043 743 1216 797 usque
1261 726 1328 781 ad
1364 727 1569 792 Eleala,
1605 737 1660 783 et
1691 744 1868 798 usque
1901 729 1968 783 ad

396 823 566 878 Jahas
597 823 861 876 dederunt
889 834 1078 875 vocem
1109 834 1288 886 suam,
1335 834 1367 872 a
1408 818 1484 889 (ᾳ)
1509 817 1648 874 Soar
1685 835 1860 890 usque
1901 819 1968 874 ad

399 913 650 977 Hornim,
689 912 761 984 (r)
787 920 842 967 et
865 910 1088 966 nuntios
1117 911 1185 964 ad
1217 909 1384 976 Aias;
1419 910 1546 979 quia
1571 919 1627 966 et
1650 926 1790 980 aqua
1813 908 1973 964 Nem-

401 1006 502 1060 rim
539 1004 605 1074 (ε)
630 1004 684 1057 in
718 1003 1153 1058 combustionem
1173 1002 1302 1057 erit.
1329 1001 1420 1056 35.
1446 999 1513 1055 Et
1535 1001 1758 1071 perdam
1787 1000 1967 1067 Moab,

399 1097 531 1154 dicit
567 1096 849 1160 Dominus,
875 1092 1258 1150 ascendentem
1281 1107 1449 1162 super
1472 1092 1776 1156 excelsum,
1805 1106 1858 1148 et
1880 1094 1972 1148 ad-

397 1187 631 1241 oleutem
686 1185 793 1241 diis
843 1185 984 1254 ejus.
1047 1184 1134 1238 36.
1173 1183 1238 1254 (r)
1262 1181 1489 1252 Propter
1525 1184 1629 1242 hoc
1662 1197 1761 1238 cor
1786 1198 1970 1237 meum

397 1277 577 1342 Moab,
613 1277 756 1333 sicut
796 1276 942 1330 tibia!
970 1275 1180 1331 dabunt
1216 1289 1428 1338 vocem,
1481 1287 1546 1330 οι-
1569 1285 1623 1328 et
1648 1288 1746 1328 cor
1779 1289 1966 1328 meum

396 1383 562 1436 super
583 1366 829 1420 homines
855 1366 876 1435 ζ
916 1368 984 1434 Β(
1008 1379 1224 1419 murum
1259 1364 1338 1435 (ιι)
1361 1363 1633 1434 Ciradas:
1667 1363 1813 1418 sicut
1836 1363 1970 1418 tibia

396 1459 549 1513 dabit
574 1473 763 1514 vocem
793 1474 808 1511 :
841 1465 1058 1526 propter
1089 1457 1192 1511 hoc
1227 1471 1350 1526 qua;
1383 1456 1655 1520 liberavit,
1690 1455 1972 1524 perierunt

395 1549 466 1603 ab
493 1548 731 1602 homine.
761 1547 849 1600 37.
874 1546 952 1617 (π)
974 1545 1149 1600 Omne
1173 1554 1338 1615 caput
1362 1546 1414 1600 in
1438 1546 1585 1600 omni
1611 1547 1732 1600 loco
1752 1545 1965 1610 radent,

2074 384 2179 422 nus
2224 385 2240 423 :
2285 367 2424 422 Num
2477 367 2574 422 filii
2620 383 2730 423 non
2762 379 2892 424 sunt
2939 370 2991 422 in
3045 367 3243 424 israeie
3270 369 3294 422 ?
3321 378 3416 423 aut
3448 369 3526 435 (Ii)
3557 371 3652 438 qui

2073 459 2326 517 assumit.
2354 474 2462 512 non
2515 468 2600 514 est
2646 460 2877 515 eorum?
2909 461 2970 530 (ἱ)
3005 458 3184 526 Quare
3223 461 3485 514 assumsit
3522 459 3653 514 Mel-

2072 548 2232 601 chom
2263 545 2414 612 Gad,
2464 555 2520 602 et
2576 549 2812 618 populus
2863 563 3052 603 eorum
3112 549 3166 602 in
3199 549 3425 603 urbibus
3460 562 3649 602 eorum

2073 637 2318 692 habitat?
2363 627 2421 692 2.
2461 637 2689 709 Propter
2730 638 2834 700 hoc
2873 654 3001 695 ecce
3051 640 3171 694 dies
3220 639 3467 704 veniunt,
3519 640 3653 692 dicit

2077 729 2358 796 Dominus,
2388 739 2442 786 et
2473 731 2651 786 audiri
2687 731 2885 786 faciam
2927 747 3090 802 super
3131 730 3383 786 Rabbath
3414 731 3648 784 filiorum

2073 820 2308 876 Ammon
2342 820 2416 890 (Ir)
2445 822 2735 877 tumultum
2751 821 2812 892 (ι)
2833 822 3004 886 urbis,
3029 831 3078 876 et
3119 831 3282 876 erunt
3315 821 3371 876 in
3403 834 3511 874 non
3529 835 3651 888 per-

2075 911 2244 977 vium,
2295 913 2349 966 in
2398 912 2778 982 perditionem,
2806 921 2862 967 et
2889 927 2998 967 arae
3025 911 3146 981 ejus
3173 912 3229 965 in
3271 911 3395 982 igne
3423 912 3653 965 combu-

2074 1013 2284 1069 rentur,
2302 1004 2398 1074 (ut)
2432 1014 2487 1059 et
2517 1012 2763 1060 assumet
2812 1005 2978 1060 Israel
3038 1004 3408 1074 principatum
3466 1018 3650 1064 suum,

2071 1095 2203 1151 dicit
2230 1095 2514 1150 Dominus.
2551 1094 2606 1148 5.
2662 1094 2820 1150 Uluia
2881 1095 2958 1162 (ιι)
2989 1092 3207 1149 ﬂesbon
3236 1133 3254 1158 ,
3285 1092 3413 1161 quia
3442 1090 3653 1160 perdita

2071 1195 2157 1242 est
2187 1185 2294 1241 Ai:
2336 1186 2586 1251 clamate,
2619 1185 2742 1241 filize
2784 1185 3060 1251 Rabbath,
3099 1199 3198 1240 vos
3221 1185 3423 1253 cingite
3450 1182 3650 1242 saccis,

2073 1291 2138 1333 -t—
2162 1285 2216 1332 et
2245 1277 2477 1334 insanite
2507 1278 2529 1347 ζ
2556 1317 2572 1342 ,
2603 1287 2660 1332 et
2688 1277 2944 1346 plangite,
2993 1285 3050 1331 et
3085 1277 3310 1330 transite
3345 1288 3440 1342 per
3471 1287 3653 1327 mace-

2072 1369 2184 1423 rias
2211 1370 2312 1440 (');
2345 1369 2470 1438 quia
2508 1368 2771 1424 Melchom
2797 1369 2851 1423 in
2891 1367 3294 1436 demigratione
3320 1365 3438 1430 ibit,
3471 1379 3654 1419 sacer-

2070 1460 2225 1514 dotes
2257 1459 2397 1529 ejus,
2432 1469 2485 1514 ct
2503 1460 2777 1529 principes
2791 1459 2911 1528 ejus
2940 1459 3105 1514 simul
3132 1476 3146 1510 :
3174 1459 3227 1512 4.
3247 1457 3385 1523 Quia
3409 1456 3654 1511 exsulta-

2075 1551 2160 1603 his
2183 1549 2256 1620 (0)
2289 1550 2342 1604 in
2368 1551 2577 1620 campis
2609 1553 2685 1623 (p)
2718 1550 2818 1606 Zib
2845 1570 2856 1604 :
2891 1550 3071 1618 campi
3109 1549 3210 1613 tui,
3246 1548 3358 1602 filia
3399 1549 3474 1616 (ᾳ)
3502 1547 3653 1600 duri-

393 1650 445 1695 et
478 1639 659 1693 omnis
685 1638 852 1693 barba
881 1610 1125 1700 ra'detur,
1151 1646 1207 1691 et
1243 1610 1436 1692 omnes
1461 1652 1660 1691 manus
1683 1637 1962 1706 plangent,
2005 1610 2043 1663 Β
2077 1610 2200 1706 ιίθίξ
2219 1610 2511 1697 conﬁdens
2541 1610 2706 1712 super
2756 1610 3032 1696 thesauris
3059 1610 3213 1703 suis,
3265 1610 3485 1692 dicens:
3515 1633 3652 1700 Quis

393 1739 448 1784 et
477 1745 643 1799 super
670 1729 820 1783 omni
846 1729 1033 1783 lumbo
1062 1743 1278 1784 saccus.
1313 1727 1408 1783 38.
1435 1727 1500 1782 Et
1520 1743 1685 1798 super
1707 1727 1966 1782 omnibus

392 1819 550 1875 tectis
598 1817 800 1882 Moabi,
837 1826 891 1872 et
918 1832 1082 1886 super
1125 1817 1322 1887 plateis
1357 1817 1478 1887 ejus
1512 1818 1858 1885 )(omnibus
1884 1816 1968 1870 lu-

390 1912 590 1980 ctust;
647 1912 724 1981 (ῃ)
753 1925 946 1966 rursus
978 1909 1222 1979 confregi
1255 1909 1434 1975 Moab,
1464 1909 1609 1965 sicut
1645 1924 1761 1974 vas,
1802 1909 1966 1978 cujus

391 2018 500 2057 non
551 2011 638 2057 est
687 2016 821 2056 usus
850 2001 990 2068 ejus,
1041 1999 1178 2055 dicit
1215 1998 1501 2055 Dominus.
1559 1997 1650 2054 59.
1677 1997 1966 2065 Quomodo

393 2093 466 2165 (z)
489 2093 876 2149 commutavit!
915 2096 981 2160 χ(
1001 2092 1203 2147 ululate
1228 2092 1251 2160 ζ
1287 2108 1303 2145 :
1334 2089 1610 2161 quomodo
1640 2090 1802 2144 vertit
1827 2090 1964 2144 dor-

389 2201 510 2240 sum
545 2184 742 2239 Moab?
788 2184 1040 2249 Erubuit,
1073 2192 1128 2239 et
1172 2182 1348 2237 factus
1383 2190 1466 2236 est
1495 2179 1656 2234 Moab
1687 2181 1741 2234 in
1767 2181 1962 2246 risum,

386 2288 441 2333 et
472 2278 549 2347 (α)
577 2277 1007 2346 indignationem
1036 2275 1314 2338 omnibus,
1343 2273 1436 2342 qui
1468 2273 1524 2326 in
1555 2273 1789 2328 circuitu
1820 2273 1960 2342 ejus.

386 2370 478 2425 40.
511 2368 652 2436 Quia
687 2368 768 2424 sic
811 2369 950 2423 dixit
979 2367 1246 2422 Dnmiuus
1281 2384 1296 2420 :
1346 2369 1414 2434 Χ
1438 2364 1580 2421 Ecce
1605 2365 1749 2421 sicut
1775 2365 1961 2436 aquila

387 2462 570 2517 veniet
617 2460 846 2529 impetu,
901 2469 957 2515 et
986 2459 1258 2529 expandet
1307 2457 1381 2528 (b)
1405 2472 1604 2513 manus
1635 2471 1765 2513 snas
1799 2473 1964 2528 super

389 2553 552 2609 Moab
578 2555 626 2623 ζ.
678 2552 768 2607 41.
814 2553 886 2620 (ο)
907 2549 1076 2620 Capta
1119 2559 1205 2606 est
1240 2549 1495 2614 Cariotb,
1546 2558 1601 2603 ct
1633 2548 1964 2604 munitiones

388 2645 691 2716 subjugata:
718 2651 847 2698 sunt
902 2660 917 2698 :
955 2643 1101 2712 Xet
1149 2642 1254 2696 erit
1305 2655 1401 2696 cor
1448 2641 1751 2708 potentium
1786 2639 1961 2695 Moabi

389 2734 445 2789 in
493 2734 582 2788 die
633 2732 746 2796 illo,
806 2732 950 2786 sicut
988 2745 1085 2786 cor
1116 2729 1364 2784 mulieris
1400 2729 1480 2800 (ά)
1509 2732 1914 2803 parturientis:
1945 2751 1958 2786 :

389 2824 478 2878 42.
520 2832 574 2888 et
603 2823 800 2892 peribit
828 2821 988 2878 Moab
1017 2837 1048 2876 a
1080 2822 1272 2888 turba;
1309 2822 1438 2892 quia
1473 2838 1639 2892 super
1664 2821 1959 2877 Dominum

2071 1733 2420 1802 aggredielur
2450 1733 2575 1786 me?
2596 1733 2650 1787 5.
2671 1731 2811 1788 Ecce
2840 1747 2940 1800 ego
2967 1729 3082 1785 fero
3113 1743 3276 1799 super
3293 1737 3348 1783 te
3372 1726 3649 1789 timorem,

2071 1823 2202 1878 dicit
2233 1822 2498 1878 Dominus
2525 1823 2785 1878 Dominus
2807 1823 3069 1876 virtutum
3094 1823 3188 1891 (r),
3208 1823 3277 1874 ab
3295 1818 3444 1873 omni
3464 1815 3652 1869 accola

2072 1911 2215 1965 circa
2251 1919 2322 1976 te,
2343 1921 2398 1964 et
2419 1910 2808 1980 dispergemini
2844 1909 3222 1977 unusquisque
3243 1919 3436 1959 versus
3460 1901 3650 1956 faciem

2073 2017 2253 2067 suam,
2293 2011 2347 2056 et
2387 2016 2495 2055 non
2551 2010 2655 2065 est,
2692 1999 2786 2070 qui
2825 2007 3119 2070 congregat
3146 2000 3213 2065 >κ
3255 2005 3310 2050 et
3341 1994 3654 2064 demigrau-

2073 2100 2202 2146 tem.
2235 2089 2290 2145 6.
2327 2089 2395 2144 Et
2421 2098 2543 2160 post
2574 2090 2690 2144 haec
2720 2090 2977 2144 reducam
3013 2089 3380 2158 captivitatem
3415 2088 3650 2140 filiorum

2069 2182 2326 2246 Ammon,
2381 2181 2516 2234 dicit
2551 2179 2822 2233 Dominus
2857 2181 2906 2248 ζ.
2939 2180 2992 2233 7.
3040 2178 3166 2234 Haec
3205 2178 3339 2232 dicit
3389 2177 3652 2232 Dominus

2070 2273 2333 2326 virtutum
2359 2289 2372 2324 :
2400 2272 2468 2341 (ε)
2488 2268 2605 2325 Non
2631 2279 2715 2325 est
2738 2269 2970 2338 amplius
2991 2269 3257 2338 sapientia
3285 2269 3338 2321 in
3365 2267 3648 2322 Thaemau:

2068 2362 2231 2433 periit
2255 2362 2546 2417 consilium
2573 2360 2645 2415 ab
2663 2359 3122 2430 intelligentibns:
3150 2360 3210 2429 (t)
3233 2359 3365 2414 abiit
3383 2360 3651 2428 sapientia

2068 2469 2258 2509 eorum
2304 2471 2316 2507 :
2359 2453 2414 2508 8.
2461 2453 2542 2523 (ιι)
2587 2452 2945 2509 conculcatus
2986 2461 3070 2508 est
3111 2453 3265 2508 locus
3306 2466 3534 2506 eorum:
3569 2453 3648 2522 (ε)

2071 2544 2400 2614 profundum
2442 2543 2608 2614 petite
2657 2543 2724 2598 ad
2779 2535 3132 2598 habitandum
3160 2581 3176 2607 ,
3237 2542 3545 2597 habitantes
3594 2542 3646 2596 in

2070 2635 2254 2691 Dadan
2281 2653 2298 2703 ;
2327 2637 2458 2706 quia
2487 2634 2563 2706 (υ)
2597 2651 2789 2706 aspera
2817 2635 2964 2690 fecit.
2999 2635 3212 2690 Adduxi
3249 2650 3414 2704 super
3434 2649 3558 2687 eum
3593 2635 3647 2688 in

2070 2735 2332 2795 tempore,
2363 2740 2472 2795 quo
2522 2726 2737 2780 visitavi
2767 2741 2932 2790 eum;
2970 2725 3023 2779 9.
3057 2725 3184 2794 quia
3223 2723 3649 2778 vindemiatores

2069 2826 2333 2872 venerunt
2363 2817 2484 2882 tibi,
2521 2832 2630 2871 non
2661 2817 2970 2886 relinquent
2998 2817 3093 2872 tibi
3119 2815 3193 2885 (π)
3219 2815 3644 2870 racemationes:

389 2931 449 2971 se
508 2913 897 2984 magnificavit.
955 2913 1047 2969 45.
1073 2911 1272 2979 Metus,
1327 2923 1383 2967 et
1433 2912 1609 2978 fovea,
1653 2923 1706 2968 et
1734 2914 1962 2984 laqueus
1993 2953 2036 3011 ο
2069 2911 2210 2966 sicut
2241 2910 2392 2965 fures
2439 2910 2494 2964 in
2541 2917 2720 2972 nocte,
2780 2911 2859 2979 (α)
2917 2921 3119 2979 ponent
3172 2923 3395 2962 manum
3450 2922 3645 2972 suam;

388 3020 556 3076 super
589 3013 662 3068 te,
712 3004 986 3060 habitator
1013 3004 1210 3067 Moabi,
1248 3003 1382 3059 dicit
1415 3003 1705 3074 Dominus.
1737 3004 1828 3058 44.
1853 3003 1958 3070 Qui

389 3094 592 3164 fugerit
627 3094 698 3149 ab
732 3103 860 3148 ante
888 3092 1082 3149 faciem
1120 3093 1352 3159 timoris,
1390 3093 1590 3149 incidet
1618 3093 1673 3146 in
1700 3093 1956 3148 foveam:

388 3197 442 3242 et
469 3188 561 3256 qui
595 3185 907 3241 ascenderit
937 3201 968 3240 e
1002 3184 1179 3250 fovea,
1214 3186 1463 3254 capietur
1494 3186 1546 3240 in
1570 3187 1767 3255 laqueo
1793 3206 1806 3240 :
1831 3188 1958 3257 quia

389 3279 652 3333 adducam
686 3279 802 3332 haec.
831 3291 996 3346 super
1023 3275 1178 3332 Moab
1205 3276 1259 3330 in
1283 3291 1450 3341 anno,
1479 3291 1591 3346 quo
1618 3276 1956 3332 visitaverim

387 3385 502 3436 eos,
528 3371 663 3424 dicit
687 3368 969 3424 Dominus.
1001 3368 1092 3422 45.
1123 3371 1192 3437 χ(
1215 3368 1269 3422 In
1295 3367 1526 3422 latibulo
1554 3367 1770 3424 Hesbon
1796 3379 1959 3424 stete-

387 3469 519 3514 ruut
577 3459 706 3530 (ομ
737 3458 930 3528 laqueo
983 3455 1282 3526 fugientes;
1323 3458 1448 3527 quia
1499 3459 1642 3529 ignis
1690 3459 1860 3514 exivit
1889 3475 1958 3515 ex

387 3548 627 3615 llesbou,
659 3549 876 3603 flamma
900 3564 965 3604 ex
992 3549 1127 3604 urbe
1154 3547 1348 3614 Sihon,
1376 3558 1431 3605 et
1449 3550 1688 3605 comedit
1720 3551 1786 3620 (f)
1811 3552 1960 3620 prin-

385 3641 536 3710 cipes
565 3640 798 3704 Mohabi,
830 3639 903 3709 (g)
932 3648 985 3694 et
1004 3639 1352 3709 investigavit
1374 3639 1518 3695 ﬁlios
1539 3638 1712 3696 Saon.
1747 3641 1841 3696 46.
1867 3640 1960 3697 γε

385 3732 507 3798 tibi,
530 3729 686 3786 Moab
711 3749 726 3785 :
758 3732 917 3800 periit
940 3730 1172 3801 populus
1197 3729 1478 3798 Chamos;
1509 3733 1638 3802 quia
1661 3733 1806 3803 capti
1832 3743 1960 3788 sunt

387 3822 483 3878 filii
513 3822 633 3891 ejus
661 3821 718 3876 in
749 3823 1082 3891 captivitate,
1105 3831 1162 3876 et
1192 3820 1317 3876 ﬁliae
1348 3821 1469 3892 ejus
1491 3823 1739 3893 captivae.
1773 3823 1863 3878 47.
1891 3823 1958 3880 Ει

386 3915 643 3969 reducam
671 3914 1042 3983 captivitatem
1067 3911 1246 3970 Moabi
1265 3913 1320 3966 in
1341 3913 1692 3969 extremitate
1710 3915 1952 3983 dierum,

387 4002 520 4058 dicit
548 4001 828 4058 Dominus.
866 4004 1162 4072 [lucusque
1187 4000 1457 4072 judicium
1481 4001 1660 4057 Moabi
1690 4005 1739 4073 ζ.

2069 2999 2156 3055 10.
2184 3001 2312 3071 quia
2337 3016 2437 3072 ego
2462 3000 2644 3056 abrasi
2664 2999 2830 3066 Esau,
2859 3000 2931 3071 (b)
2961 3000 3134 3056 detexi
3160 2999 3479 3054 abscondita
3495 2997 3644 3067 ejus:

2063 3093 2326 3150 abscondi
2360 3109 2468 3148 non
2499 3101 2800 3164 poterunt:
2829 3096 2897 3161 Χ
2923 3093 2992 3163 (ο)
3013 3092 3176 3162 periit
3219 3105 3404 3146 semen
3437 3089 3555 3158 eius
3579 3091 3603 3160 ζ
3625 3129 3643 3153 ,

2063 3186 2134 3240 ob
2155 3201 2376 3240 manum
2407 3185 2486 3256 (ά)
2511 3184 2697 3240 fratris
2727 3185 2869 3255 ejus,
2891 3193 2945 3238 et
2973 3184 3135 3240 vicini
3160 3184 3303 3253 ejus,
3337 3191 3392 3237 et
3423 3196 3527 3235 non
3559 3192 3644 3235 est

2063 3278 2149 3331 Η.
2177 3277 2249 3348 (e)
2279 3277 2512 3347 relinqui
2557 3277 2821 3346 pupillum
2847 3283 3026 3341 tuum,
3062 3284 3121 3330 ut
3159 3275 3229 3346 (ι’)
3268 3275 3445 3329 vivat:
3486 3272 3561 3343 (g)
3586 3283 3644 3327 ct

2061 3368 2240 3424 viduae
2258 3383 2422 3437 super
2449 3385 2534 3424 me
2556 3367 2908 3423 conﬁdentes.
2948 3367 3036 3421 12.
3068 3365 3206 3434 Quia
3244 3366 3357 3420 haec
3382 3363 3512 3419 dicit
3533 3362 3632 3416 Do-

2056 3458 2273 3513 minus:
2296 3457 2434 3512 Ecce
2461 3459 2661 3529 quibus
2693 3474 2800 3513 non
2823 3467 2939 3512 erat
2963 3459 3038 3528 (It)
3065 3458 3146 3512 lex
3176 3456 3363 3512 bibere
3386 3457 3634 3521 calicem,

2057 3552 2126 3618 Χ
2151 3550 2383 3606 bibendo
2414 3553 2437 3622 ζ
2473 3553 2536 3622 (i)
2567 3553 2822 3608 biberunt
2844 3571 2857 3606 :
2877 3561 2931 3607 et
2963 3561 3020 3606 tu
3061 3549 3639 3620 impunisdimittentlo

2059 3646 2126 3712 >κ
2158 3644 2400 3713 impunis
2455 3643 2750 3699 dimitteris
2784 3644 2807 3714 ζ
2837 3646 2860 3696 ‘!
2888 3658 2996 3698 non
3035 3642 3276 3713 impunis
3323 3640 3640 3706 dimitteris,

2065 3733 2194 3802 quia
2223 3733 2456 3790 bibendo
2509 3734 2685 3789 bibes.
2719 3734 2807 3788 15.
2845 3733 2984 3800 Quia
3028 3749 3126 3804 per
3167 3747 3253 3786 me
3277 3731 3478 3802 juravi,
3507 3731 3640 3788 dicit

2066 3824 2353 3892 Dominus,
2381 3828 2456 3900 (Ir)
2479 3829 2626 3899 quod
2651 3828 2706 3883 in
2741 3829 2994 3896 exitium,
3012 3840 3064 3882 et
3090 3827 3144 3881 in
3177 3826 3554 3897 opprobrium,
3573 3826 3638 3895 (ι)

2062 3929 2116 3972 et
2147 3919 2201 3974 in
2234 3935 2342 3975 non
2364 3923 2764 3987 conculmtum,
2793 3930 2844 3976 et
2874 3921 2928 3974 iu
2957 3920 3388 3976 maledictionem
3420 3919 3637 3990 (m)eris

1990 4019 2031 4074 ο
2060 4008 2112 4062 in
2149 4011 2334 4064 medio
2360 4011 2630 4079 partionis
2661 4012 2802 4078 ejus,
2825 4017 2882 4066 et
2917 4025 3110 4065 omnes
3143 4009 3304 4064 urbes
3329 4007 3450 4077 ejus
3469 4017 3635 4062 erunt

453 4189 532 4262 (η)
570 4190 652 4256 8.,
686 4199 740 4264 et
778 4205 943 4264 super
978 4189 1304 4264 vindemiam
1341 4199 1485 4264 tuam
1522 4201 1766 4264 raptores
1801 4192 2116 4250 ceciderunt
2165 4213 2181 4250 :
2211 4205 2266 4251 et
2300 4197 2512 4252 sublata
2541 4203 2624 4251 est
2654 4192 2864 4260 laetitia,
2899 4202 2952 4249 et
2989 4193 3271 4263 gaudium.
3345 4195 3419 4264 (ο)
3450 4197 3540 4260 Α..
3574 4203 3630 4250 ct

383 4261 569 4315 vinum
599 4279 661 4316 ex
696 4261 866 4316 foveis
906 4262 1261 4316 torcularium
1300 4263 1532 4318 deficere
1560 4262 1700 4317 feci:
1762 4278 1872 4317 non
1909 4279 2016 4319 non
2051 4265 2304 4326 calcabit.
2351 4268 2453 4328 sic.
2491 4280 2620 4325 non,
2671 4265 2776 4329 eja.
2839 4267 2878 4318 Α
2905 4261 3142 4319 clamore
3177 4261 3415 4319 ilesbo'n'.
3448 4263 3533 4331 8.,
3568 4275 3626 4318 et

383 4332 570 4385 vinum
595 4347 660 4384 ex
699 4331 869 4385 foveis
897 4332 1249 4386 torculariarn
1289 4345 1503 4388 cessare
1537 4331 1638 4386 feci
1674 4351 1688 4386 :
1720 4347 1829 4387 non
1879 4343 1983 4398 est,
2029 4335 2182 4388 dicit.
2252 4335 2298 4389 A
2343 4337 2586 4392 clamore
2627 4331 2866 4386 Hesbon.

382 4400 553 4475 adad.
581 4400 664 4475 8.,
716 4417 821 4454 nnn
865 4401 1070 4456 tenebit
1111 4403 1440 4475 torcularius
1493 4403 1844 4475 cantilenam.
1920 4403 1963 4474 (q

2067 4407 2126 4469 l.,
2167 4405 2327 4462 Soar.
2402 4404 2478 4475 (r)
2513 4405 2604 4468 Α.,
2643 4401 2727 4475 8,.

2948 4335 3025 4402 (1⁷)
3068 4332 3184 4388 Non
3219 4334 3452 4390 calcabit
3481 4334 3620 4390 adad

2764 4403 2943 4475 vitula,
2979 4405 3231 4459 triennis.
3307 4404 3375 4475 (r)
3414 4405 3508 4469 A.,
3540 4404 3625 4468 8.,

383 4470 696 4546 inc‘xitium
730 4478 912 4546 erunt,
935 4480 992 4546 et
1023 4485 1244 4546 cessare
1283 4470 2050 4546 faciam,Moabqoﬂ’erentem
2071 4491 2240 4546 super
2274 4470 2511 4531 excelso.
2590 4475 2654 4545 (t)
2682 4473 2908 4546 Propter
2935 4474 3038 4528 hoc
3060 4491 3156 4546 cor
3179 4470 3366 4546 Moabi
3386 4487 3445 4530 ut
3477 4476 3624 4530 tibiae

383 4540 535 4595 dabit
557 4556 766 4612 vocem.
799 4538 883 4603 8.,
918 4540 988 4594 ob
1020 4540 1196 4612 Moab.
1273 4544 1353 4612 (ιι)
1389 4543 1747 4608 ΚΕΙΡΑΔΑΣ,
1805 4552 1963 4597 tonso;

2067 4538 2250 4612 l.,'S.,
2294 4556 2465 4601 testae.

2545 4543 2624 4615 (π)
2665 4543 2754 4608 Α.,
2789 4543 2941 4615 quia_
2965 4545 3114 4615 omni
3153 4545 3316 4614 capiti
3352 4546 3619 4610 calvities,

383 4620 438 4686 et
465 4611 621 4686 omni
644 4611 824 4666 barba:
854 4625 1082 4686 rasura._
1101 4611 1185 4676 8.,
1208 4611 1372 4686 super
1393 4614 1650 4686 euntibus
1683 4615 1945 4686 manibus

2067 4617 2258 4672 :isurae.
2341 4616 2416 4686 (y)
2445 4611 2613 4682 Quia.
2686 4611 2878 4686 (z)_‘.4.,
2903 4611 2988 4672 8.,
3019 4614 3195 4668 victus
3224 4611 3338 4669 est.
3418 4619 3496 4686 (α)
3528 4617 3621 4679 Α.,

384 4679 468 4742 8.,
511 4681 561 4734 in
588 4680 858 4735 timorem.

935 4679 1010 4751 (b)
1031 4681 1142 4756 _A.,
1171 4679 1326 4756 alas.
1382 4683 1454 4756 (ε)
1495 4681 1578 4747 8.,
1611 4684 1897 4756 subjugata
1925 4695 2010 4738 est
2040 4684 2282 4756 Carioth,
2321 4679 2384 4741 εἴ
2402 4679 2641 4754 ιθῗυεὶει.

2720 4683 2798 4756 (τι)
2831 4685 2920 4756 4.,
2961 4686 3030 4737 ab
3064 4688 3334 4756 angustia,
3384 4683 3440 4740 et
3469 4683 3625 4756 pres-

385 4765 483 4826 sus
516 4750 802 4826 eritdloab
829 4766 860 4804 a
885 4750 1104 4826 populo.
1192 4750 1528 4826 (e)_A.,'ugn
1561 4750 1802 4808 valentes
1861 4755 2064 4826 fugere.
2143 4754 2210 4825 (Ῑ)
2249 4750 2336 4821 Α.,
2367 4750 2601 4826 plagam.
2629 4750 2734 4826 8.,
2763 4750 2982 4826 faciem.
3059 4750 3378 4826 (g)'A.,VS.,
3422 4750 3624 4826 et'ver-

384 4821 546 4875 ticem
590 4820 822 4891 filiorum
855 4821 1128 4876 maeroris.
1205 4821 1280 4891 (Ιι)
1319 4823 1411 4886 Α.,
1453 4822 1534 4886 8.,
1561 4827 1752 4878 haeres.

541 4822 822 4902 [filiorum
855 4822 1128 4902 maeroris.
1205 4822 1280 4902 (Ii)
1319 4822 1534 4902 ,Δγ-8.,
1561 4827 1752 4902 ἣξει-εδ.
1789 4822 2008 4902 ..βλ-Α..
2042 4822 2212 4894 quare
2251 4822 2434 4902 itaque
2461 4822 2844 4902 {iterentlitavit}
2917 4822 3004 4902 (k_)_
3037 4822 3126 4902 Α),
3173 4825 3437 4902 ululatum
3470 4823 3619 4902 belli,

382 4899 438 4964 et
473 4891 581 4964 erit
612 4890 664 4944 in
692 4890 970 4960 pulverem
1008 4890 1320 4964 depravata.
1347 4895 1545 4964 et__ii|i;e
1566 4893 1704 4961 ejus.
1782 4890 1844 4964 (Ι)
1872 4890 2237 4950 Bellatorum.
2315 4890 2412 4964 (in)
2452 4899 2545 4958 Α..
2588 4893 2672 4960 8,,

2719 4903 2772 4948 et
2809 4893 3150 4950 haereditabit
3182 4895 3347 4951 Israel
3379 4910 3494 4960 eos,
3523 4895 3620 4962 qui

385 4959 774 5038 haereditarunt
803 4975 948 5038 eum.
1027 4961 1104 5031 (η)
1145 4960 1226 5038 S_._,
1250 4977 1361 5038 pro
1388 4959 1626 5038 llesbon,
1653 4959 1799 5038 quia'
1817 4959 2083 5038 vastatum
2116 4975 2199 5019 est
2257 4959 2444 5038 robur.
2479 4966 2541 5038 (θ)
2570 4959 2687 5021 Vox
2716 4963 2943 5038 Syriaca
2990 4967 3194 5022 codicis
3248 4959 3616 5038 ιιοειτίηκλίΰ.

382 5046 505 5098 qua:
530 5032 822 5111 respondet
853 5030 931 5099 τῷ
961 5019 1130 5111 Πὴῆλ
1168 5019 1413 5111 ilebt'aici
1447 5019 1645 5111 textus,
1669 5019 1862 5111 :potins
1902 5034 2173 5111 significat
2197 5019 2359 5111 septas.
2383 5019 2539 5111 Trita,
2554 5019 2815 5111 est—gapth
2869 5019 3258 5111 rablijinosxut,

382 5116 526 5178 {epes
547 5100 678 5170 legi;
699 5100 1098 5178 nptnttznmn‘a
1135 5110 1246 5163 J’D.
1278 5118 1421 5172 sepes
1457 5100 1729 5171 sapientia:
1752 5100 2346 5178 sil_enliuin.Dnacn.(o)
2376 5109 2469 5178 8.,
2501 5109 2554 5161 in
2579 5100 2828 5178 vallibus,
2852 5121 2973 5178 quae
2993 5107 3046 5160 in
3079 5107 3214 5178 valle
3247 5116 3358 5178 tua.
3401 5103 3618 5178 (p)‘l_)il'-

383 5168 676 5247 fluxerunt.
715 5168 830 5247 ι’(ιι)
863 5173 952 5234 Α.,
979 5173 1032 5247 in
1055 5168 1341 5247 posterum
1359 5188 1455 5247 _se
1483 5168 1752 5227 avertens.
1797 5171 1886 5247 S.,_
1913 5175 2150 5247 Acaptiva
2180 5168 2464 5247 ducenda.
2521 5179 2590 5247 (r)
2621 5181 2708 5238 A.,
2757 5175 2840 5247 S._,

383 5240 512 5294 tuis.

384 5377 462 5501 Sa)
496 5377 1093 5449 Non—corrumpebant.
1121 5397 1244 5449 qua:
1269 5381 1607 5438 sufficiebant
1637 5384 1738 5438 eis.

407 5449 553 5501 irmi:
587 5457 642 5501 et
673 5449 866 5501 fratres
890 5449 1030 5501 eius.
1057 5459 1111 5501 et
1137 5451 1297 5501 vicini
1326 5453 1466 5501 eius-
1548 5452 1618 5501 (el
1651 5452 1738 5501 Α..

593 5241 660 5310 (δ)
693 5239 780 5313 A_.,
808 5239 1079 5313 numquid
1095 5258 1199 5295 non
1223 5253 1328 5313 est.
1351 5241 1434 5305 8.,
1469 5257 1655 5296 annon
1687 5251 1789 5298 est.
1867 5243 1931 5313 (t)
1963 5239 2051 5307 ΑΖ,

384 5309 464 5379 (x)
499 5309 589 5373 Α.,
623 5310 951 5379 profundum
972 5311 1242 5380 petierunt
1269 5312 1333 5366 ad
1366 5313 1737 5368 habitandum.
1815 5309 1890 5385 (ῃ)
1913 5309 2006 5380 Ἀ.,
2075 5309 2396 5370 erditionem
2424 5331 2587 5384 super
2614 5309 2762 5369 Esau
2778 5309 2996 5370 adduxi.

385 5377 462 5453 (ᾳ)
496 5377 616 5453 Non
651 5380 1093 5453 corrumpebant.
1121 5397 1244 5453 qua:
1269 5381 1607 5453 sufficiebant
1637 5384 1738 5438 eis.
1815 5385 1889 5453 (b)
1915 5386 2004 5449 Α.,
2034 5331 2118 5450 ἒ,
2177 5385 2378 5440 detexi.
2453 5386 2522 5453 (c)
2546 5385 2632 5450 Α.,
2666 5385 2934 5452 captivum
2965 5385 2996 5438 d

2781 5175 2795 5190 V

2899 5177 2967 5230 ab
3000 5176 3254 5229 omnibus
3295 5173 3614 5228 circuitibus

2091 5246 2306 5315 putrida
2342 5246 2483 5300 facta
2514 5242 2653 5316 est.“
2695 5247 2770 5315 (tt)
2791 5243 2874 5316 8.,
2903 5245 3192 5316 fugerunt:
3225 5242 3426 5316 rev_ers_i
3461 5250 3615 5298 sunt.

3073 5319 3144 5384 (λ)
3177 5315 3264 5376 Α.,
3291 5311 3374 5377 S.,
3403 5314 3614 5384 δον-95.

2177 5385 2378 5440 detexi.
2453 5380 2522 5455 (ὁ)
2546 5385 2632 5450 Α.,
2666 5385 2934 5452 captivum
2965 5380 3186 5455 ductum
3217 5393 3320 5437 est.
3395 5383 3473 5453 (ά)
3511 5380 3614 5434 Re-

407 5449 553 5518 iqui:
587 5457 655 5525 et__
673 5449 866 5525 fratres
890 5449 1044 5525 ejus,_
1057 5459 1111 5505 et
1137 5451 1297 5506 vieini
1326 5453 1505 5525 ejus;
1548 5452 1618 5521 (e)
1651 5452 1742 5518 Α.,
1772 5449 2021 5524 relinque
2046 5449 2302 5525 pupillos,
2324 5469 2425 5525 ego
2451 5449 2629 5510 vivere
2653 5449 2845 5525 faciam
2880 5464 2951 5520 tc,
2995 5464 3050 5508 et
3095 5454 3269 5525 viduae
3297 5449 3417 5525 tuae:
3442 5449 3616 5525 super

385 5533 472 5572 me
518 5521 810 5575 conlident.

888 5518 954 5588 (Γ)
1011 5520 1288 5592 Servetur.
1356 5518 1438 5592 '(g)
1468 5518 1684 5592 Et‘ego
1729 5539 1825 5578 eos
1878 5518 2126 5580 servs-bo.

2203 5521 2515 5596 (h)_liéliqui
2556 5542 2570 5578 :
2618 5523 2907 5596 judicium.
2989 5525 3048 5593 (ἱ)
3104 5523 3308 5596 Reliqui
3345 5540 3359 5578 :
3403 5521 3610 5578 bibent.

387 5586 460 5658 (k)
492 5594 582 5658 A.,
615 5589 756 5661 quod
791 5590 844 5645 in
900 5586 1270 5646 sterilitatem.
1347 5586 1431 5665 (δ’
1464 5595 1553 5659 Α.,
1601 5586 1658 5648 εἰ
1707 5595 1761 5649 in
1819 5594 2078 5665 gladium.
2157 5586 2541 5666 (iuj'Rcliq'ui:
2581 5586 2871 5651 eritliosra
