4042 6194
312 126 456 182 2383

1511 134 1741 190 CODEX
1781 133 2457 190 SYRO-IIEXAPLABIS.

3447 144 3590 197 9584

316 258 542 303 vastata:
578 248 632 302 in
667 248 887 304 sascula.
940 250 1026 303 ll.
1087 250 1309 306 Famam
1358 252 1543 308 audivi
1575 270 1605 308 a
1642 254 1899 318 Domino,
1936 261 1977 316 Α
2008 269 2102 309 eos
2131 254 2488 322 perditionem
2528 255 2787 325 undique.
2832 257 2923 312 30.
2972 259 3039 329 (ι)
3072 258 3262 331 Fugite
3297 263 3471 326 valde,
3507 267 3591 332 (ιι)

320 342 399 403 (n)
428 348 484 393 et
513 342 721 409 legatos
748 342 802 395 in
844 352 1035 412 gentes
1063 344 1211 398 misit
1240 363 1252 397 :
1283 348 1715 415 congregamini,
1742 357 1795 402 et
1819 364 1908 403 vc-

314 433 431 485 nite
462 432 537 501 (0)
588 432 654 485 ad
708 449 852 496 eam,
886 433 1094 504 surgite
1126 435 1179 487 in
1220 435 1443 489 bellum.
1485 436 1570 489 l5.
1613 439 1678 503 )t(
1713 438 1903 508 Quia:

314 537 445 577 ecce
465 525 752 593 parvulum
779 526 902 579 dedi
941 536 992 581 te
1024 527 1077 579 in
1118 528 1371 597 gentibus
1418 537 1473 582 rt
1502 528 1578 598 (p)
1626 533 1911 584 contemti-

316 614 479 669 bilem
532 616 585 669 in
623 618 959 673 hominibus.
1019 618 1209 687 16.(q)
1264 618 1441 674 Lusus
1493 632 1619 675 tuus
1666 622 1903 692 deditlr)

318 706 531 775 tibi,(s)
574 708 809 764 durities
856 710 1038 765 cordis
1082 710 1162 764 tui
1210 711 1482 765 destruxit
1537 714 1601 782 (ι)
1636 712 1906 769 foramina

324 805 629 867 petrarum,
661 802 740 869 (υ)
795 802 1157 871 apprehendit
1197 801 1571 858 fortitudinem
1624 806 1781 860 collis
1811 821 1907 860 es-

318 890 449 945 celsi
480 908 496 943 :
533 892 662 960 quia
721 893 767 947 si
825 894 1155 949 exaltaveris
1182 936 1198 960 ,
1263 897 1407 951 sicut
1458 897 1638 963 aquila
1666 937 1680 961 ,
1718 898 1904 952 nidum

319 989 498 1044 tuum,
528 982 655 1036 inde
678 982 934 1053 dejiciam
963 995 1014 1039 te
1040 1027 1054 1050 ,
1091 986 1225 1040 dicit
1275 986 1555 1041 Dominus.
1592 988 1676 1042 l7.
1715 986 1779 1041 Et
1803 990 1907 1043 erit

318 1070 554 1126 ldumzea
604 1072 657 1125 in
698 1089 806 1127 non
844 1077 1073 1131 tritum:
1126 1078 1307 1133 omnis
1359 1080 1450 1147 qui
1508 1080 1705 1133 transit
1743 1095 1908 1149 super

318 1176 464 1224 eam,
519 1162 897 1233 obstupescet,
935 1178 987 1219 et
1022 1167 1266 1221 sibilabit
1320 1183 1485 1237 super
1548 1168 1697 1223 omni
1753 1170 1906 1239 plaga

319 1252 455 1320 ejus.
479 1253 567 1308 l8.
598 1253 752 1310 Sicut
774 1257 1035 1313 subversa
1068 1268 1153 1313 est
1178 1260 1417 1314 Sodoma
1446 1270 1500 1316 et
1534 1260 1825 1323 Gomorra,
1854 1270 1908 1316 et

317 1346 542 1399 advena:
576 1346 717 1414 ejus,
751 1347 1177 1404 dixitDominus
1211 1364 1270 1406 -ῑ-
1304 1350 1653 1421 omnipotens
1688 1352 1712 1420 ζ
1741 1392 1756 1416 ,
1800 1366 1906 1404 non

317 1434 530 1489 sedebit
566 1437 637 1490 ibi
684 1438 871 1504 homo,
910 1453 1087 1508 neque
1140 1441 1504 1510 babitabit(x)
1553 1438 1908 1497 filiushomi-

318 1527 424 1582 nis.
462 1529 545 1584 l9.
574 1530 713 1586 Ecce
733 1532 877 1586 sicut
899 1532 984 1587 leo
1001 1534 1261 1588 ascendet
1283 1535 1359 1604 (ν)
1380 1550 1411 1589 e
1439 1535 1620 1589 medio
1650 1533 1905 1589 Iordanis

2014 340 2346 409 profundum
2408 341 2646 410 petiistis
2684 344 2751 396 ad
2798 346 3119 413 sedendum,
3174 352 3267 418 qui
3307 352 3511 408 sedetis
3538 356 3591 408 in

2007 432 2171 497 atrio,
2208 432 2341 487 dicit
2373 431 2671 499 Dominus;
2720 436 2847 505 quia
2905 441 3237 495 consultavit
3278 458 3444 511 super
3494 461 3592 501 vos

2006 521 2511 580 Nabuchodonosor
2540 542 2630 581 rex
2666 526 2959 599 Babylonis
3000 532 3322 596 consilium,
3353 544 3410 588 et
3437 538 3591 605 cogi-

2009 617 2142 670 tavit
2169 632 2333 682 super
2349 632 2445 672 vos
2469 619 2880 687 cogitationem.
2901 621 2963 674 3f
2978 660 2992 673 .
3025 622 3103 691 (π)
3139 621 3333 693 Surge,
3353 627 3593 681 ascende

2006 722 2177 775 super
2211 718 2426 777 gentem
2475 710 2739 778 quietam.
2777 712 3054 767 sedentem
3096 713 3150 767 in
3207 716 3585 784 respiramine,

2006 800 2074 853 di.
2098 800 2139 853 it
2167 799 2455 863 Dominus.
2501 818 2607 855 nou
2637 812 2828 871 portae,
2847 812 2901 857 et
2930 820 3038 858 non
3070 808 3291 873 senex
3323 807 3398 876 (ς)
3431 808 3480 862 ei
3516 810 3538 876 ζ
3565 848 3583 872 ,

2007 890 2110 946 soli
2142 890 2509 945 diversantur.
2544 893 2632 946 3:2.
2664 891 2902 948 Eteruut
2919 896 3112 950 cameli
3145 911 3333 950 eorum
3362 898 3416 952 in
3442 915 3585 968 pra:-

2005 983 2154 1046 dam,
2187 983 2261 1051 (z)
2285 992 2340 1037 et
2360 984 2652 1038 multitudo
2680 985 3054 1052 jumentorum
3097 1003 3286 1043 eorum
3316 990 3369 1043 in
3408 991 3587 1058 perdi-

2007 1072 2228 1138 tionem,
2252 1085 2309 1128 ct
2338 1074 2613 1129 ventilabo
2648 1090 2744 1130 eos
2784 1076 2934 1130 omni
2967 1088 3128 1131 vento
3160 1094 3315 1137 rasos
3352 1091 3475 1136 aute
3507 1082 3585 1151 (a)

2007 1160 2201 1215 faciem
2231 1178 2447 1225 eorum,
2480 1172 2535 1217 et
2564 1162 2634 1217 ab
2654 1163 2804 1217 omni
2864 1164 3096 1219 transitu
3124 1180 3312 1219 eorum
3361 1165 3583 1221 afferam

2007 1251 2291 1306 victoriam
2350 1266 2564 1315 eorum,
2621 1251 2755 1306 dicit
2793 1251 3081 1307 Dominus.
3136 1253 3225 1307 33.
3280 1253 3346 1308 Et
3372 1254 3471 1307 erit
3507 1255 3585 1323 (b)

2007 1344 2207 1397 atrium
2246 1343 2617 1397 habitaculum
2655 1344 2726 1409 (c)
2764 1342 3362 1407 struthiocamelorum,
3398 1352 3585 1397 etnon

2009 1440 2196 1487 trttum
2231 1447 2406 1501 usque
2440 1432 2493 1485 in
2523 1430 2781 1486 saeculum
2815 1448 2830 1485 :
2862 1446 2973 1485 non
3006 1430 3271 1485 habitabit
3302 1431 3373 1484 ibi
3399 1431 3585 1496 homo,

2009 1534 2065 1578 et
2096 1540 2205 1579 non
2241 1523 2509 1578 habitabit
2536 1522 2610 1577 ibi
2639 1522 2782 1577 filius
2838 1522 2949 1576 nati
2994 1530 3174 1577 terra.
3220 1522 3311 1577 34.
3346 1520 3585 1576 Verbum

318 1621 394 1689 (ι)
430 1621 483 1674 in
511 1623 692 1677 locum
727 1623 992 1691 llamath;
1046 1626 1174 1695 quia
1211 1627 1287 1695 (a)
1309 1602 1317 1604 ⁷
1340 1602 1597 1682 celeriter
1625 1627 1892 1696 expellant

2011 1615 2247 1679 Domini,
2274 1614 2419 1685 quod
2447 1613 2650 1669 factum
2672 1614 2840 1669 estad
2864 1612 3154 1668 .leremiam
3183 1614 3499 1682 prophetam
3516 1614 3586 1667 ad

313 1726 410 1767 eos
433 1729 498 1767 ex
531 1728 615 1768 ea.
649 1708 722 1783 (6)
750 1714 826 1769 Et
845 1732 1005 1787 quem
1028 1718 1258 1773 electum
1291 1719 1341 1774 ei
1369 1720 1731 1789 prospiciam?
1769 1720 1896 1791 quia

313 1804 439 1871 quis
473 1805 519 1873 c)
549 1806 691 1860 sicut
717 1808 857 1877 ego?
884 1819 938 1863 et
967 1808 1091 1878 quis
1126 1810 1294 1864 stabit
1313 1821 1503 1865 centra
1540 1812 1669 1866 me?
1693 1821 1747 1866 et
1769 1812 1895 1879 quis

315 1894 419 1947 iste
442 1906 645 1964 pastor,
673 1900 764 1967 qui
792 1900 959 1953 stabit
987 1909 1114 1955 ante
1146 1901 1339 1956 facient
1388 1905 1605 1957 meam?
1634 1904 1728 1959 20.
1764 1903 1898 1959 Pro-

315 1995 433 2054 pter
474 1988 576 2042 hoc
605 1990 791 2043 audite
822 1990 1116 2046 consilium
1149 1991 1387 2058 Domini,
1428 1996 1574 2063 quod
1620 1996 1892 2051 consulta-

314 2078 394 2130 vit
428 2094 594 2147 super
652 2078 969 2147 ldummam,
1032 2090 1087 2137 et
1125 2084 1511 2153 cogitationem
1549 2085 1702 2154 ejus,
1732 2101 1894 2156 quam

311 2169 575 2239 cogitavit
614 2185 780 2239 super
810 2170 1121 2227 habitantes
1151 2174 1204 2228 in
1246 2174 1529 2239 'l‘bmman,
1576 2178 1679 2230 nisi
1735 2177 1895 2233 dissi-

312 2262 561 2329 paverint
583 2262 663 2333 (ά)
699 2264 923 2319 minima
949 2267 1153 2332 ovium,
1182 2269 1287 2323 nisi
1318 2268 1585 2323 delebitur
1615 2286 1778 2339 super
1804 2287 1897 2326 eos

310 2362 526 2422 septum
560 2370 746 2409 eorum
777 2374 790 2410 :
821 2357 912 2412 2l.
966 2358 1010 2411 A
1058 2374 1192 2414 voce
1220 2360 1288 2431 (ε)
1334 2377 1497 2416 casus
1525 2376 1712 2415 eorum
1747 2377 1896 2417 com-

316 2454 461 2499 mota
493 2456 576 2500 est
607 2455 776 2513 terra,
810 2450 1018 2506 clamor
1043 2462 1172 2507 tuus
1205 2451 1257 2505 in
1296 2452 1434 2506 tnari
1494 2454 1683 2516 rubro,
1713 2454 1895 2508 audita

309 2545 395 2589 est
428 2552 530 2591 vox
557 2539 623 2608 (f)
655 2539 795 2609 ejus.
832 2541 923 2595 22.
953 2541 1094 2598 Ecce
1118 2542 1259 2598 sicut
1283 2543 1467 2613 aquila
1496 2543 1570 2615 (g)
1600 2545 1822 2609 videbit,
1844 2552 1899 2600 et

314 2631 380 2695 )t(
414 2628 617 2684 volabit
653 2630 712 2697 ζ,
749 2642 804 2687 et
833 2634 1088 2688 extendet
1117 2636 1231 2690 alas
1260 2649 1388 2689 suas
1418 2636 1496 2706 (It)
1523 2653 1687 2707 super
1717 2638 1895 2691 muni-

313 2721 489 2775 tiones
520 2721 675 2789 ejus:
701 2732 755 2777 et
776 2724 881 2777 erit
920 2740 1018 2779 cur
1051 2724 1272 2778 fortium
1305 2726 1550 2781 Idumam:
1582 2729 1634 2781 in
1662 2728 1748 2782 die
1780 2730 1893 2795 illo,

313 2819 373 2863 nt
406 2826 502 2865 cor
533 2813 780 2869 mulieris
808 2815 1186 2884 parturientis.
1217 2817 1309 2871 23.
1350 2817 1638 2873 Damasco.
1667 2819 1894 2875 Erubuit

312 2898 569 2966 Hamath,
602 2914 657 2959 et
691 2906 939 2977 Raphad,
992 2910 1121 2980 quia
1159 2909 1405 2965 auditum
1462 2912 1663 2966 malum
1711 2915 1897 2970 audie-

2004 1706 2204 1769 xElam,
2240 1706 2295 1760 in
2331 1706 2599 1776 principio
2631 1705 2709 1777 (d)
2742 1705 2883 1775 regis
2905 1704 3085 1768 Judte,
3110 1704 3439 1760 dicensz35.
3462 1703 3587 1761 Hzec

2002 1797 2133 1852 dicit
2155 1797 2419 1853 Dominus
2446 1797 2704 1851 virtutum
2730 1814 2743 1849 :
2769 1799 2836 1863 χ
2869 1795 3049 1864 Ecce:
3081 1796 3149 1865 (c)
3174 1795 3489 1852 confractus
3502 1804 3589 1851 est

2009 1903 2174 1943 arcus
2206 1886 2433 1955 Elami,
2468 1876 2797 1958 principium
2830 1888 3083 1956 potentia:
3106 1902 3318 1943 eorum.
3370 1885 3459 1941 36.
3522 1884 3586 1941 Et

2002 1979 2265 2034 adducam
2290 1992 2455 2048 super
2484 1977 2666 2032 Elam
2694 1986 2927 2047 quatuor
2948 1989 3142 2032 ventos
3164 1993 3195 2031 a
3227 1986 3462 2045 quatuor
3488 1992 3587 2029 ex-

2005 2069 2194 2123 tremis
2253 2068 2400 2135 cceli,
2431 2076 2486 2122 et
2532 2068 2843 2138 dispergam
2893 2081 2988 2121 eos
3018 2066 3072 2120 in
3103 2066 3359 2120 omnibus
3412 2065 3585 2121 ventis

2005 2159 2116 2221 his.
2145 2168 2200 2214 et
2229 2174 2338 2213 non
2372 2158 2475 2214 erit
2512 2175 2646 2228 gens
2670 2159 2760 2227 (Ῑ),
2787 2173 2909 2227 qua:
2938 2172 3045 2211 non
3074 2156 3293 2211 venient
3316 2156 3587 2210 illuczex-

2004 2251 2145 2321 pulsi
2180 2250 2405 2305 )Elami.
2431 2251 2520 2305 37.
2562 2250 2626 2304 Et
2647 2250 2985 2306 terrefaciam
3023 2250 3096 2319 (g)
3122 2264 3215 2304 eos
3245 2262 3427 2301 coram
3480 2247 3586 2300 ini-

2004 2343 2160 2397 micis
2191 2356 2404 2405 eorum.
2454 2342 2826 2412 quaerentibus
2853 2342 3096 2397 animum
3134 2355 3355 2404 eorum,
3395 2348 3450 2393 et
3484 2338 3585 2392 ad-

2001 2433 2197 2488 ducam
2233 2449 2399 2502 super
2428 2448 2525 2488 eos
2548 2433 2852 2488 secundum
2887 2433 3025 2487 iram
3060 2430 3258 2486 furoris
3293 2430 3421 2496 mei,
3452 2430 3586 2484 dicit

2007 2522 2275 2580 Dominus
2300 2543 2313 2578 :
2351 2533 2404 2579 et
2426 2524 2635 2578 mittam
2661 2532 2782 2592 post
2811 2539 2907 2579 eos
2933 2524 3170 2593 gladium
3194 2538 3396 2587 meum,
3411 2522 3585 2576 donec

2002 2617 2339 2671 absumserit
2368 2632 2484 2672 eos.
2510 2617 2601 2671 38.
2635 2615 2697 2669 Et
2756 2631 2955 2685 ponam
3001 2615 3255 2670 thronum
3315 2628 3496 2669 meum
3526 2613 3581 2666 in

2003 2706 2208 2767 Elam.
2243 2716 2297 2761 et
2326 2707 2547 2776 perdam
2587 2707 2713 2761 inde
2750 2723 2953 2777 regem,
3002 2717 3057 2762 et
3111 2715 3412 2777 magnates,
3450 2704 3584 2759 dicit

2003 2797 2284 2852 Dominus.
2320 2798 2410 2853 39.
2448 2797 2515 2851 Et
2548 2798 2654 2853 erit
2683 2798 2737 2853 in
2776 2808 3024 2853 extremo
3055 2798 3291 2861 dierum,
3328 2797 3579 2851 reducam

2002 2889 2367 2959 captivitatem
2420 2889 2655 2955 Elami,
2696 2891 2828 2944 dicit
2863 2889 3146 2945 Dominus.
3207 2888 3265 2943 ln
3310 2888 3581 2958 principio

316 3003 464 3053 runt.
518 2995 581 3065 (ἕ)
639 2956 1044 3068 obstupuerutit
1106 3003 1173 3067 χ(
1224 3002 1277 3055 in
1325 3002 1463 3055 mari
1499 3003 1520 3070 ζ
1550 3043 1566 3068 ,
1608 3004 1898 3076 indignata:

2008 2956 2289 3050 regnantis
2323 2981 2562 3037 Sedccize
2598 2982 2742 3054 regis
2777 2981 2980 3037 factum
3010 2989 3095 3037 est
3125 2956 3353 3035 verbum
3384 2956 3583 3037 hocide

314 3096 466 3148 sunt,
507 3088 849 3157 requiescere
894 3106 1001 3144 non
1049 3101 1322 3161 poterunt.
1371 3092 1463 3147 24.
1516 3093 1791 3151 Dissoluta
1819 3109 1903 3154 est

312 3181 639 3249 Damascus,
668 3185 936 3240 convertit
965 3202 1023 3241 se
1063 3187 1115 3240 in
1141 3186 1343 3255 fugam,
1369 3199 1423 3242 et
1455 3189 1621 3244 effusa
1662 3204 1778 3246 est:
1807 3209 1903 3263 ap-

321 3273 746 3342 prehenditeam
773 3285 999 3341 tremor,
1027 3281 1091 3344 )K
1115 3279 1277 3333 etiam
1306 3278 1328 3346 ζ
1355 3280 1570 3335 dolores
1601 3283 1901 3352 apprchen-

310 3366 509 3421 deruut
538 3384 680 3434 eam,
715 3373 780 3435 ἃ(
810 3372 950 3426 sicut
980 3370 1239 3441 parientis
1272 3374 1320 3441 ζ.
1355 3372 1446 3427 25.
1485 3372 1771 3440 Quomodo
1790 3393 1897 3432 non

320 3460 517 3529 reliqui
574 3461 645 3531 (k)
689 3462 881 3517 urbem
928 3480 1129 3531 meam,
1194 3482 1391 3536 pagum
1450 3468 1512 3538 (ι)
1558 3468 1901 3523 dilexerunt?

308 3553 400 3605 26.
439 3552 669 3623 Propter
701 3555 819 3609 hoc
855 3555 952 3626 (ml
997 3559 1192 3612 cadent
1236 3559 1467 3625 juvenes
1514 3559 1591 3629 (η)
1624 3560 1675 3613 in
1707 3560 1899 3629 plateis

312 3643 443 3707 tuis,
480 3652 535 3697 et
575 3658 767 3699 omnes
802 3645 902 3699 viri
956 3647 1249 3703 bellatores
1279 3649 1357 3701 tui
1406 3650 1601 3703 cadent
1631 3652 1698 3719 Χ
1728 3651 1779 3704 ἰη
1813 3650 1899 3706 die

312 3734 405 3787 illo
440 3734 503 3801 ζ,
540 3736 671 3789 dicit
724 3734 990 3791 Dominus
1038 3738 1326 3793 virtutum.
1381 3740 1469 3793 27.
1513 3740 1576 3793 Et
1600 3742 1895 3796 accendam

319 3826 495 3883 ignem
561 3822 613 3875 in
660 3839 817 3878 muro
869 3824 1145 3889 Damasci,
1192 3838 1245 3881 et
1278 3829 1525 3883 comedet
1560 3833 1632 3898 (0)
1688 3834 1897 3901 plateas

321 3914 415 3967 lilii
447 3912 644 3970 Hader.
677 3915 769 3969 28.
802 3915 981 3971 Cedar
1013 3918 1212 3987 regina:
1248 3919 1395 3986 atrii,
1420 3936 1582 3989 quam
1626 3925 1900 3991 percussit

312 4005 816 4063 Nabuchodonosor
837 4026 935 4064 rex
964 4009 1279 4082 Babylonis,
1310 4012 1389 4067 sic
1423 4014 1556 4067 dixit
1591 4013 1854 4070 Dominus
1880 4034 1893 4071 :

314 4098 560 4167 Surgite,
594 4099 871 4154 ascendite
900 4114 1065 4170 super
1090 4099 1286 4167 Cedar,
1318 4102 1393 4171 (q)
1429 4111 1483 4157 et
1534 4104 1751 4173 implete
1800 4120 1897 4160 eos

312 4187 456 4243 lilios
487 4190 708 4245 Cedem.
747 4190 836 4245 29.
887 4190 1140 4246 Tentoria
1174 4208 1389 4256 eorum,
1446 4202 1500 4248 et
1546 4210 1677 4250 oves
1704 4210 1893 4250 eorum

313 4292 566 4336 sument:
596 4281 663 4351 (r)
688 4282 1011 4337 vestimenta
1034 4298 1246 4348 eorum,
1265 4288 1509 4339 ctomnia
1535 4302 1661 4340 vasa
1679 4304 1893 4352 eorum,
1928 4304 1972 4358 ι)

311 4378 365 4424 et
395 4371 635 4427 camelos
661 4388 850 4428 eorum
876 4384 1095 4429 sument
1123 4375 1251 4442 sibi,
1271 4374 1405 4446 (s)et
1434 4378 1701 4433 vocabitis
1729 4394 1894 4449 super

2010 3070 2216 3126 JElam.

2076 3164 2215 3234 Cap.
2254 3162 2317 3218 L.
2344 3196 2408 3205 -—
2428 3164 2475 3218 Ι.
2503 3162 2761 3227 Verbum,
2789 3164 2934 3234 quod
2965 3164 3178 3219 locutus
3204 3173 3291 3218 est
3313 3161 3581 3220 Dominus

2002 3270 2167 3324 super
2228 3254 2576 3324 Babylonem,
2620 3258 2688 3322 Ἀ(
2726 3257 2793 3309 a.l
2846 3264 3042 3309 terram
3090 3254 3468 3309 Chaldaeorum
3522 3256 3580 3310 in

2002 3361 2166 3399 manu
2198 3345 2446 3401 Jeremite
2474 3347 2750 3416 propheta:
2781 3344 2804 3412 ζ
2838 3364 2851 3399 :
2884 3345 2940 3400 2.
2974 3345 3309 3401 Annuntiate
3324 3346 3377 3400 in
3403 3346 3580 3415 genti-

2003 3438 2124 3503 bus,
2157 3446 2213 3492 et
2248 3438 2435 3492 audita
2464 3436 2648 3501 facite,
2678 3446 2733 3491 et
2761 3437 2841 3503 (Ir)
2874 3438 3044 3493 tollite
3070 3438 3307 3510 signum,
3333 3439 3579 3494 auditum

2000 3530 2183 3594 facile,
2212 3542 2267 3586 et
2302 3546 2369 3585 ne
2410 3530 2781 3585 abscondatis.
2812 3528 3022 3585 Dicite:
3055 3530 3223 3599 Capta
3250 3541 3335 3587 est
3392 3530 3578 3595 Babcl,

2001 3622 2226 3677 erubuit
2260 3620 2354 3674 Bel
2395 3621 2672 3685 animosa,
2705 3628 2759 3674 et
2809 3618 3064 3686 delicata,
3115 3621 3176 3691 (r)
3226 3622 3457 3677 traditus
3494 3630 3580 3676 est

1998 3712 2345 3767 Maerodach:
2386 3713 2454 3779 Χ
2499 3713 2842 3766 erubuerunt
2884 3713 3028 3767 idola
3079 3712 3232 3782 ejus,
3288 3712 3579 3782 pudefacta

1998 3814 2127 3860 sunt
2169 3805 2581 3873 inquinamenta
2611 3803 2729 3871 ejus
2759 3804 2808 3870 ζ.
2864 3806 2917 3861 5.
2954 3803 3093 3870 Quia
3135 3804 3381 3858 ascendit
3415 3818 3579 3873 super

1998 3909 2119 3949 eam
2151 3907 2286 3961 gens
2319 3892 2390 3946 ab
2418 3892 2719 3962 aquilone:
2769 3893 2857 3947 hic
2903 3904 3071 3963 ponet
3117 3903 3318 3948 terram
3362 3893 3482 3963 ejus
3521 3894 3575 3947 in

1997 3986 2248 4046 exitium,
2286 3992 2341 4039 et
2362 4000 2471 4037 nou
2500 3984 2605 4038 erit
2634 3983 2885 4038 habitans
2922 3983 2975 4037 in
3010 3998 3073 4037 ea
3118 3984 3187 4038 ab
3233 3984 3455 4037 homine
3482 3998 3577 4037 us-

1998 4095 2105 4148 que
2135 4079 2201 4132 ad
2226 4078 2537 4147 jumentum
2569 4095 2580 4128 :
2605 4076 3051 4145 Xtrcpidarunt,
3076 4075 3328 4128 abierunt
3360 4076 3407 4144 ζ.
3438 4074 3490 4128 ι.
3518 4072 3575 4127 ltt

1998 4171 2192 4226 diebus
2220 4168 2365 4231 istis,
2404 4176 2459 4221 et
2489 4167 2543 4220 in
2574 4175 2820 4235 tempore
2851 4165 2965 4230 illo,
2996 4163 3132 4219 dicit
3159 4163 3447 4225 Dominus,
3487 4178 3579 4216 ve-

2005 4264 2156 4316 nient
2183 4259 2277 4313 lilii
2321 4258 2537 4313 lsraelis
2564 4256 2688 4325 ipsi,
2729 4265 2784 4311 et
2811 4256 2903 4309 lilii
2944 4254 3099 4310 Judze
3146 4255 3334 4317 simul,
3379 4256 3575 4309 ambu-

2000 4356 2174 4409 iantes
2195 4363 2249 4407 et
2280 4350 2471 4406 flentes
2496 4349 2672 4415 ibunt,
2709 4348 2995 4404 Dominum
3028 4346 3197 4403 Deum
3233 4360 3395 4401 suum
3425 4362 3575 4416 quae-

387 4628 577 4714 (n)
612 4639 665 4714 ett
706 4630 1011 4714 legatusﬁad
1056 4646 1241 4705 gentes
1275 4636 1476 4714 missus
1508 4646 1592 4714 est
1609 4654 1773 4714 super
1805 4654 1898 4714 ean

2002 4637 2063 4714 ξο)
2099 4637 2435 4714 Supersunt.
2478 4631 2677 4714 (p)_d.,
2714 4626 3178 4714 §.,“conlcmtum.
3221 4628 3412 4714 (q)
3444 4629 3569 4714 ηε..

307 4699 579 4776 superbia.
624 4699 703 4776 8.,
741 4700 989 4765 gloriatio
1012 4698 1101 4758 lu'a
1137 4706 1415 4776 superbire
1441 4707 1565 4761 fecit
1588 4718 1657 4761 te.
1680 4698 1769 4774 ’(ν)
1807 4707 1895 4762 Hae

2002 4698 2059 4776 ξε)
2102 4698 2194 4770 Λ.ξ
2222 4706 2463 4776 afflictio.
2498 4698 2572 4776 ⁷(ὲ)
2601 4704 2691 4776 4.,
2724 4698 2944 4765 Reliqui,
2982 4702 3033 4754 in
3076 4698 3451 4776 foraminibus.

308 4771 835 4837 comprehendentes
872 4783 1099 4838 petram.
1128 4771 1246 4837 Th.,
1280 4776 1617 4831 altitudinem
1651 4771 1828 4832 collis.

1874 4780 1952 4847 (τι)
1985 4771 2253 4831 Habitavit
2290 4777 2342 4829 in
2373 4771 2735 4847 foraminibus
2770 4779 3065 4847 petrarum;
3112 4772 3328 4847 (x).l_hi.
3370 4771 3445 4839 (ῃ)
3476 4772 3567 4833 Α.,

312 4842 379 4921 ξι
407 4840 868 4921 ριιιαῑιιδὶίυιςίιιθηι
902 4843 1203 4921 robus-lant.
1239 4844 1320 4909 8.,
1361 4864 1389 4899 a
1423 4847 1591 4917 gloria
1658 4848 1730 4916 (ι)
1754 4848 1839 4911 8.,
1873 4838 2421 4921 superhabitaculum
2454 4844 2873 4921 pr‘i‘ncip‘atuum.
2920 4840 2995 4909 (a)
3026 4838 3319 4903 S.,'subito
3351 4838 3570 4921 currere

314 4908 512 4962 faciam
539 4925 661 4989 cum
688 4909 919 4989 desuper
942 4928 1003 4989 ea
1027 4924 1130 4989 ‘:__et
1160 4908 1449 4989 homineni
1464 4908 1901 4989 electutit'super
1927 4908 2046 4989 eam
2076 4917 2424 4989 constituam.
2454 4908 2467 4913 ⁷
2503 4912 2576 4984 (b)
2627 4910 2691 4964 Et
2721 4908 2942 4989 juvenes
2979 4908 3150 4989 super
3179 4924 3296 4964 eam
3357 4910 3567 4989 consti-

310 4988 485 5050 tuam.
563 4979 635 5049 (c)
673 4979 762 5050 .4.,
797 4978 878 5050 8.,
917 4981 1113 5039 similis
1145 4985 1300 5050 mihi,
1336 4996 1390 5040 et

313 5048 381 5116 (ι’)
412 5048 547 5103 Tua.
578 5048 582 5049 ⁷
629 5049 700 5117 (gl
724 5049 813 5114 A.,
844 5048 928 5115 8.,
963 5055 1238 5108 ascendet.
1290 5048 1393 5119 Vill)

312 5256 398 5321 8.,
441 5256 703 5315 cortinas.

1464 4988 1549 5040 uis
1578 4988 1871 5041 sustinebit
1891 4988 2016 5042 me?

1471 5097 1509 5115 ..
1534 5055 1617 5121 8.,
1661 5072 1822 5125 super
1858 5056 2047 5110 Dosra.

313 5118 779 5198 (.Irn_A.,‘S.,’_Tlt..
805 5122 1121 5198 laudabilis,
1161 5118 1483 5198 tnetropOIis
1508 5118 1744 5198 gaudii.‘
1793 5126 1856 5195 (ι)
1896 5129 1898 5176 1

2002 5128 2086 5181 :xi.
2134 5118 2143 5125 ’
2167 5118 2261 5195 (ut)
2287 5118 2369 5187 8Ῑ,
2394 5124 2786 5198 conticescent.

311 5189 467 5269 (licia.
497 5191 586 5269 A._,
618 5189 701 5258 8.,
734 5193 953 5269 palatia.
1032 5194 1109 5261 (p)
1141 5196 1225 5259 A.,
1258 5194 1313 5250 8.
1331 5189 1422 5261 {et
1448 5189 1630 5263 regnis
1662 5189 1860 5260 llaso'r',
1882 5214 2004 5267 qum
2029 5189 2318 5269 percussit.
2397 5191 2588 5269 (Ἤδη
2619 5201 2674 5269 f3t
2692 5191 2838 5269 “ip”:

784 5263 852 5336 (sl
885 5270 972 5326 Α..
1021 5259 1100 5336 et
1138 5259 1412 5321 vocabunt
1464 5259 1628 5336 super
1660 5284 1755 5321 eos
1814 5259 1898 5320 tur

2003 5259 2087 5321 ein
2140 5259 2688 5336 uudique.i"(t)_A.,
2730 5259 2915 5336 fugite,
2938 5262 3230 5336 grulantes
3255 5275 3359 5336 vos
3388 5260 3565 5314 valde.

2093 4978 2288 5060 (d)'A_.,
2326 4978 2568 5060 minores
2595 4980 2808 5060 gregis.
2845 4978 2943 5060 ⁸(ε)
3001 4978 3092 5060 Λέ,
3156 4978 3563 5060 commotionis.

2127 5048 2188 5125 (ἱ)
2221 5055 2309 5125 8.,
2335 5048 2662 5125 perturbata:
2691 5048 2816 5103 sunt
2845 5048 2896 5125 in
2922 5051 3057 5125 "lari
3085 5049 3563 5125 “sollicitudine.

3157 5120 3234 5189 (υ)
3266 5119 3567 5185 ΑΜΦΟΔΑ,

2861 5118 3075 5189 (anui.
3157 5120 3234 5189 (0)
3266 5119 3564 5185 ΔΜΦΟΔΑ,

2891 5190 3031 5244 lilios
3050 5190 3301 5244 orientis.
3379 5188 3450 5259 (r)
3475 5191 3564 5255 A.,

2397 5191 2588 5265 ωε..
2619 5191 2861 5265 etrapit}!
2891 5190 3031 5244 lilios
3050 5190 3301 5265 orientis.

312 5329 393 5395 (ιι)
418 5328 589 5407 8.,‘iu
625 5327 893 5407 profundo
916 5334 1144 5407 sedete,
1195 5327 1756 5391 habitatores'llasor.
1839 5340 1916 5407 (az)
1950 5338 2041 5401 Α.,
2078 5327 2318 5407 surgite,
2376 5327 2769 5407 ascet_idamus._
2797 5327 2812 5329 ⁷
2836 5330 2910 5397 (y)
2938 5327 3061 5407 Ei_s._
3129 5331 3199 5407 (ι)
3233 5328 3321 5407 ᾼ.,
3347 5337 3403 5382 et
3435 5343 3567 5384 cou-

314 5401 560 5468 gregatio
590 5404 959 5468 possessionis
987 5420 1179 5458 eorum
1234 5423 1423 5462 eorum
1462 5408 1514 5462 in
1576 5416 1851 5461 saxetum.

312 5466 397 5544 8.,
428 5466 687 5525 sirenum.
764 5472 839 5543 (ιι)
873 5473 1039 5544 Regni
1072 5474 1327 5530 Scderim.

1932 5397 2036 5475 (ιι)⁷
2073 5397 2458 5479 l’artveui.'__(b)
2484 5404 2587 5479 _.l.,
2620 5398 2704 5464 8.,
2728 5397 2927 5479 llasor.
3001 5401 3071 5470 (c)
3115 5397 3202 5461 Α..
3240 5401 3518 5479 draconun

1402 5479 1468 5545 (cl
1509 5478 1598 5535 Α..
1634 5476 1715 5538 8..
1771 5468 2046 5531 conteram
2082 5492 2267 5531 arcum
2298 5468 2519 5538 JEIanti,
2547 5480 2710 5545 caput
2743 5468 3242 5545 virtutis_c(irum._
3291 5470 3359 5541 (f)
3395 5468 3477 5537 8.,
3510 5471 3563 5524 in

3001 5401 3071 5470 (c)
3115 5401 3176 5453 Α.
3190 5441 3202 5461 ,
3240 5401 3561 5470 draconum.

314 5539 419 5607 his,
454 5560 574 5611 qua:
614 5560 717 5595 nun
752 5539 1145 5614 ingrediuntur.
1222 5539 1739 5618 (g)A.,S.,/Elam.
1821 5549 2004 5619 (Ii)A.,
2036 5548 2205 5602 tollite
2227 5548 2463 5617 signum.
2540 5543 2602 5613 (ἱ)
2625 5542 2714 5607 Α.,
2740 5540 2958 5610 expavit
2976 5540 3283 5597 Merodaclt.
