4042 6194
502 149 644 206 2335

1781 157 2093 214 JZBEMME
2135 159 2359 217 CAPUT
2413 163 2472 217 Ι..

3606 169 3748 225 2386

506 282 707 326 rentes.
763 271 816 325 5.
843 270 1028 341 Usque
1066 272 1132 327 ad
1189 273 1410 330 Sionem
1463 278 1869 348 interrogabunt
1907 281 2072 342 viam,
2109 284 2147 339 Α
2183 281 2466 336 restituam
2501 280 2751 336 Israt-lem
2791 282 2840 334 in
2870 296 3129 351 pascuum
3163 297 3346 350 suum,
3375 293 3430 341 et
3465 299 3647 356 pascet
3689 291 3746 347 in

504 363 576 435 (Β)
613 364 702 419 hic
741 364 889 419 enim
931 364 1124 421 faciem
1173 382 1327 422 suam
1363 380 1422 423 ot»
1471 366 1534 437 (ι)
1567 367 1772 422 dabunt
1802 371 1850 437 1,
1886 381 1940 426 et
1979 387 2070 425 ve-
2173 369 2448 436 Carmclo,
2477 384 2528 426 et
2560 372 2611 425 itt
2645 371 2842 439 Basan,
2875 383 2931 427 et
2957 374 3011 427 in
3044 385 3228 431 monte
3277 375 3549 446 prraem,
3591 390 3644 435 et
3687 381 3741 436 iit

505 456 674 519 nient,
715 463 770 511 et
821 455 1137 528 confugient
1188 459 1255 512 ad
1302 459 1629 523 Dominum;
1685 470 2068 517 testamentum

2171 463 2397 529 Galaad,
2432 475 2484 520 et
2509 466 2904 520 saturabuutur
2926 468 3124 522 anima:
3157 483 3372 525 eorum.
3407 470 3500 526 20.
3535 471 3590 525 lu
3619 472 3742 527 die-

503 546 649 601 enim
688 555 950 602 aeternum
986 565 1093 602 non
1130 549 1389 604 oblivioni
1419 551 1681 606 tradetur.
1704 552 1758 606 6.
1790 557 1928 610 Oves
1947 570 2070 623 per-
2169 556 2274 611 bus
2322 557 2463 621 istis,
2511 566 2565 612 et
2609 557 2662 610 in
2714 566 2958 627 tempore
3004 559 3116 624 illo,
3161 560 3294 615 dicit
3336 561 3620 628 Dominus,
3674 562 3738 633 (ἕ)

502 637 628 691 (litae
665 636 843 694 factus
870 650 952 694 est
991 641 1221 710 populus
1255 656 1431 704 meus,
1465 650 1711 711 pastores
1743 659 1935 699 eorum
1968 645 2064 715 (ηε)

501 729 830 798 expulerunt
861 743 975 795 eos,
1022 745 1187 798 super
1222 739 1438 785 montes
1469 731 1546 802 (η)
1582 733 1917 789 seduxerunt
1947 750 2062 798 eos.

499 819 567 873 de
597 829 782 874 monte
810 837 974 891 super
1007 823 1200 876 collem
1235 823 1506 886 abierunt,
1541 824 1691 879 obliti
1720 834 1849 880 sunt
1871 827 2067 882 cubilis

500 911 604 965 sui.
635 911 684 966 Ἰ.
713 911 917 968 Omnes
948 915 1287 970 invenientes
1317 929 1413 970 eos
1441 926 1902 987 consumpserunt
1929 933 2062 973 eos:

497 1002 571 1074 (ο)
601 1002 806 1059 inimici
840 1019 1029 1060 eorum
1057 1007 1312 1063 dixerunt
1339 1026 1354 1064 :
1385 1007 1462 1063 Ne
1493 1009 1779 1078 quiescere
1800 1010 2066 1068 faciamus

495 1105 612 1154 eos,
643 1107 743 1161 pro
775 1108 840 1148 eo
863 1096 1008 1166 quod
1043 1107 1339 1168 peccarunt
1375 1099 1645 1155 Domino:
1678 1101 1755 1170 (ρ)
1796 1116 2062 1170 pascuum

490 1180 717 1250 justitize
743 1185 816 1247 ei,
844 1188 935 1256 qui
969 1199 1262 1261 congregat
1309 1201 1489 1260 patres
1531 1206 1742 1257 eorum,
1773 1193 2060 1249 Dominus.

494 1271 545 1325 8.
581 1274 654 1343 (q)
681 1275 1075 1333 Ahaliruamini
1109 1295 1138 1336 e
1176 1282 1354 1336 medio
1400 1282 1712 1354 Babylonis,
1759 1293 1814 1338 et
1841 1300 1871 1338 e
1915 1294 2058 1341 terra

491 1362 893 1436 Chaldaeorum,
930 1379 984 1424 et
1015 1371 1181 1436 exite,
1215 1381 1268 1427 et
1309 1382 1480 1428 estote
1521 1375 1591 1444 (r)
1619 1375 1759 1430 sicut
1797 1376 2061 1432 dracones

491 1467 678 1510 coram
728 1456 867 1512 facie
909 1460 1114 1515 ovium.
1155 1462 1208 1518 9.
1253 1461 1392 1529 Quia
1441 1479 1568 1520 ecce
1604 1480 1704 1533 ego
1754 1468 1956 1529 excito,
2004 1474 2059 1520 et

492 1546 790 1602 ascendere
838 1548 980 1604 facio
1029 1565 1196 1620 super
1241 1553 1566 1622 Babylonem
1606 1557 2056 1626 congregationes

490 1637 731 1706 gentium
763 1655 1082 1711 magnarum
1111 1653 1306 1700 eterra
1338 1649 1744 1715 septentrionis,
1773 1657 1829 1702 et
1876 1664 1935 1703 se
1975 1649 2058 1702 iu-

490 1736 703 1783 struent
759 1731 1023 1787 adversus
1070 1749 1232 1799 eam;
1284 1735 1408 1790 inde
1459 1737 1744 1808 capietur:
1792 1739 1936 1794 sicut
1986 1740 2056 1808 (ε)

490 1820 654 1872 telum
689 1823 1007 1891 pugnatoris
1036 1823 1385 1894 intelligentis
1423 1842 1524 1883 nec
1552 1829 1752 1884 redibit
1799 1845 2054 1884 vacuum.

489 1909 576 1964 10.
623 1909 688 1966 Et
714 1913 819 1968 erit
850 1913 1100 1969 Chaldtca
1133 1916 1186 1969 in
1219 1916 1474 1986 praedam,
1511 1928 1563 1974 et
1588 1933 1781 1975 omnes
1815 1921 2056 1990 prtedan-

489 2011 568 2055 tes
612 2017 733 2056 eam
782 2005 1195 2070 saturabuutur,
1259 2009 1391 2062 dicit
1450 2011 1732 2066 Dominus.
1779 2012 1860 2065 11.
1917 2011 2053 2078 Quia

485 2090 657 2157 gavisi
683 2091 817 2147 estis
850 2101 905 2147 et
935 2094 1173 2163 gloriati,
1208 2113 1331 2152 cum
1357 2096 1660 2166 diripuistis
1689 2102 2052 2156 haereditatem

487 2194 687 2245 meam,
711 2183 838 2251 quia
875 2184 1216 2253 exsultastls,
1248 2187 1388 2242 sicut
1417 2189 1558 2243 tauri
1587 2190 1640 2244 in
1675 2190 1866 2255 herba,
1909 2203 1956 2245 et
1989 2193 2052 2260 (t)

483 2283 653 2322 cornu
679 2270 927 2339 petiistis,
947 2273 1088 2328 sicut
1110 2274 1313 2330 bubali.
1334 2275 1416 2329 12.
1437 2274 1664 2331 Erubuit
1685 2286 1857 2331 mater
1876 2291 2051 2331 vestra

483 2359 658 2424 valde,
709 2361 785 2430 (tt)
836 2373 1010 2418 mater
1058 2366 1115 2420 itt
1157 2366 1337 2421 bona:
1383 2382 1512 2423 ecce
1562 2369 1752 2423 ultima
1809 2370 2048 2439 gentium

482 2449 758 2504 desertum
793 2453 860 2520 »ζ
889 2453 1008 2507 sine
1038 2469 1200 2524 aqua,
1241 2465 1294 2510 et
1324 2471 1431 2511 non
1462 2458 1728 2512 calcatum
1767 2459 1816 2527 1.
1845 2459 1932 2513 13.
1965 2459 2049 2513 Ab

483 2540 562 2594 ira
584 2539 795 2595 Domini
816 2558 922 2596 non
948 2545 1280 2600 habitabitur
1299 2565 1312 2601 :
1334 2557 1387 2601 et
1405 2549 1505 2603 crit
1527 2548 1581 2604 in
1602 2550 1825 2604 exititttn
1847 2551 2046 2616 omnis,

481 2641 535 2686 et
560 2634 761 2699 omnis,
793 2634 885 2704 qui
943 2636 1222 2692 transierit
1254 2653 1418 2709 super
1445 2638 1797 2710 Babylonem,
1837 2641 1916 2709 (π)
1954 2641 2052 2695 tri-

482 2723 737 2790 stabilur,
768 2735 824 2780 et
867 2726 1112 2782 sibilabit
1164 2743 1332 2799 super
1381 2745 1596 2785 omnem
1650 2731 1859 2800 plagam
1905 2732 2046 2798 ejus.

486 2811 570 2866 Η.
625 2811 880 2868 lnstruite
933 2829 1033 2870 vos
1087 2831 1254 2886 super
1301 2817 1630 2888 Babylonem
1671 2820 2048 2884 circumcirca,

2167 657 2413 716 quaerent
2445 647 2764 717 iniustitiam
2796 647 3110 714 lsraelis,et
3147 665 3255 704 non
3275 651 3403 716 erit,
3435 660 3492 705 et
3519 661 3739 721 peccata

2167 735 2338 803 Jttdte,
2358 747 2412 793 et
2439 754 2543 793 non
2568 739 2916 794 invenientur
2939 755 2955 806 ;
2979 740 3107 810 quia
3131 741 3396 811 propitius
3415 757 3508 796 ero
3535 743 3737 799 relictis

2165 825 2256 880 2|.
2298 827 2370 897 (lt)
2400 843 2566 898 super
2596 838 2772 884 terra:
2809 845 2994 886 amare
3031 831 3092 901 (ι)
3132 831 3366 886 ascende
3394 847 3560 901 super
3590 848 3733 898 eam,

2165 925 2220 972 et
2251 933 2412 986 super
2473 918 2782 975 habitantes
2837 936 3002 990 super
3047 937 3109 976 ea
3162 922 3304 990 (tu):
3346 931 3398 977 et
3450 923 3734 989 ulciscere,

2165 1008 2358 1078 gladie.
2392 1009 2468 1079 (ιι)
2493 1019 2544 1064 et
2574 1010 2731 1066 abole
2763 1015 2828 1081 Χ
2855 1022 2979 1082 post
3009 1027 3104 1068 eos
3137 1013 3281 1067 mala
3318 1013 3366 1080 1,
3393 1013 3529 1070 dicit
3555 1014 3738 1070 Domi-

2165 1115 2289 1163 nus,
2326 1109 2380 1154 et
2420 1098 2503 1154 fac
2531 1102 2830 1158 secundum
2866 1103 3070 1168 omnia,
3119 1119 3240 1175 quae
3268 1120 3574 1178 pracepero
3611 1110 3731 1164 tibi.

2161 1193 2250 1247 22.
2291 1193 2401 1247 Vox
2443 1193 2567 1248 belli
2613 1195 2667 1249 in
2697 1204 2839 1252 terra
2871 1197 3272 1266 Chalda-orum,
3325 1211 3378 1256 et
3428 1203 3734 1259 confractio

2162 1299 2376 1354 magna.
2434 1283 2523 1340 25.
2559 1285 2847 1352 Quomodo
2877 1288 3188 1346 confractus
3231 1301 3336 1358 est,
3369 1301 3425 1347 et
3463 1293 3731 1349 contritus

2160 1384 2244 1430 est
2279 1375 2506 1430 malleus
2557 1378 2740 1434 omnis
2775 1382 2973 1435 terrae?
3028 1383 3304 1452 quomodo
3360 1383 3503 1439 facta
3545 1394 3628 1439 est
3673 1385 3727 1439 in

2159 1464 2547 1522 desolationem
2584 1466 2744 1524 Babel
2792 1469 2846 1524 in
2899 1473 3200 1541 gentibus?
3267 1473 3358 1526 24.
3411 1473 3487 1544 (o)
3548 1474 3728 1544 Impo-

2159 1565 2287 1608 nent
2320 1555 2436 1621 tibi,
2473 1565 2526 1612 et
2555 1558 2810 1627 capieris,
2843 1558 3026 1625 Babel,
3055 1563 3131 1630 (p)
3165 1571 3352 1618 etnon
3383 1578 3683 1634 cognosces
3710 1583 3724 1619 :

2162 1645 2378 1700 inventa
2406 1663 2486 1711 es,
2524 1657 2579 1702 et
2604 1658 2762 1720 capta
2784 1666 2865 1718 es,
2895 1653 3021 1722 quia
3045 1654 3307 1709 adversus
3328 1653 3618 1709 Dominum
3651 1655 3726 1725 (q)

2159 1731 2376 1786 stetisti.
2410 1732 2500 1787 25.
2530 1737 2759 1804 Aperuit
2808 1739 3067 1794 Dominus
3102 1741 3418 1796 thesaurum
3463 1757 3644 1804 suum,
3672 1751 3728 1798 et

2158 1821 2382 1889 protulit
2406 1837 2534 1878 vasa
2562 1824 2658 1880 ira:
2690 1841 2825 1892 suae,
2865 1829 2993 1896 quia
3039 1845 3176 1900 opus
3205 1833 3273 1900 ὴ(
3301 1839 3385 1887 est
3423 1831 3446 1900 1
3495 1831 3728 1887 Domino

2158 1908 2228 1978 (r)
2272 1908 2504 1965 Domino
2535 1913 2792 1968 virtutum
2823 1915 2876 1969 in
2914 1925 3056 1972 terra
3082 1918 3480 1975 Chaldaeorum.
3531 1920 3626 1977 26.
3654 1921 3726 1991 (s)

2157 1995 2294 2063 Quia
2320 2009 2587 2054 venerunt
2611 2003 2680 2070 Χ
2701 2005 2748 2056 ei
2778 2003 2798 2071 1
2835 2013 3074 2075 tempora
3102 2006 3222 2076 ejus
3247 2025 3261 2060 :
3296 2008 3500 2077 aperite
3525 2008 3722 2064 horrea

2155 2086 2301 2156 ejus,
2363 2088 2428 2159 (t)
2485 2092 2806 2145 scrutamini
2856 2109 3013 2159 eam,
3065 2096 3208 2150 sicut
3269 2097 3622 2164 speluncam,
3668 2105 3724 2152 et

2154 2177 2326 2232 delete
2419 2194 2582 2232 eam:
2641 2195 2710 2235 ne
2794 2181 2868 2234 sit
2927 2183 3204 2238 residuum
3265 2185 3411 2254 ejus:
3487 2186 3576 2240 27.
3641 2187 3720 2256 (tt)

2152 2268 2425 2322 cxsiccate
2470 2284 2663 2324 omnes
2717 2269 2926 2326 fructus
2973 2273 3131 2342 ejus:
3194 2283 3250 2329 et
3295 2275 3628 2331 descendant
3664 2279 3719 2332 in

2154 2360 2534 2414 mactatiouem
2563 2379 2576 2414 :
2610 2376 2690 2414 vae
2717 2362 2820 2427 cis,
2852 2363 2979 2431 quia
3008 2365 3153 2419 venit
3181 2366 3297 2421 dies
3336 2381 3550 2432 eorum,
3587 2377 3722 2423 tem-

2151 2463 2254 2518 pus
2291 2450 2368 2518 ιω)
2430 2451 2656 2506 ultionis
2716 2466 2929 2507 eorum.
2984 2454 3074 2509 28.
3133 2455 3246 2510 Vox
3288 2455 3610 2527 fugientium
3667 2469 3719 2515 et

2149 2540 2494 2594 evadentium
2525 2555 2556 2595 e
2586 2549 2729 2595 terra
2757 2540 3069 2613 Babylonis,
3099 2545 3164 2597 ad
3197 2547 3632 2602 annuntiandum
3663 2549 3716 2603 iu

2153 2629 2372 2684 Sionem
2405 2631 2690 2698 ultionem,
2724 2648 2845 2703 qua:
2896 2649 2926 2688 a
2974 2632 3206 2690 Domino
3256 2635 3366 2691 Deo
3396 2646 3606 2703 nostro,
3650 2644 3715 2709 χ(

2152 2721 2413 2776 ultionem
2450 2722 2634 2792 templi
2663 2723 2784 2792 ejus
2814 2722 2863 2792 1.
2895 2724 2985 2779 29.
3025 2723 3308 2795 Prtecipite
3344 2742 3510 2797 super
3538 2726 3718 2799 Baby-

2151 2813 2328 2869 lonem
2363 2813 2568 2878 multis,
2601 2815 2750 2868 omni
2782 2816 3018 2870 tendenti
3049 2831 3260 2881 arcum,
3310 2827 3488 2873 castra
3540 2827 3716 2873 mela-

479 2915 670 2956 omnes
715 2903 1002 2959 tendentes
1045 2919 1258 2969 arcum,
1308 2907 1558 2973 sagittate
1592 2922 1754 2976 super
1784 2923 1926 2970 eam,
1981 2922 2047 2962 ne
2073 2944 2116 3002 ο
2151 2905 2284 2958 mini
2316 2920 2480 2973 super
2506 2919 2626 2960 eam
2655 2905 3052 2962 circumcirca:
3096 2923 3163 2963 ne
3202 2901 3272 2963 sit
3301 2911 3537 2965 evadeus
3573 2909 3715 2979 ejus,

481 2992 720 3059 parcatis
751 3008 918 3062 super
944 2994 1066 3049 telis
1091 2996 1310 3059 vestris,
1343 2998 1412 3067 χ(
1437 2997 1566 3067 quia
1598 2997 1828 3053 Domino
1858 3013 2050 3068 pecca-

479 3084 557 3138 vit
582 3084 628 3150 1.
659 3084 748 3139 15.
773 3085 849 3156 (y)
873 3083 940 3140 Et
964 3085 1177 3142 fortiter
1198 3087 1339 3158 agite
1366 3103 1530 3158 super
1547 3104 1666 3144 eam
1695 3089 1749 3143 in
1775 3089 2006 3145 circuitu
2030 3107 2044 3143 :

481 3173 558 3243 (2)
583 3173 866 3229 dissolutas
891 3183 1020 3229 sunt
1051 3190 1248 3232 manus
1289 3176 1430 3245 ejus,
1457 3178 1773 3234 ceciderunt
1813 3180 1891 3248 (α)
1923 3195 2048 3248 pro-

479 3263 782 3334 pugnacula
812 3263 950 3332 ejus.
986 3273 1042 3320 et
1064 3266 1372 3322 eradicatus
1401 3277 1486 3324 est
1513 3283 1704 3323 murus
1731 3267 1891 3338 ejus;
1919 3267 2044 3337 quia

480 3354 716 3409 vindicta
745 3369 776 3409 a
816 3355 928 3411 Deo
958 3366 1060 3422 est,
1103 3358 1179 3429 (b)
1219 3359 1547 3415 ulciscimini
1589 3375 1732 3426 eam,
1780 3360 2048 3431 quemad-

483 3447 706 3501 modum
756 3446 904 3513 fecit,
959 3447 1120 3504 facite
1167 3452 1238 3505 ei.
1277 3450 1366 3506 16.
1405 3450 1584 3506 Delete
1628 3454 1702 3522 (ε)
1746 3467 1931 3507 semen
1978 3466 2046 3506 ex

480 3537 774 3609 Babylone,
806 3548 858 3594 et
885 3547 1157 3596 tenentem
1185 3541 1376 3597 falcem
1406 3542 1460 3597 in
1489 3551 1732 3613 tempore
1761 3545 1957 3600 messis
1977 3545 2047 3600 ab

479 3636 605 3682 ante
636 3626 827 3683 faciem
876 3629 1040 3700 gladii
1077 3631 1156 3701 (ά)
1190 3629 1388 3698 ϐιαωεί,
1434 3633 1815 3703 unusquisque
1849 3632 1902 3690 in
1951 3649 2049 3703 po-

479 3718 669 3787 pulum
706 3734 866 3773 suum
913 3729 1280 3787 revertentur,
1317 3729 1372 3778 et
1411 3723 1787 3794 unusquisque
1825 3723 1878 3778 in
1926 3723 2050 3793 (ter-

478 3808 616 3878 ram)
643 3808 706 3880 (')
735 3823 892 3864 suam
920 3809 1110 3881 fugiet.
1144 3812 1231 3866 17.
1265 3813 1391 3869 Ovis
1416 3828 1608 3869 errans
1635 3812 1822 3876 lsrael,
1865 3814 2048 3874 leones

476 3900 804 3968 expulerunt
833 3917 956 3957 eum
980 3919 994 3958 :
1019 3903 1227 3971 primus
1249 3906 1483 3960 comedit
1505 3921 1629 3961 eum
1652 3923 1745 3961 rex
1773 3907 2044 3978 Assyriae:

476 3999 526 4044 et
557 3991 644 4046 hic
673 3992 939 4060 posterior
967 3992 1034 4063 (ε)
1059 4009 1182 4048 ossa
1213 3994 1334 4064 ejus
1353 3993 1932 4064 (fiNabuchodonosor
1953 4012 2046 4050 rex

481 4081 792 4153 Babylonis.
825 4083 914 4138 18.
946 4083 1172 4154 Propter
1213 4086 1317 4141 hoc
1348 4085 1462 4141 haec
1489 4086 1620 4142 dicit
1643 4085 1907 4142 Dominus
1939 4087 2049 4140 vir-

479 4181 652 4226 tutum
691 4173 834 4228 Detts
882 4173 1096 4231 lsraelis
1123 4195 1136 4231 :
1177 4175 1318 4232 Ecce
1347 4191 1448 4247 ego
1481 4177 1553 4248 (9)
1588 4177 1822 4232 ulciscor
1855 4178 1926 4245 Χ
1953 4193 2048 4232 su-

2151 2994 2431 3050 retrihuite
2445 2995 2494 3050 ei
2515 2997 2813 3051 secundum
2835 3013 2999 3068 opera
3019 2998 3141 3068 ejus
3160 3019 3172 3054 :
3194 2991 3490 3056 secundum
3509 3002 3714 3065 omnia,

2147 3101 2270 3155 (ιικιι
2304 3084 2448 3150 fecit,
2486 3084 2650 3142 facite
2693 3087 2765 3150 ei,
2797 3087 2924 3158 quia
2977 3089 3240 3145 adversus
3276 3089 3566 3144 Dominum
3626 3092 3706 3161 (ν)

2149 3173 2318 3237 stetit,
2344 3173 2416 3241 (z)
2457 3173 2622 3228 Deum
2672 3184 2920 3229 sanctum
2953 3174 3190 3232 lsraelis.
3218 3177 3307 3235 50.
3342 3177 3570 3247 Propter
3615 3181 3718 3233 hoc

2149 3263 2343 3319 cadent
2364 3263 2593 3332 juvenes
2620 3263 2740 3334 ejus
2793 3265 2848 3318 in
2896 3265 3090 3334 plateis
3117 3265 3258 3333 ejus,
3301 3275 3354 3319 et
3382 3280 3573 3320 omnes
3616 3265 3715 3318 viri

2148 3354 2436 3410 bellatores
2459 3355 2579 3425 ejus
2601 3356 2678 3425 (τι)
2724 3356 3085 3425 projicientur
3117 3359 3182 3424 Ἀ(
3205 3359 3257 3410 in
3287 3357 3374 3412 die
3397 3355 3489 3411 illo
3512 3357 3560 3426 1,
3585 3357 3716 3412 dicit

2150 3444 2430 3500 Dominus.
2469 3446 2556 3500 31.
2578 3445 2715 3501 Ecce
2747 3461 2849 3518 ego
2885 3447 3213 3517 superte(b)
3237 3447 3712 3507 contumeliosam,

2146 3537 2271 3592 dicit
2300 3536 2561 3592 Dominus
2590 3539 2877 3606 virtutum,
2897 3540 3022 3608 quia
3053 3539 3199 3593 venit
3233 3538 3349 3593 dies
3373 3537 3442 3607 (c)
3480 3546 3627 3599 tuus,
3661 3547 3716 3590 ct

2150 3636 2362 3696 tempus
2400 3627 2477 3699 (ά)
2507 3628 2728 3685 ultionis
2761 3638 2886 3697 tute,
2919 3630 3007 3684 52.
3031 3640 3084 3686 et
3120 3629 3487 3685 inlirmabitur
3519 3637 3714 3682 contu-

2149 3718 2308 3774 melia
2342 3728 2456 3783 tua,
2489 3727 2544 3774 et
2571 3719 2754 3785 cadet,
2789 3728 2978 3775 etnon
3011 3721 3117 3776 erit
3144 3721 3438 3776 restituens
3467 3733 3626 3772 eam:
3661 3727 3716 3771 et

2148 3811 2439 3866 accendam
2471 3811 2650 3882 ignem
2670 3810 2739 3883 (e)
2766 3811 2820 3864 in
2845 3811 2981 3866 silva
3010 3812 3151 3882 ejus,
3182 3821 3236 3865 et
3259 3810 3505 3864 comedet
3526 3822 3717 3861 omnes

2147 3903 2413 3959 circuitus
2441 3904 2582 3972 ejus.
2635 3903 2724 3958 55.
2779 3903 2903 3960 llaec
2931 3904 3068 3958 dicit
3121 3901 3381 3956 Dominus
3412 3901 3669 3954 virtutum
3699 3916 3714 3953 :

2147 3994 2407 4065 Oppressi
2443 3995 2536 4048 lilii
2567 3993 2805 4057 lsraelis,
2835 4003 2888 4048 et
2922 3994 3018 4047 lilii
3067 3992 3222 4047 Iuda:
3266 3991 3428 4046 simul
3458 4008 3472 4044 :
3505 4004 3717 4057 omnes,

2146 4086 2239 4155 qui
2270 4085 2518 4154 captivos
2543 4084 2824 4138 duxerunt
2853 4099 2966 4150 eos,
3012 4091 3403 4152 oppresserunt
3446 4095 3566 4145 eos,
3621 4079 3715 4148 qtti

2148 4191 2258 4231 non
2290 4175 2581 4231 voluerunt
2609 4174 2883 4229 dimittere
2916 4189 3030 4229 eos.
3057 4174 3146 4228 54.
3187 4173 3253 4242 (r)
3283 4169 3348 4226 Et
3373 4171 3467 4242 qui
3501 4169 3718 4224 redimit

477 4261 618 4330 per1
655 4279 835 4335 regem
865 4265 1179 4338 Babylonis,
1219 4276 1274 4323 et
1301 4283 1464 4338 super
1505 4279 1702 4324 terram
1734 4268 1872 4337 ejus,
1904 4269 2045 4324 sicut
2076 4267 2120 4322 D
2147 4283 2243 4324 eos
2269 4267 2444 4331 fortis,
2487 4265 2753 4322 Dominus
2779 4266 3128 4336 omnipotens
3157 4281 3354 4321 nomen
3383 4264 3434 4319 ei
3463 4282 3478 4319 :
3527 4263 3602 4334 (g)
3627 4261 3719 4332 ju-

479 4351 559 4419 (Ιι)
591 4355 738 4410 ultus
783 4371 905 4411 sum
946 4360 1012 4425 ἃ(
1040 4359 1254 4429 super1
1291 4373 1470 4429 regem
1524 4359 1782 4429 Assyriae.
1839 4359 1924 4415 19.
1980 4359 2046 4416 Et

549 4575 622 4652 (ξς)
656 4551 747 4652 11.,
780 4586 919 4652 ecce_
937 4571 1102 4628 facies
1127 4589 1327 4652 eorum
1341 4572 1576 4652 venient,
1600 4582 1654 4627 et
1678 4589 1735 4628 se
1761 4573 2054 4652 adjungent
2081 4571 2324 4652 Domino.
2395 4571 2920 4652 (l)_t"fommutaln_mt.
2954 4573 3036 4652 ,(1)

1263 4646 1335 4713 (ο)
1364 4643 1451 4707 Α.,
1488 4641 1608 4706 Tlt.,
1637 4654 1691 4698 et
1717 4641 2280 4713 qui’circutuagehant
2313 4658 2428 4705 eos,
2459 4643 2719 4713 dixerunt
2739 4659 2752 4696 :
2784 4641 2900 4713 Non
2935 4642 3378 4713 delinqnetnus._
3409 4644 3484 4711 (ρ)
3508 4641 3592 4708 8.,
3620 4644 3716 4698 ha-

2134 4752 2172 4777 .,
2214 4713 2355 4766 sicut
2385 4712 2642 4766 basilisci.
2679 4710 2798 4774 Th.,
2828 4711 2968 4765 sicut
2995 4709 3153 4765 haedi.
3230 4713 3296 4777 (δ)
3335 4709 3471 4767 Tela
3494 4728 3710 4768 eorum.

477 4644 652 4714 (n)S.,
680 4643 1182 4714 circumduxerunt.

476 4711 715 4769 bitat-uio
739 4713 907 4780 justo.
980 4713 1053 4782 (q)
1075 4712 1175 4782 ‘11.,
1199 4711 1281 4776 8.,
1313 4722 1650 4768 commovete
1671 4711 1819 4782 vos:
1861 4713 1930 4782 (r)
1963 4711 2004 4765 Α

480 4752 661 4862 ξὶκέῖξ
697 4752 1474 4862 lti’univisli‘s‘Z‘ISq:clainastis.
1553 4782 1629 4852 (tt)
1667 4781 1749 4848 8.,
1780 4752 2052 4862 ΤΙεῘίριιιιῖ

2155 4755 2223 4862 ἶφι
2247 4792 2351 4846 est,
2381 4799 2503 4862 qua:
2525 4752 2854 4862 genui-avus.

1835 4852 1912 4919 ((t)
1939 4855 2026 4914 .1.,
2065 4851 2411 4906 fundamenta
2437 4851 2575 4920 ejus.

1729 4922 1886 4977 ebrii.
1920 4925 1986 4990 (')
2014 4920 2137 4990 llaec
2169 4938 2271 4975 vox
2302 4922 2391 4976 hic
2415 4922 2615 4975 omissa
2639 4921 2875 4990 videtur,
2903 4921 3103 4974 habent
3132 4922 3276 4990 enim
3306 4920 3475 4990 Hebr.
3501 4929 3556 4975 et
3586 4938 3715 4977 Lxx.

1853 4989 2043 5061 (al-1..
2074 4989 2158 5054 8..

1975 5061 2036 5130 tl}
2068 5061 2206 5132 Dicit
2242 5059 2697 5132 Dominusjsuper
2730 5071 2938 5132 te_rrat_t_t
2991 5060 3342 5114 irritantium.
3387 5059 3483 5132 (m)
3513 5061 3604 5122 Α..
3632 5059 3724 5126 8.,

475 4852 560 4918 8.,
601 4853 821 4906 ululate.
907 4853 981 4917 (ι)
1013 4851 1106 4916 Α.,
1141 4852 1290 4906 dedit
1318 4867 1539 4906 manum
1564 4851 1744 4910 Suam.

497 4927 546 4985 ε)
594 4920 683 4985 Α..
743 4919 826 4986 8.,
869 4923 1274 4976 seminatorem.
1353 4923 1430 4989 (ιι)
1480 4923 1566 4977 11..
1600 4919 1684 4986 8.,

497 4927 546 4985 ε)
594 4925 683 4985 Α..
743 4925 826 4986 8.,
869 4925 1274 4976 seminatorem.
1353 4925 1430 4989 (ιι)
1480 4925 1566 4977 11..
1600 4925 1684 4986 8.,
1729 4939 1759 4977 e

475 4925 550 5074 ξολ
583 4994 672 5074 .11.,
699 4989 782 5055 8.,
814 4991 1136 5074 cqtnutittttit
1163 5006 1309 5074 eum.
1383 4992 1450 5060 ω
1490 4992 1760 5074 liomedit.

477 5059 760 5132 iniquitas.
796 5129 803 5132 _
839 5059 910 5132 (It)
933 5059 1018 5132 8.,
1050 5076 1216 5130 super
1250 5059 1447 5132 terram
1490 5059 1898 5132 iracundorum'.

476 5135 659 5186 visita.

737 5129 814 5199 (ιι)
848 5130 935 5193 Α.,
967 5129 1052 5195 8.,
1078 5141 1131 5184 et
1156 5130 1445 5198 perditioni
1477 5130 1700 5185 devove.
1780 5133 1855 5199 (ο)
1890 5129 2023 5185 Steti
2059 5130 2321 5184 adversus
2357 5141 2425 5184 te.

2151 4357 2644 4428 diciumjudicabit
2665 4358 2926 4412 adversus
2955 4356 3296 4413 adversarios
3326 4355 3468 4428 ejus,
3497 4365 3556 4410 ut
3581 4353 3719 4408 levet

2395 4571 2920 4641 (l)Commutalmnt.
2990 4570 3196 4640 (m)11.,
3232 4569 3315 4634 8.,
3357 4572 3713 4632 seduxerunt.

2935 4782 3013 4850 (at)
3030 4780 3132 4853 8.,
3156 4782 3444 4837 haesitabit.
3524 4784 3601 4853 (y;
3622 4784 3721 4847 Α..

2658 4852 2732 4920 (b)
2757 4850 2845 4917 11.,
2880 4849 2962 4914 8.,
2994 4849 3286 4906 vindictam
3320 4853 3516 4907 sumite
3534 4849 3605 4906 ne
3629 4869 3718 4908 ea.

2195 4992 2376 5061 visite.
2459 4992 2535 5061 (It)
2565 4991 2654 5054 11.,
2681 4989 2765 5054 8.,
2799 4991 3033 5061 visitavi.
3111 4991 3174 5057 (ὅ)
3203 4989 3290 5052 Α.,
3325 4989 3409 5054 8.,
3442 5002 3730 5061 quaeretur

2504 5131 2579 5200 (p)
2611 5128 2698 5193 11.,
2743 5128 2838 5200 8.,
2877 5129 2999 5190 ΤΙι..
3033 5139 3086 5184 tu
3120 5139 3300 5184 autent
3350 5128 3472 5184 non
3488 5132 3725 5187 novisti.

477 5201 548 5270 (q)
582 5202 670 5265 11.,
702 5198 785 5265 8.,
811 5201 955 5272 litem
988 5201 1222 5255 movisti.
1280 5202 1371 5272 _(r)
1405 5199 1552 5272 Deo;
1611 5206 1679 5269 (ε)
1705 5204 1798 5266 Α.,
1834 5198 2014 5255 venite

2155 5223 2159 5252 l
2201 5198 2692 5272 consummatione.
2711 5198 2818 5272 _S.,
2847 5200 3044 5253 intrate
3071 5216 3212 5262 eam,
3238 5214 3452 5272 omnes.
3532 5201 3716 5272 (0.4..

475 5268 700 5337 (lt-figite
723 5286 864 5332 eam,
894 5268 1471 5324 sicutaccumulantes.
1514 5268 1599 5335 8.,
1621 5268 1792 5325 tollite
1813 5287 1954 5334 eam,
1985 5271 2126 5325 sicut
2154 5271 2507 5338 mal’Stlpitlttl.

475 5349 529 5391 et
557 5340 890 5394 descendant
915 5340 980 5392 ad
1006 5340 1411 5395 mactationetn.
1497 5341 1576 5461 sic)
1609 5339 1697 5405 11.,
1723 5341 2066 5395 visitatiouis.

478 5407 712 5461 lsrat-lis.
792 5407 1403 5461 (alS..obtnutesment.
1480 5412 1494 5461 ι
1541 5418 1554 5461 l
1619 5410 1708 5461 11..
1771 5409 1853 5461 8..
1894 5411 2066 5461 super]

1671 5451 1708 5473 .,
1771 5410 2169 5480 S.,rsuperbia.
2248 5417 2316 5478 (ε)
2350 5411 2540 5462 Casus.

477 5480 750 5546 superbia.
827 5480 895 5550 (ε)
933 5477 1020 5545 Λ.,
1053 5481 1107 5534 in
1144 5479 1372 5534 urbibus
1406 5478 1544 5549 ejus.
1623 5481 1689 5550 (Γ)
1730 5480 1817 5546 Λ.,
1851 5479 1937 5546 8.,
1964 5477 2052 5536 ὐι‹

2180 5477 2516 5550 prdpiuquus
2543 5477 2646 5534 eis.

478 5407 712 5464 lsrat-lis.
792 5407 1403 5474 (a)S.,obmutesment.
1480 5407 1554 5477 (b)
1619 5410 1708 5473 11.,
1771 5409 1853 5472 8.,

478 5564 690 5604 θυΐιιιιι.

2583 5271 2660 5338 (u)
2688 5268 2754 5324 Α.
2774 5309 2788 5334 ,
2821 5279 3026 5323 vastate
3053 5285 3268 5338 omnem
3297 5268 3550 5325 fructum
3573 5268 3722 5337 ejus,

2148 5342 2222 5410 (q)
2257 5337 2350 5402 11.,
2376 5337 2460 5403 8.,
2495 5342 2753 5410 superbe
2777 5339 2903 5410 egit.
2932 5409 2935 5410 ν
2984 5339 3056 5410 (s)
3090 5337 3179 5410 11.,
3238 5337 3404 5410 Deum
3462 5350 3726 5410 sanctum

2617 5408 2693 5478 (d)
2721 5406 3172 5478 .1.,'visitationis
3195 5415 3321 5462 tute.
3363 5407 3429 5462 Et
3457 5409 3724 5478 impinget

2729 5479 2801 5548 (g)
2826 5476 2910 5544 8.,
2937 5478 3214 5548 puniendo
3246 5479 3425 5549 exiget
3448 5476 3728 5550 judiciqu
