4042 6194
362 167 512 224 2387

1534 172 1760 228 CODEX
1803 169 2478 229 SYRO-IIEXAPLABIS.

3460 181 3600 240 2388

362 295 602 339 terram:
634 281 711 355 (Ii)
755 291 809 339 et
839 283 1074 339 irritabit
1126 284 1493 342 inhabitantes
1553 287 1886 359 Babylonem
1914 307 1930 346 :
1963 291 2010 349 Δ
2037 286 2278 344 confossi
2298 288 2377 358 (d)
2403 303 2433 343 a
2465 287 2600 342 foris
2619 287 2760 358 ejus.
2790 288 2843 344 5.
2868 287 3007 355 Quia
3036 305 3144 344 non
3172 290 3427 347 viduarit
3446 292 3607 349 lsrael

362 375 451 430 35.
502 374 742 444 gladium
789 391 954 446 super
992 376 1298 440 Chaldaeos,
1350 378 1486 433 dicit
1528 377 1811 445 Dominus,
1875 387 1933 434 et

364 480 528 532 super
558 466 870 522 habitantes
897 466 950 521 in
982 466 1285 539 Babylone,
1325 477 1382 524 et
1432 484 1597 539 super
1651 478 1934 541 magnates

365 557 509 624 ejus,
539 567 593 611 et
617 571 782 626 super
811 558 872 627 (ἕ)
906 557 1537 629 intelligentescjusz56.
1556 560 1877 632 )(gladium
1907 561 1929 630 ζ

365 648 437 720 (Ir)
479 664 644 717 super
668 659 820 704 vates
867 649 1010 719 ejus,
1045 661 1100 705 et
1127 651 1445 706 aul'ereutur
1478 668 1496 705 :
1530 655 1597 717 ῖς(
1630 651 1870 722 gladium
1905 652 1930 720 ζ

365 754 530 810 super
576 750 906 809 pugnatores
955 739 1091 807 ejus,
1131 751 1185 796 et
1240 740 1648 797 dissolventur:
1693 742 1931 813 gladium

365 844 531 899 super
569 829 633 900 (ι)
669 844 840 899 equos
895 814 1214 899 eorum,‘et
1259 847 1426 902 super
1479 848 1675 889 currus
1719 848 1931 897 eorum,

362 920 453 974 37.
485 923 554 988 χ(
601 929 656 975 et
701 936 868 991 super
912 939 1130 979 omnem
1166 923 1188 993 ζ
1233 926 1589 981 commixtum
1638 924 1693 981 in
1754 925 1934 981 medio

362 1009 506 1077 ejus,
535 1018 589 1065 et
614 1018 777 1066 erunt
821 1012 967 1067 sicut
997 1014 1290 1070 mulieres:
1323 1015 1564 1086 gladium
1608 1031 1776 1086 super
1812 1017 1935 1073 the-

363 1116 556 1157 sauros
583 1102 792 1171 ejus,et
807 1103 1133 1174 diripientur
1153 1126 1166 1161 :
1185 1106 1276 1161 58.
1295 1106 1534 1178 gladium
1552 1123 1716 1178 super
1731 1124 1933 1178 aquam

372 1192 493 1260 ejus
510 1193 635 1263 (in),
659 1204 714 1249 et
729 1195 1069 1263 erubescent,
1082 1198 1209 1267 quia
1230 1206 1373 1252 terra
1392 1198 1725 1269 sculptilium
1751 1208 1857 1267 est,
1879 1210 1935 1256 et

364 1284 442 1354 (η)
482 1284 537 1339 in
577 1284 774 1342 insulis
802 1302 865 1343 +
901 1303 1010 1344 non
1042 1290 1065 1358 ζ
1120 1289 1515 1362 gloriabantur.
1564 1289 1651 1345 59.
1684 1289 1935 1362 .Propter

363 1375 465 1429 hoc
493 1374 814 1439 habitabuut
840 1377 915 1449 (ο)
949 1388 1161 1448 spectra
1191 1380 1247 1435 in
1279 1381 1510 1436 insulis:
1540 1390 1596 1436 et
1611 1381 1934 1438 habitabunt

361 1480 524 1535 super
558 1482 623 1521 ea
650 1469 771 1523 lili:e
797 1471 873 1539 (ρ)
905 1470 1145 1525 sirenum
1178 1488 1191 1525 :
1250 1485 1321 1515 ο
1368 1470 1441 1542 (q)
1466 1480 1523 1526 et
1566 1486 1672 1525 non
1710 1471 1732 1539 ζ
1761 1470 1932 1527 rediti-

360 1557 573 1613 cabitur
593 1561 830 1629 amplius
861 1562 916 1616 iu
947 1560 1254 1626 victoriam,
1287 1570 1345 1615 et
1367 1577 1477 1616 non
1508 1562 1845 1617 habitabitur
1872 1563 1926 1617 in

360 1648 642 1703 scculum.
666 1650 757 1705 40.
788 1650 1156 1719 Sientevertit
1177 1650 1321 1706 Deus
1340 1655 1407 1719 ῖς(
1429 1653 1529 1723 τὴν
1559 1654 1580 1720 ζ
1609 1651 1928 1720 Sodomam,
1962 1629 2003 1683 Β

360 1748 415 1793 et
438 1738 784 1804 Gomorram,
820 1750 874 1797 et
902 1743 1114 1798 vicinas
1142 1742 1296 1812 ejus,
1329 1743 1463 1797 dicit
1503 1742 1786 1809 Dominus,
1816 1759 1927 1799 non

362 1830 629 1885 habitabit
659 1832 731 1887 ibi
767 1834 953 1898 homo,
996 1848 1174 1903 neque
1200 1834 1633 1889 commorabitur
1673 1835 1747 1888 ibi
1783 1835 1928 1890 illius

364 1920 623 1978 hominis.
663 1923 753 1978 41.
786 1922 928 1978 Ecce
968 1925 1201 1993 populus
1235 1924 1385 1977 venit
1417 1923 1488 1977 ab
1531 1925 1809 1994 aquilone,
1873 1934 1930 1981 et

363 2011 596 2081 populus
643 2029 895 2085 magnus,
923 2022 978 2069 et
1031 2029 1185 2086 reges
1226 2012 1384 2069 multi
1440 2016 1825 2072 excitabuntur
1861 2019 1930 2073 ab

360 2111 605 2159 extremo
642 2113 820 2171 terrae,
856 2106 947 2161 42.
990 2122 1171 2169 arcus,
1220 2118 1276 2162 et
1335 2107 1406 2179 (r)
1461 2108 1627 2179 pugio
1665 2117 1749 2165 est
1803 2108 1927 2164 eis:

362 2196 532 2249 dums
556 2205 659 2260 est,
691 2206 745 2251 et
780 2211 889 2252 non
918 2198 1264 2255 miserebitur
1290 2219 1305 2256 :
1333 2214 1436 2254 vox
1462 2214 1653 2254 eorum
1691 2209 1751 2253 ut
1779 2214 1932 2253 mare

362 2285 806 2351 tumultuabitur,
830 2303 996 2358 super
1018 2290 1179 2360 equis
1204 2291 1524 2360 equitabunt
1558 2290 1755 2359 parati,
1788 2289 1931 2343 sicut

363 2373 525 2443 ignis,
563 2375 616 2430 in
648 2376 872 2441 bellum,
906 2377 974 2433 ad
1005 2389 1077 2443 te,
1111 2378 1218 2433 lilia
1237 2377 1551 2451 Babylonis.
1575 2378 1667 2433 45.
1710 2378 1932 2433 Audivit

361 2480 454 2519 rex
470 2465 759 2538 Babylonis
772 2467 971 2523 famam
992 2484 1205 2536 eorum,
1220 2482 1275 2525 et
1295 2471 1716 2526 dissolutaesunt
1734 2485 1933 2526 manus

360 2555 509 2624 ejus:
531 2556 750 2613 aﬂlictio
760 2560 1375 2627 obtinuiteum,dolorcs
1388 2561 1529 2616 sicut
1543 2561 1823 2631 parientis.
1838 2561 1930 2614 Η.

362 2645 503 2701 Ecce
525 2647 668 2702 sicut
705 2648 789 2702 leo
820 2650 1076 2704 ascendet
1105 2665 1134 2703 a
1153 2652 1222 2720 χ
1245 2650 1312 2720 (s)
1340 2649 1605 2720 jactantia
1632 2648 1933 2717 :Jordanis

361 2737 426 2808 (ι)
450 2738 505 2792 in
537 2737 714 2792 locum
738 2738 988 2806 Aitbam;
1018 2740 1145 2807 quia
1179 2739 1431 2794 celeriter
1446 2739 1712 2808 expellam
1748 2739 1932 2795 eosab

360 2842 450 2893 ea,
471 2834 525 2881 et
549 2842 765 2881 omnem
787 2827 1041 2897 juvenem
1064 2843 1228 2899 super
1254 2843 1375 2884 eam
1408 2829 1771 2883 constituam:
1803 2828 1931 2897 quia

361 2918 485 2988 quis
514 2918 657 2973 sicut
683 2933 804 2989 ego,
822 2929 876 2975 et
897 2921 1018 2991 quis
1045 2922 1207 2976 stabit
1229 2932 1419 2987 contra
1443 2922 1565 2974 me?
1601 2919 1666 2974 Et
1682 2920 1806 2991 quis
1842 2920 1932 2975 hic

326 3006 329 3009 ’
362 3016 568 3078 pastor,
594 3010 687 3080 qui
711 3011 878 3065 stabit
898 3026 1085 3067 coram
1118 3012 1254 3067 l'acie
1281 3026 1398 3066 mea
1420 3011 1554 3066 H5.
1580 3010 1807 3081 Propter
1831 3012 1934 3066 hoc

362 3100 548 3156 audite
590 3102 883 3158 consilium
922 3102 1164 3167 Domini,
1199 3105 1344 3174 quod
1380 3104 1716 3161 consultavit
1770 3119 1936 3173 super

363 3192 779 3263 Babylonem,et
799 3195 1158 3266 cegitationes
1183 3195 1477 3266 ejus,quas
1494 3196 1747 3267 cogitavit
1771 3209 1936 3265 super

362 3285 669 3341 habitantes
705 3286 783 3354 (ιι)
823 3286 1148 3343 Chaldaeos:
1197 3289 1243 3344 si
1295 3304 1403 3343 non
1451 3288 1530 3359 (κ)
1567 3291 1934 3360 corrumpatis

361 3392 530 3445 agnos
547 3378 729 3432 ovium
745 3394 959 3443 eorum,
972 3379 1017 3434 si
1035 3395 1143 3433 non
1161 3379 1442 3434 abolentur
1459 3380 1527 3434 ab
1548 3379 1628 3434 eis
1644 3394 1930 3449 pascuum.

361 3466 448 3522 ιθ.
478 3467 616 3535 Quia
666 3484 697 3523 a
735 3484 869 3524 voce
909 3469 1267 3540 subjectionis
1300 3469 1591 3541 Babylonis
1619 3485 1933 3526 commove-

361 3558 508 3615 bitur
560 3569 723 3628 terra,
773 3574 825 3618 et
860 3564 1068 3619 clamor
1115 3564 1235 3634 ejus
1288 3563 1341 3617 in
1389 3563 1638 3634 gentibus
1658 3561 1928 3618 audietur.

429 3650 561 3721 Cap.
597 3652 681 3706 Li.
713 3655 847 3709 -l.
881 3652 1004 3711 llrec
1030 3655 1162 3710 dicit
1193 3655 1458 3711 Dominus
1486 3673 1500 3711 :
1530 3653 1668 3710 Ecce
1699 3671 1800 3725 ego
1836 3670 1931 3710 ex-

358 3742 469 3796 cito
501 3759 663 3812 super
689 3745 1038 3816 Babylonem,
1070 3754 1124 3801 et
1151 3761 1314 3815 super
1351 3746 1658 3799 habitantes
1687 3743 1798 3815 (9),
1834 3761 1934 3801 Cor

359 3833 682 3902 erigentium
710 3875 725 3899 ,
769 3845 988 3888 ventum
1047 3845 1212 3890 aestus
1234 3843 1698 3905 corrutnpcntem.
1764 3836 1822 3889 2.
1868 3835 1933 3889 Et

360 3925 601 3979 emittam
655 3924 709 3979 in
743 3925 1068 3996 Babylonem
1104 3925 1174 3997 (ι)
1203 3925 1621 3993 eonviciatores,
1660 3935 1716 3982 et
1739 3934 1933 3981 contu-

360 4016 517 4071 melia
547 4015 780 4071 adicient
808 4032 951 4082 eam,
980 4017 1057 4089 (α)
1088 4026 1143 4073 et
1178 4018 1405 4088 perdent
1451 4026 1653 4072 terram
1678 4016 1831 4088 ejus:
1863 4018 1932 4087 Χ

358 4106 534 4178 quia:
582 4124 664 4163 vae
719 4123 882 4179 super
936 4107 1263 4181 Babylonem
1318 4108 1676 4163 circumcirca
1728 4108 1783 4162 in
1834 4108 1925 4162 die

358 4198 539 4252 danmi
570 4199 713 4269 ejus.
745 4200 798 4255 5.
827 4198 903 4255 Ne
923 4200 1128 4267 tendat,
1176 4199 1269 4269 qui
1330 4197 1504 4253 tendit
1533 4212 1721 4253 arcum
1745 4212 1929 4264 suum,

2036 388 2090 435 et
2117 377 2253 433 Juda
2281 393 2312 433 a
2347 378 2457 434 Deo
2492 394 2615 444 suo,
2652 394 2683 433 a
2716 379 2946 435 Domino
2971 381 3040 450 (e)
3070 384 3606 455 omnipotente,qnia

2039 477 2182 524 terra
2211 486 2400 527 eorum
2433 470 2649 540 impleta
2678 481 2763 526 est
2781 470 3109 541 iniquitatea
3129 475 3337 530 sanctis
3367 475 3605 531 lsraelis.

2034 560 2087 617 6.
2121 560 2313 632 Fugite
2339 562 2562 617 emedio
2578 561 2890 633 Babylonis,
2920 572 2973 617 et
2999 563 3203 619 salvate
3222 566 3609 644 unusquisque

2035 651 2272 705 animam
2321 665 2476 706 suam
2498 689 2515 716 ,
2566 660 2622 706 et
2654 666 2722 705 ne
2750 650 2819 720 (r)
2852 651 3213 721 projiciamini
3251 655 3308 708 in
3342 655 3605 725 injustitia

2033 742 2344 813 ejus;'quia
2373 752 2584 813 tempus
2623 743 2851 799 ultionis
2879 744 3000 815 ejus
3027 754 3113 799 est
3131 761 3159 798 a
3197 745 3436 801 Domino
3458 738 3492 812 ,’
3533 763 3613 802 re-

2035 832 2384 888 tributionem
2413 833 2529 903 ipse
2557 834 2819 889 retribuet
2840 835 2913 889 ei.
2948 835 3005 890 7.
3029 834 3178 890 Caiix
3207 837 3332 892 auri
3362 836 3527 892 Babel
3551 837 3606 892 in
3632 885 3636 890 .

2036 940 2200 980 manu
2228 924 2446 981 Domini
2466 963 2484 990 ,
2545 923 2824 982 inebrians
2849 942 3066 981 omnem
3099 937 3299 982 terram
3327 946 3342 982 :
3378 928 3448 983 de
3483 929 3610 983 vino

2032 1016 2151 1086 ejus
2183 1015 2434 1071 biberunt
2460 1024 2681 1087 gentes,
2718 1026 2939 1087 propter
2976 1018 3080 1073 hoc
3121 1017 3448 1073 vacillarunt
3477 1035 3605 1093 gen-

2032 1115 2135 1164 tes.
2167 1107 2221 1162 8.
2255 1106 2320 1162 Et
2375 1107 2556 1162 subito
2592 1108 2790 1163 cecidit
2827 1108 3011 1175 Babel,
3068 1117 3125 1163 et
3160 1110 3444 1165 confracta
3489 1118 3606 1164 est:

2032 1194 2680 1266 (g)lamentaminieam.
2737 1196 2938 1251 sumite
2990 1197 3230 1252 resinam
3263 1198 3604 1268 corruptioni

2030 1286 2173 1357 ejus,
2207 1284 2348 1340 forte
2377 1285 2685 1341 sanabitur.
2716 1286 2773 1342 9.
2817 1284 3142 1343 Sanavimus
3171 1286 3532 1357 Babylonem,
3557 1297 3611 1342 et

2033 1391 2140 1430 non
2167 1384 2355 1431 sanata
2393 1384 2514 1430 est:
2568 1376 3017 1446 derelinquamus
3044 1392 3166 1431 eam
3189 1419 3206 1441 ,
3247 1384 3303 1432 et
3351 1377 3608 1434 abeamus

2032 1464 2411 1534 unusquisque
2438 1464 2491 1518 in
2521 1474 2724 1520 terram
2758 1478 2914 1519 suam
2940 1481 2958 1531 ;
2986 1464 3114 1533 quia
3146 1464 3610 1535 appropinquavit

2033 1554 2085 1609 in
2108 1555 2305 1611 ctelum
2325 1554 2593 1625 judicium
2617 1554 2755 1624 ejus,
2791 1554 2866 1626 (Ia)
2896 1554 3171 1610 sublatum
3217 1564 3305 1610 est
3352 1568 3526 1625 usque
3548 1554 3607 1625 (il

2031 1647 2096 1703 ad
2126 1656 2295 1703 astra.
2327 1646 2417 1706 10.
2440 1646 2669 1703 Protulit
2703 1645 2963 1702 Dominus
2990 1646 3065 1717 (lt)
3099 1645 3374 1716 judicium
3405 1661 3605 1702 suum:

2034 1741 2235 1806 venite,
2264 1749 2321 1796 et
2348 1740 2734 1795 annuntiemus
2766 1739 2820 1793 in
2858 1738 3025 1794 Sione
3048 1753 3211 1808 opera
3249 1737 3468 1792 Domini
3516 1736 3609 1792 Dei

2031 1829 2226 1884 nostri.
2263 1828 2351 1884 il.
2393 1828 2702 1899 Praeparate
2730 1828 2858 1891 tela.
2885 1826 3103 1896 implete
3126 1827 3421 1896 pharetras
3454 1843 3468 1879 :
3516 1840 3611 1881 ex-

2029 1921 2214 1977 citavit
2244 1920 2512 1977 Dominus
2549 1921 2802 1991 spiritum
2859 1918 3003 1989 regis
3035 1919 3361 1984 Medorum;
3393 1917 3523 1987 quia
3555 1917 3609 1971 in

2030 2012 2361 2083 Babylonem
2391 2013 2455 2084 (Ι)
2487 2013 2567 2067 ira
2609 2012 2764 2082 ejus,
2827 2011 2896 2066 ad
2928 2010 3217 2066 delendum
3283 2025 3435 2075 eam,
3483 2011 3607 2079 quia

2031 2105 2166 2161 ultio
2188 2105 2403 2161 Domini
2436 2114 2539 2173 est,
2573 2106 2708 2160 ultio
2731 2105 2915 2175 templi
2941 2103 3081 2174 ejus.
3101 2104 3189 2158 12.
3226 2103 3411 2173 Super
3442 2102 3612 2159 muris

2031 2197 2327 2268 Babylonis
2351 2198 2559 2254 elevate
2583 2197 2824 2268 signum,
2851 2197 2948 2266 (ut)
2982 2196 3306 2251 constituite
3332 2194 3609 2259 excubias,

2034 2288 2221 2357 ponite
2271 2286 2558 2353 excubias,
2604 2295 2904 2356 pneparate
2951 2284 3028 2357 (τι)
3075 2300 3269 2351 arma;
3299 2285 3430 2355 quia
3468 2285 3612 2340 dedit

2032 2377 2086 2431 in
2113 2391 2308 2433 manus
2346 2376 2405 2448 (i.
2428 2390 2479 2431 e.
2510 2391 2789 2446 aggressus
2845 2373 2949 2446 est)
2997 2372 3267 2430 Dominus
3292 2415 3309 2440 ,
3347 2383 3403 2429 et
3434 2374 3609 2443 faciet,

2032 2482 2154 2537 qua:
2170 2468 2383 2523 locutus
2397 2475 2484 2522 est
2496 2482 2660 2537 super
2676 2466 2983 2521 habitantes
2998 2466 3053 2519 in
3070 2465 3379 2538 Babylone,
3404 2466 3492 2520 1'5.
3513 2467 3611 2520 ba-

2034 2557 2272 2611 bitantes
2305 2570 2473 2627 super
2498 2557 2658 2627 aquis
2691 2557 2899 2624 multis,
2955 2565 3012 2612 et
3066 2572 3230 2627 super
3263 2558 3344 2628 (0)
3372 2557 3611 2611 multitu-

2032 2649 2157 2703 dine
2189 2648 2571 2703 thesaurorum
2603 2648 2764 2718 ejus:
2799 2648 2945 2703 venit
2979 2648 3106 2703 linis
3137 2659 3269 2704 tuus
3302 2664 3432 2705 vere
3450 2649 3525 2719 (ρ)
3554 2649 3608 2703 in

2034 2737 2241 2792 viscera
2269 2737 2522 2792 intestina
2549 2746 2664 2791 tua.
2692 2738 2779 2792 M.
2811 2737 2949 2804 Quia
2976 2738 3177 2807 iuravit
3212 2738 3484 2794 Dominus
3509 2739 3611 2792 vir-

2035 2836 2208 2883 tutum
2233 2843 2331 2898 per
2352 2828 2634 2883 brachium
2670 2844 2855 2884 suum.
2892 2829 3020 2899 quia
3076 2830 3327 2899 implebo
3356 2840 3409 2885 te
3440 2830 3609 2885 homi-

2039 2921 2218 2984 nibus,
2249 2920 2325 2991 (q)
2372 2920 2516 2975 sicut
2546 2920 2796 2986 locustis,
2835 2919 2904 2991 (r)
2934 2930 2989 2976 et
3034 2922 3334 2991 loquentur
3361 2937 3525 2992 super
3560 2931 3609 2977 te

1962 2979 2005 3034 θ
2037 2979 2451 3067 descendentes.
2482 3011 2571 3066 15.
2607 3011 2712 3077 Qui
2755 2979 3118 3066 facit’terram.
3163 3014 3218 3068 in
3262 2979 3464 3070 robore
3487 3027 3606 3080 suo,

2034 3102 2128 3171 qui
2161 3110 2320 3172 parat
2352 3100 2544 3157 orbem
2577 3102 2932 3157 habitabilem
2962 3104 3017 3156 in
3051 3104 3328 3173 sapientia
3385 3121 3509 3171 sua,
3555 3105 3609 3159 in

2033 3193 2390 3263 intelligentia
2415 3208 2513 3247 sua
2543 3193 2788 3248 extendit
2820 3195 3020 3250 ctelum
3041 3233 3056 3258 ,
3091 3194 3175 3250 l6.
3208 3197 3267 3249 in
3296 3211 3494 3253 vocem
3516 3209 3612 3266 po-

2033 3285 2144 3339 suit
2171 3283 2577 3340 multitudinem
2601 3286 2864 3355 strepitus
2884 3301 3041 3357 aquze
3068 3287 3123 3343 in
3145 3289 3306 3352 celo,
3347 3297 3400 3343 et
3436 3287 3615 3343 eduxit

2032 3375 2207 3431 nubes
2232 3376 2303 3430 ab
2328 3384 2576 3431 extremo
2599 3386 2778 3439 teme,
2813 3376 3030 3448 lulgura
3078 3379 3133 3432 in
3184 3379 3434 3449 pluviam
3469 3379 3610 3441 fecit,

2031 3475 2086 3521 et
2106 3466 2295 3521 eduxit
2318 3468 2390 3538 (ι)
2436 3468 2619 3523 lumen
2672 3481 2704 3521 θ
2738 3468 3014 3523 thesauris
3080 3470 3217 3525 suis.
3274 3469 3375 3523 l7.
3409 3469 3612 3524 Stultus

2032 3557 2212 3614 factus
2247 3569 2331 3614 est
2362 3560 2544 3615 omnis
2594 3559 2759 3614 homo
2801 3575 2831 3613 a
2865 3560 3125 3626 scientia,
3164 3562 3494 3631 pudefactus
3529 3571 3612 3616 est

2032 3649 2213 3704 omnis
2237 3650 2483 3705 conﬂans
2509 3664 2704 3704 aurum
2730 3666 2760 3704 a
2785 3650 3129 3720 sculptilibus
3163 3653 3299 3718 suis,
3324 3655 3459 3724 quia
3476 3652 3608 3708 falsa

2031 3736 2361 3801 conﬂarunt,
2389 3752 2497 3791 non
2539 3747 2626 3792 est
2658 3739 2884 3808 spiritus
2927 3740 2981 3794 in
3023 3741 3127 3807 eis,
3182 3742 3269 3796 18.
3311 3759 3458 3798 vana
3489 3752 3608 3799 Slul

2030 3845 2195 3899 Opera
2224 3832 2290 3900 (ι)
2339 3830 2591 3894 ridicula,
2628 3832 2681 3884 in
2736 3841 2977 3903 tempore
3042 3833 3382 3892 visitationis
3419 3851 3601 3892 eorum

2032 3921 2305 3992 peribunt.
2336 3923 2421 3977 19.
2454 3920 2573 3977 Non
2609 3924 2733 3979 talis
2761 3939 2887 3995 pars
2935 3923 3149 3990 Jacobi,
3186 3928 3315 3998 quia
3350 3929 3460 3995 ille,
3512 3928 3602 3998 qui

2030 4009 2287 4066 formavit
2320 4013 2528 4079 omnia,
2559 4014 2676 4084 ipse
2699 4024 2784 4070 est
2812 4014 2889 4087 (α)
2920 4024 2978 4070 et
3007 4016 3236 4073 baculus
3264 4019 3601 4075 hereditatis

2030 4104 2170 4175 ejus,
2200 4103 2464 4160 Dominus
2484 4105 2744 4160 virtutum
2773 4122 2972 4162 nomen
3027 4107 3099 4163 ei.
3144 4108 3237 4163 20.
3272 4109 3358 4180 (π)
3389 4110 3602 4181 Disper-

2029 4200 2114 4269 gis
2141 4198 2274 4252 mihi
2304 4212 2433 4252 vasa
2466 4198 2614 4263 belli,
2642 4198 2719 4269 (ει)
2767 4206 2824 4253 et
2859 4198 3171 4269 dispergam
3219 4199 3273 4253 in
3310 4208 3368 4255 te
3396 4210 3599 4271 gentes,

359 4303 536 4357 neque
564 4290 765 4360 alliget,
794 4291 883 4345 cui
920 4298 1049 4346 sunt
1104 4304 1256 4345 arma
1304 4304 1320 4342 :
1362 4305 1429 4345 ne
1479 4289 1715 4358 parcatis
1766 4304 1929 4359 super
1958 4321 2003 4376 ο
2029 4299 2085 4345 et
2104 4291 2292 4344 tollam
2321 4290 2396 4362 (ι)
2422 4305 2518 4360 per
2549 4298 2603 4345 te
2643 4305 2817 4361 reges.
2853 4290 2947 4344 21.
2979 4289 3047 4345 Et
3077 4290 3393 4361 dispergam
3445 4293 3499 4347 in
3552 4300 3602 4346 te

353 4378 583 4448 juvenes
603 4383 745 4451 ejus,
776 4389 829 4436 et
861 4382 938 4454 (b)
987 4382 1197 4439 abolete
1258 4397 1477 4437 omnem
1532 4381 1605 4453 (ο)
1665 4382 1923 4436 virtutem
2030 4398 2255 4454 equum,
2290 4392 2345 4437 et
2375 4396 2720 4437 ascensorem
2749 4382 2890 4452 ejus,
2913 4383 3004 4437 22.
3030 4393 3087 4439 et
3117 4383 3428 4454 dispergam
3471 4384 3524 4438 in
3552 4392 3600 4437 te

357 4470 497 4540 ejus.
529 4471 582 4526 4.
612 4472 675 4526 Et
702 4474 897 4529 cadent
942 4474 1113 4532 occisi
1164 4474 1220 4528 in
1270 4482 1412 4529 terra
1445 4472 1846 4538 Chaldaeorum,
1874 4483 1929 4528 et
2031 4487 2248 4540 currus,
2272 4480 2327 4528 et
2357 4487 2680 4529 ascensores
2721 4488 2911 4528 eorum
2943 4512 2959 4539 ,
3006 4481 3064 4529 et
3106 4474 3416 4546 dispergam
3465 4475 3519 4529 in
3550 4482 3599 4529 te

423 4671 500 4743 (Il)
534 4670 621 4735 Α.,
652 4679 706 4746 et
730 4671 1096 4746 perturbabit.
1172 4671 1476 4746 (“Reliqui
1507 4692 1535 4746 ε-
1564 4674 1879 4746 sapientes.
1921 4672 1996 4744 (k)
2020 4743 2027 4746 Α
2048 4671 2135 4746 Ag,
2158 4671 2425 4746 adversus
2444 4671 2669 4735 electos,
2697 4671 3057 4733 etinsanient.
3088 4674 3170 4740 8.,
3195 4689 3361 4746 super
3381 4672 3596 4746 brachia

356 4741 496 4816 ejus,
549 4748 604 4816 et
656 4741 1114 4816 defatigabuntur.
1143 4813 1152 4816 Α
1182 4741 1275 4816 ’(1)
1311 4741 1537 4816 fit-liqui
1560 4761 1607 4816 :__
1631 4741 1852 4816 ’τοι-ιεξξ.Δ
1932 4741 2036 4814 ’(ίη)
2063 4742 2181 4816 Qua
2212 4741 2559 4816 conﬁsaest,
2605 4751 2660 4816 et
2700 4752 2998 4816 exarescet.
3054 4748 3150 4816 (τι)
3175 4741 3344 4811 Α.,”ἰη
3372 4744 3595 4816 simula-

358 4808 487 4885 cris.
676 4811 727 4885 i_n
763 4810 1010 4869 fortibus.
1068 4813 1161 4885 7(a)
1193 4808 1280 4878 Ᾱζ,
1304 4808 1536 4885 8ιιηίῖιῃ.
1568 4812 1737 4885 lleb.,
1777 4808 1959 4885 Siitnf
2011 4808 2097 4884 (ρ)
2131 4810 2843 4885 A.,_strutbiocamelorum.
2885 4812 2966 4885 8.,
3018 4808 3257 4885 sirenum
3287 4829 3412 4870 cum
3443 4812 3596 4867 forti-

359 4882 480 4935 bus.
518 4951 525 4953 Α
559 4880 631 4951 (q)
667 4877 750 4945 8.,
778 4888 832 4953 et
852 4896 972 4953 non,
996 4877 1327 4953 habitabitur
1353 4884 1587 4952 amplius
1616 4883 1669 4936 in
1693 4877 1994 4953 victoriam,
2020 4877 2131 4937 'nec
2158 4881 2491 4953 habitabitur
2530 4882 2584 4935 in
2610 4895 2671 4953 ea
2713 4897 2887 4953 usque
2929 4877 2983 4936 in
3022 4884 3395 4953 generationes
3426 4892 3481 4937 et
3505 4898 3594 4951 ge-

381 4949 687 5034 nerationes:
726 5019 739 5034 ι
793 4950 871 5034 μ’)
917 4951 1027 5034 _A.,
1084 4952 1167 5019 S.,
1201 4949 1479 5034 sententi.
1564 4953 1632 5034 (ς)
1694 4952 1780 5018 Α.,
1846 4954 2121 5034 elatione._
2156 4949 2240 5034 _S.,
2279 4951 2516 5034 ‘gloriaa
2564 4952 2673 5033 .(t)
2715 4949 2815 5018 S.,'
2857 4949 3048 5034 super:
3082 4954 3455 5034 habitaculum
3495 4949 3595 5034 ain-‘-

358 5020 588 5089 tiquum.
667 5019 744 5091 (tt)
791 5019 858 5074 ιη
914 5030 1078 5076 terra.
1195 5022 1271 5091 (π)
1333 5020 1421 5087 Α.,
1466 5023 1806 5077 inveheutur.
1861 5020 1933 5089 8.,

356 5089 401 5141 Α
431 5129 447 5152 ,
478 5089 559 5171 8..,
592 5092 1060 5173 νθιριὶιθιρνεεηει
1107 5093 1450 5173 gentilabunt
1495 5108 1668 5173 eain.“
1713 5091 1793 5173 (ξι)
1839 5091 1926 5157 Α.,

2030 5019 2412 5076 :ridebuuteos
2446 5020 2657 5075 minimi
2701 5019 2948 5092 gregum.
3024 5022 3102 5093 (ῃ)
3140 5023 3441 5078 Chaldaeos.
3518 5021 3591 5092 (κ)

2030 5106 2071 5173 ι¹
2099 5090 2490 5173 humectabunt
2514 5091 2919 5173 .terramneju‘s,
2960 5096 3088 5173 quia
3146 5092 3375 5173 “luerunt
3418 5103 3592 5173 [super

355 5174 476 5234 eam
503 5160 585 5234 _iu
639 5161 920 5234 circuitu._
949 5158 1044 5234 (ὁ)
1098 5162 1301 5233 Reliqui
1342 5182 1354 5217 :
1401 5162 1672 5234 devotioni
1711 5158 1865 5234 date.
1915 5160 2003 5234 _(c)
2036 5159 2123 5226 A.,
2183 5159 2651 5234 militiam‘ejus;
2694 5160 2772 5230 (ιι)
2807 5158 2929 5234 ’ᾼμη
2977 5158 3043 5216 ἶη
3074 5163 3335 5234 exitibus.
3413 5158 3586 5234 (θλ,

359 5229 699 5303 militiarum.
777 5231 843 5301 (Ῑ)
882 5228 1410 5303 S_.,'obmutescatis.
1488 5233 1559 5303 (g)
1588 5230 1675 5297 Α.,
1701 5230 1782 5303 8.,
1815 5232 1933 5303 nlui

2043 5246 2208 5303 super
2227 5244 2312 5303 ea.
2389 5229 2469 5303 (_h)
2495 5229 2589 5303 A.,‘
2613 5228 2709 5295 8.,
2729 5228 2922 5303 extulit
2951 5246 3029 5286 se.
3106 5234 3170 5303 (ί)
3198 5231 3276 5286 Ad
3301 5228 3589 5303 conniven-

361 5298 506 5385 tiam.
532 5295 836 5385 nubium?
876 5295 959 5371 (Ιι)⁷
979 5298 1070 5385 ᾼ.,
1102 5302 1349 5385 justitias
1381 5295 1617 5385 nostras.
1663 5295 1756 5382 ll)
1792 5299 1879 5365 A.,
1902 5370 1933 5385 ,Δ

2036 5295 2325 5385 _co‘gilatio
2361 5295 2483 5385 ejus
2519 5301 2610 5385 ‘ad‘
2639 5299 2971 5385 perdendum
3010 5295 3198 5385 eamIJ
3238 5304 3337 5371 (ηε)

364 5317 489 5352 nam
539 5317 797 5355 nubium.
876 5317 947 5371 uc)
981 5317 1349 5423 ΛηᾸυειιιιειε
1381 5317 1617 5356 tiustras.
1692 5317 1756 5382 υ)
1792 5317 1914 5382 Α,

364 5377 545 5452 tenete
572 5371 892 5452 custodiam.
973 5373 1053 5452 (λι)
1119 5411 1171 5452 ⁸.,
1204 5370 1752 5452 ,8.,Δίιρεὶι1ξεξηειυιξ
1798 5380 1933 5452 cogit

2068 5317 2325 5366 cognatio
2361 5317 2481 5368 ejus
2527 5317 2592 5352 au
2639 5317 2971 5367 peruenuum
3010 5317 3152 5357 eam.
3238 5317 3337 5371 tm)
3375 5317 3464 5365 λι,
3504 5317 3582 5364 8.,

2033 5380 2055 5423 t
2100 5368 2387 5452 Dominus.
2417 5367 2537 5452 “(0)
2575 5366 2662 5452 et,
2707 5370 2996 5452 multitudo
3034 5372 3121 5452 fin
3162 5371 3429 5452 thesauris
3448 5370 3582 5452 ejus.

361 5438 564 5520 {-3)}?
595 5438 949 5520 Strtcubitus.
976 5435 1059 5506 8.,
1099 5435 1405 5520 ἀιέςῇδῖιιιί.
1478 5435 1669 5511 (ᾳ)Ἀ.’,
1709 5438 1808 5520 8,
1837 5435 1978 5520 sicut
2012 5438 2268 5520 bruchoq
2319 5435 2498 5520 (r)
2520 5435 2599 5520 'ent
2628 5439 3049 5520 respondebunt
3092 5450 3334 5520 superate
3384 5436 3581 5516 ﬂadajh

363 5454 438 5559 ﬁ»)
476 5454 564 5504 .11.,
595 5454 676 5500 δ..
713 5454 949 5522 cubitus.
976 5454 1059 5506 8.,
1099 5454 1265 5523 occisi
1306 5454 1405 5495 tut.
1478 5454 1553 5511 (q)
1582 5454 1669 5508 3.,
1709 5454 1808 5521 δη.
1837 5456 1933 5496 stet

373 5577 381 5584 ι
414 5509 559 5584 [IlI-9|.
618 5506 864 5584 Scholion
892 5526 911 5562 :
934 5522 1016 5584 est
1051 5512 1369 5584 cantilena,
1394 5520 1453 5564 ut
1474 5527 1686 5584 eorum,
1718 5526 1810 5579 qm
1847 5510 1933 5564 cal

2030 5454 2242 5494 )rucno.
2319 5454 2495 5508 mm,
2544 5454 2599 5492 et
2647 5454 3049 5508 respondebunt
3092 5454 3334 5511 superte
3384 5454 3581 5499 uacuo,

2030 5519 2057 5561 rt
2099 5509 2356 5584 torcular.
2431 5510 2504 5576 (ε)
2547 5505 2789 5578 Reliqui:
2843 5520 3083 5567 ventum.
3155 5512 3221 5584 (ι)
3239 5511 3322 5580 8.,
3366 5505 3581 5567 erroris.

365 5576 445 5647 (ιι)
476 5577 859 5634 Parslsraelis.
933 5580 1013 5649 (ac)
1044 5578 1133 5649 Α.,
1158 5582 1427 5639 concutis.
1504 5581 1582 5653 (ν)
1612 5576 1700 5648 Αζ,
1727 5576 1781 5636 et
1806 5596 1933 5637 conc

2030 5595 2136 5634 am.
2215 5578 2292 5651 (ι)
2316 5579 2357 5632 Α
2394 5587 2465 5633 te.

358 4951 687 5005 iterationes.
800 4951 871 5006 (rl
939 4951 1027 5006 A..
1084 4952 1167 5006 8..
1214 4963 1450 5006 scutum.
