1932 3079
77 104 144 132 “65

612 103 883 134 PROVERBIORL‘M
901 104 1016 133 CAPUT
1034 104 1152 132 XXVIII.

1632 105 1701 134 N86

392 163 478 193 Notae
492 164 525 193 et
540 161 635 192 varius
659 161 816 193 lectiones
834 161 875 192 ad
896 169 964 201 cap.
981 162 1104 193 XXVII
1121 160 1381 192 Proverbiorum.

75 219 254 252 praepropere2
286 216 327 252 ut_
341 212 456 252 solebat.
486 213 647 248 exscripsit,
669 213 861 249 ὲνεχυράσατο,

74 247 348 282 νεῃὶιιιυοηᾳὸειιιιξι.
405 247 506 275 ῡιιιιοιι.

109 281 142 309 ν.
159 281 204 309 I5.
219 281 303 310 Hebr.
319 281 472 310 Secundum
489 282 563 314 Keri,
578 286 689 313 eum.

106 316 139 344 ν.
156 317 202 344 22.
219 317 261 345 Ad
282 317 424 345 lectionem
439 317 466 345 Ἀ
489 322 515 345 et
532 318 577 349 Θ..
601 318 803 346 Schleusnerus
830 318 857 345 in

725 282 801 310 In“.

916 213 999 241 Thes.
1021 212 1054 240 γ.
1081 213 1112 240 Τ.
1128 213 1177 240 ιὸλ

915 249 1126 276 concordantize.
1146 247 1218 275 Edit.
1242 247 1333 274 autem
1350 247 1428 274 Rom.
1451 252 1479 275 et
1498 248 1621 276 Kirclteri
1636 257 1688 278 con

914 283 1001 316 cord.,
1014 283 1106 318 ὁλμὸς,
1122 290 1184 310 cum
1201 283 1255 309 rem
1269 283 1377 317 spiritu.
1412 282 1515 312 DRACII.

1181 221 1229 248 μος
1245 216 1274 240 et
1295 213 1385 248 όλμᾴς.
1407 212 1452 240 Sic
1470 213 1552 240 etiam
1568 213 1702 242 Trommii

553 362 878 404 PROILERBIORUM
912 364 1042 396 CAPUT
1070 363 1221 394 XXVIII.

232 411 435 440 ΣΥΜΜΑΧΟΣ.

107 494 137 524 2.

109 538 137 565 5.

117 618 287 655 ’Δνεσχηκὼς
298 619 346 647 καὶ
356 620 405 647 οὐκ
415 619 489 648 ἐστιν
501 619 592 655 ἄρτος.

112 664 142 692 5.

110 746 136 774 6.
150 743 312 780 Περιπατῶν
322 744 351 772 ὲν
360 744 491 781 ἁπλότητι
499 745 593 774 αὐτοῦ.

111 789 140 818 7.

109 836 138 864 9.
155 836 242 872 Καιγε
255 837 392 874 προσευχὴ
406 837 487 865 αὑτοῦ
506 837 596 873 βδέλυ-

72 878 144 907 γμα·

117 916 160 944 I0.

174 1007 387 1043 Εὐοδωθήσεται.

110 1053 166 1080 Καὶ
178 1053 356 1089 ἐξαγορεύων.

111 1098 157 1136 16.
179 1099 354 1136 Ἡγούμενος,
369 1100 386 1136 ἢ
402 1100 545 1136 δυνάστης,
558 1100 600 1126 ὲν-

75 1134 141 1168 δεὴς
151 1134 292 1164 συνέπιόν,

116 1341 166 1372 17.

118 1492 165 1520 18.

123 1538 170 1566 19.

118 1586 165 1614 9.0.
181 1585 263 1622 ’Δνὴρ
273 1585 386 1621 ἀληθής.

233 1632 275 1661 SY
279 1631 423 1661 IIMACIIU
429 1632 458 1659 ὃ.

119 1678 149 1706 2.

119 1723 150 1751 5.

122 1802 253 1831 Retinens
268 1809 308 1837 se,
321 1806 348 1830 et
360 1809 413 1830 non
427 1805 470 1830 est
481 1801 570 1837 panis.

122 1848 151 1876 5.

122 1928 151 1958 6.
163 1928 314 1957 Ambulans
324 1929 351 1956 in
363 1927 536 1964 simplicitate
546 1934 607 1955 sua.

126 2010 154 2038 7.

84 2124 106 2153 ι,
123 2089 152 2118 9.
170 2089 259 2117 Etiam
273 2088 361 2117 oratio
384 2087 445 2123 eius
468 2087 610 2116 abomina-

99 2131 138 2152 ιο.

99 2131 128 2152 ιο

125 2169 171 2198 10.

126 2216 171 2243 11.

128 2261 172 2289 I5.
188 2259 406 2295 Prosperabitur.

126 2307 159 2334 Et
171 2307 217 2342 qui
230 2306 381 2342 proﬁtetur.

126 2352 170 2380 16.
197 2352 267 2386 Dux,
281 2352 325 2380 vel
347 2351 472 2387 dynasta,
489 2349 613 2385 indigens

88 2387 288 2424 iutelligentiis.

127 2584 174 2614 17.

129 2700 172 2727 18.

130 2747 173 2775 19.

127 2792 171 2820 20.
190 2795 237 2825 Υἰι·
251 2805 331 2825 vorm
338 2817 344 2823 .

877 415 915 442 ον.

662 495 690 524 2.
706 495 820 532 Κρίσεις
833 496 996 531 ἐγείρονται.

664 541 691 568 5.
704 541 841 577 Ἀνδρεῖος
856 542 885 568 ἑν
910 541 1048 573 ἀσεϐείαις
1067 549 1148 568 συκο-

629 577 724 610 φαντεῖ
736 576 871 612 πτωχούς.

664 621 771 657 Λάὸρος
787 622 833 649 καὶ
845 622 996 658 ἀνωφελής.

665 666 692 693 5.
704 667 869 737 Zuvzaouctv
884 668 914 695 ἐν
928 668 1019 695 παντί.
1040 669 1072 695 οι
1087 668 1151 694 λοι-

665 702 691 734 ›ὶ,
708 710 756 728 συν
777 711 852 729 σουσι
867 703 966 731 πάντα.

630 702 691 734 ποι,
708 702 852 734 συνήσουσι
867 703 966 731 πάντα.

632 783 654 791 _
664 746 691 774 6.
710 747 893 791 Πορευόμενος
910 748 939 774 ὲν
953 748 1076 786 ἀληθείᾳ.

667 789 693 816 7.
713 789 763 821 ’ος
776 790 804 817 δὲ
816 791 953 826 ποιμαίνει
968 792 1097 821 ἀσωτίαν.

666 834 762 872 9.1M).
785 835 865 867 αὐτὸς
895 836 1049 872 προσευχὴν
1068 837 1151 864 αὐτοῦ

631 868 798 897 ἑϐδέλυκται.

667 916 710 944 10.
724 916 921 944 Διελεύσονται.

667 960 710 988 II.
725 961 938 995 Καταγνὼσεται
952 963 1044 990 αὐτόν.

668 1007 712 1034 I5.
730 1007 941 1041 Εὑοδωοήσεται.

672 1052 704 1079 ⁸0
719 1052 748 1079 δὲ
759 1053 949 1089 ἐξηγούμενος.

671 1098 714 1126 16.
730 1099 860 1131 Βασιλεὺς
878 1099 971 1135 ἐνδεὴς
983 1099 1131 1136 προσόδων.

670 1178 765 1216 Μέγας
775 1180 955 1216 συκοφάντης.
974 1181 1092 1215 Ἄλλος,
1111 1181 1158 1208 καὶ

636 1214 843 1250 πολύστρε6λον.

671 1261 785 1298 Μακρον
801 1262 895 1298 χρόνον
903 1263 1024 1298 ζήσεται.
1041 1264 1158 1297 Ἄλλος,

639 1297 742 1332 μακρὸν
761 1297 887 1332 βιώσεται
905 1297 971 1332 βίον.

674 1342 718 1379 17.
741 1343 789 1379 ’ος
800 1342 914 1379 φράσσει
927 1343 961 1369 τὰ
972 1340 1029 1370 ὦτα
1048 1344 1085 1379 μὴ
1102 1344 1159 1371 εισ-

638 1377 753 1404 ακοῦσαι
767 1377 906 1409 ἀσθενοῦς,
939 1378 986 1404 καὶ
1000 1377 1084 1410 aii-:36
1101 1379 1161 1405 ἑπι-

639 1412 793 1454 καξεέσεται,
813 1412 862 1439 καὶ
889 1412 939 1439 οὐκ
958 1412 1036 1440 ἔσται
1057 1413 1072 1440 ὸ
1084 1413 1160 1440 εἰσα-

639 1455 727 1474 κουων
730 1466 737 1474 ο

675 1491 718 1519 I8.
734 1491 852 1524 Δίκαιος.

676 1537 720 1565 I9.
737 1537 847 1574 Σχολήν.
863 1538 978 1572 Ἄλλος,
993 1539 1143 1575 ἀπραγίαν.

676 1582 722 1610 20.
742 1582 823 1618 Ἀνὴρ
835 1583 1001 1615 ἀξιόπιστος.

724 1629 795 1657 LXX
813 1629 1064 1658 INTERPRETES.

676 1676 704 1703 2.
719 1675 824 1704 Iudicia
838 1676 1002 1704 excitantur.

677 1721 703 1748 5.
720 1721 858 1757 Robustus
874 1722 901 1749 in
917 1721 1101 1757 impietatibus
1115 1729 1162 1749 ca-

642 1756 791 1784 lumniatur
805 1764 947 1792 pauperes.

678 1800 832 1829 Vehemens
845 1807 873 1829 et
886 1801 1001 1830 inutilis.

679 1846 704 1874 5.
736 1845 888 1881 Intelligent
912 1846 939 1874 in
976 1847 1062 1876 omni.
1090 1847 1163 1875 Reli-

642 1881 688 1916 qui
694 1899 702 1912 ,
719 1881 869 1916 intelligent
885 1881 987 1910 omnia.

679 1927 705 1955 6.
719 1927 826 1956 Vadens
840 1928 867 1956 in
883 1928 1006 1956 veritate.

679 2007 706 2034 7.
725 2006 778 2041 Qui
798 2010 889 2035 autem
907 2008 994 2043 pascit
1016 2009 1162 2036 luxuriam.

680 2087 707 2116 9.
723 2087 756 2114 Et
773 2087 830 2122 ipse
847 2087 998 2115 orationem
1011 2095 1088 2115 suam
1100 2088 1165 2116 abo-

644 2121 801 2150 minabilem
813 2121 886 2150 fecit.

680 2167 724 2195 I0.
740 2166 958 2195 Pertransibunt.

680 2214 725 2242 II.
739 2213 938 2241 Condemnabit
953 2221 1026 2240 eum.

682 2261 726 2288 I5.
746 2259 966 2296 Prosperabilur.

681 2306 733 2340 Qui
747 2310 838 2334 autem
852 2309 955 2333 narrat.

682 2352 727 2380 I6.
744 2352 801 2380 Rex
829 2352 955 2388 indigens
979 2351 1167 2387 proventibus.

682 2421 795 2458 Magnus
823 2422 1000 2458 sycophanta.
1025 2422 1119 2454 Alius,
1143 2426 1170 2450 ct

647 2457 724 2484 valde
732 2457 767 2492 'pe
771 2457 862 2484 rversu
867 2457 903 2484 m’.

683 2502 776 2537 Longo
806 2507 929 2536 tempore
957 2503 1038 2530 vivet.
1071 2502 1169 2536 Alius,

648 2538 756 2573 longam
769 2537 852 2564 vitam
868 2537 958 2565 ducet.

685 2583 728 2610 I7.
755 2582 806 2615 Qui
833 2583 944 2610 obturat
966 2590 1047 2610 aures
1066 2587 1096 2610 ut
1116 2590 1170 2610 non

648 2618 741 2645 audiat
763 2617 901 2644 inﬁrmum
915 2638 923 2650 ,
942 2623 968 2645 et
987 2618 1044 2652 ipse
1059 2618 1172 2645 invoca»

649 2653 698 2685 bit,
711 2657 739 2680 et
751 2660 804 2679 non
822 2653 874 2680 erit
885 2653 931 2687 qui
943 2653 1083 2681 exaudiat.

685 2697 730 2725 I8.
744 2696 850 2725 Justus.

685 2744 728 2772 19.
748 2743 852 2770 Otium.
868 2743 963 2778 Alius,
979 2744 1117 2772 inertiam.

682 2790 728 2818 20.
744 2789 792 2818 Vir
805 2790 857 2818 [ide
871 2789 981 2827 dignus.

1345 413 1546 440 ΘΕΟΔΟἸἸΩΝ.

1219 494 1247 522 2.
1264 494 1360 521 Πολλοὶ
1373 495 1502 530 ἄρχοντες
1518 494 1617 523 αὐτῶν.

1219 543 1247 570 5.
1261 543 1344 579 ’Δνὴρ
1356 543 1456 579 ἄπορος
1468 543 1516 570 καὶ
1530 543 1705 573 συκοφαντῶν

1186 580 1320 613 πτωχούς.

1220 625 1390 661 ’Ᾱνεσχηκὼς
1404 625 1451 652 καὶ
1460 625 1510 652 οὐκ
1524 625 1598 653 ἐστιν
1613 625 1706 662 ἄρτος.

1219 671 1247 698 5.

1221 749 1248 776 6.
1261 748 1420 785 Περιπατῶν
1431 750 1460 776 ὲν
1472 749 1601 783 ἁπλότητι
1612 749 1705 778 αὑτοῦ.

1224 795 1251 823 7.

1222 840 1248 867 9.
1264 840 1350 876 Καίγε
1369 841 1506 877 προσευχὴ
1521 841 1604 869 αὑτοῦ
1616 841 1708 878 βδέλυ-

1187 883 1256 910 γμαι

1223 920 1266 947 10.
1283 919 1446 948 Διελοῦνται.

1224 965 1267 992 II.
1283 966 1443 1001 Ἐξιχνιάσει
1455 966 1546 996 αὐτόν.

1244 1011 1271 1039 5.

1244 1011 1271 1039 5.

1226 1011 1282 1084 Ital.
1296 1056 1443 1092 ὁμολογῶν.

1230 1102 1274 1130 16.

1230 1344 1275 1373 17.

1231 1492 1273 1521 18.
1288 1492 1405 1526 Τέλειος.

1234 1539 1277 1567 19.
1294 1539 1377 1566 Κενά.

1237 1584 1283 1612 20.

1346 1631 1556 1659 TIIEODOTIO.

1233 1676 1261 1704 2.
1275 1676 1350 1704 Multi
1364 1677 1499 1712 principes
1506 1684 1611 1704 eorum.

1236 1721 1263 1748 '5.
1283 1721 1331 1748 Vir
1354 1729 1474 1757 egenus,
1496 1726 1524 1750 et
1547 1721 1717 1750 calumniam

1199 1763 1341 1791 pauperes.

1234 1800 1364 1829 Rctiuene
1377 1808 1418 1834 se,
1433 1805 1460 1829 et
1476 1809 1530 1830 non
1545 1807 1588 1830 est
1602 1802 1692 1837 panis.

1234 1846 1262 1873 5.

1235 1925 1261 1954 6.
1276 1926 1426 1955 Ambulans
1434 1926 1462 1954 in
1471 1926 1647 1963 simplicitate
1657 1933 1716 1955 sua.

1234 2007 1263 2034 7.

1201 2123 1218 2149 ι.
1235 2088 1262 2115 9.
1280 2087 1367 2114 Etiam
1389 2086 1477 2114 oratio
1497 2086 1558 2122 ejus
1580 2084 1718 2113 abomina-

1213 2130 1249 2149 ιο.

1213 2130 1238 2149 ιο

1237 2142 1280 2194 I0.
1295 2166 1428 2194 Divident.

1238 2212 1282 2239 II.
1297 2210 1469 2239 Scrutabitur
1481 2217 1555 2238 eunt.

1239 2257 1282 2285 I5.

1239 2304 1274 2332 Et
1285 2302 1429 2332 conﬁtens.

1241 2349 1287 2378 I6.

1243 2580 1286 2607 I7.

1243 2695 1287 2722 I8.
1305 2694 1454 2722 Perfectus-

1243 2741 1287 2768 19.
1306 2741 1394 2767 Vana.

1245 2789 1291 2816 20.
