1932 3079
59 111 75 137 1
82 111 143 138 505

230 169 433 197 ΣΥΜΜΔΧΟΣ.

99 250 129 277 9.
147 251 202 278 Kal
216 249 326 285 μεγέθει
337 248 511 284 ὑπρέὸαλον.

105 296 177 322 ’Λπὸ
192 295 345 331 ἔμπροσθεν
359 294 436 330 ἐμοῦ.

102 342 115 368 1
122 342 150 368 0.
176 341 377 376 Ἐπεούμησαν.

106 388 158 414 Ἐκ
178 388 267 423 πάσης
282 386 437 422 φιλοπονίας
460 395 521 422 μου.

104 433 151 459 11.
167 433 221 459 Kal
240 433 285 459 τὸν
313 432 393 459 πόνον
420 432 451 458 ὃν
473 431 593 467 ἐπόνησα

62 468 315 503 δια-πρασσόμενος.

106 596 152 622 12.
172 596 228 623 Καὶ
241 596 355 631 πλάνην.

106 661 223 670 ..σοι

108 723 154 750 15.
175 723 262 760 ’Υπὲρ
276 723 327 758 τὴν
342 723 471 759 ἀμαθίαν.

106 770 152 797 IS.
170 770 224 797 Kal
238 771 277 801 εἰς
288 770 315 797 τί
327 778 372 805 μοι
387 771 404 805 ἡ
417 769 499 804 σοφία
512 777 575 804 pou;

106 816 155 851 l7.
168 815 260 842 Κακδν
275 815 330 851 γάρ
346 824 391 851 μοι
404 815 490 851 ἐφάνη
504 815 535 842 τὸ
548 815 594 850 ἔρ-

66 859 119 885 γον
133 850 165 877 τδ
179 850 330 887 γινόμενον,

107 897 153 924 19.
173 897 229 925 Kal
240 896 388 933 κυριεύσει.

105 944 155 975 Et;
170 943 198 970 ὃν
214 943 386 978 (ἐμόχθησα).

105 990 153 1018 20.
166 990 220 1017 Καὶ
237 989 399 1025 περιήχθην.

103 1118 152 1147 21.
168 1118 223 1145 Kal
232 1118 261 1145 ὲν
276 1118 429 1153 γοργότητι.

106 1165 163 1191 Καὶ
180 1164 310 1195 κάκωσις.

105 1210 153 1236 9.2.
169 1209 230 1236 Ὅτι
247 1209 301 1245 γὰρ
319 1208 504 1246 περιγέγονεν.

106 1256 154 1283 25.

105 1303 153 1330 21.
175 1302 240 1329 ’Δπδ
259 1302 344 1328 κόπου
358 1301 452 1329 αὑτοῦ.

105 1349 153 1376 25.
176 1347 333 1375 ’Ληλώσεμ

106 1395 155 1422 26.
175 1394 315 1430 Ἀρέσαντι
331 1393 416 1428 αὐτῷ.

113 1475 264 1511 ’Δσχολίαν.

214 1520 438 1549 SYMMACHUS.

107 1570 136 1597 9.
157 1568 190 1596 Et
204 1567 391 1603 magnitudine
405 1566 541 1602 superavi.

106 1615 149 1642 Ab
164 1619 226 1641 ante
241 1622 297 1642 me.

109 1660 152 1687 10.
173 1659 408 1687 Desideraverunt.

107 1706 147 1733 Ex
166 1706 240 1733 omni
266 1705 399 1732 industria
419 1711 489 1732 mea.

109 1752 154 1779 11.
173 1751 207 1778 Et
222 1752 341 1779 laborem
352 1770 360 1783 ,
380 1757 461 1785 quem
474 1749 596 1777 laboravi

67 1787 228 1822 perlicieus.

109 1879 152 1907 l2.
171 1879 203 1906 Et
218 1886 347 1906 errorem.

108 1925 160 1959 Qui
177 1926 263 1960 possit
278 1925 317 1952 ire
330 1927 393 1959 post
408 1924 516 1959 regem?

111 2007 153 2034 l5.
171 2007 259 2041 Super
273 2005 421 2035 inscitiam.

110 2088 154 2115 15.
180 2086 214 2114 Et
243 2087 276 2114 ad
296 2085 362 2121 quid
382 2085 450 2113 mihi
466 2085 597 2120 sapientia

74 2131 135 2151 mea
144 2123 157 2149 ’ί

111 2169 155 2196 17.
175 2168 274 2195 Malum
288 2167 362 2196 enim
378 2166 445 2194 mihi
455 2166 544 2195 visum
556 2172 599 2194 est

73 2213 144 2239 «quis
156 2204 227 2239 quod
242 2204 280 2230 iit.

111 2250 154 2277 19.
176 2249 210 2277 Et
224 2249 420 2277 dominabitur.

109 2297 138 2324 In
154 2304 235 2332 quem
251 2295 384 2323 laboravi.

108 2343 154 2370 20.
174 2343 207 2370 Et
224 2341 399 2370 circumverti
413 2348 466 2369 me.

109 2469 153 2496 21.
175 2468 209 2496 Et
225 2469 252 2495 in
269 2467 452 2496 solicitudine.

111 2515 142 2542 Et
154 2514 276 2543 alllietio.

109 2561 154 2588 22.
169 2561 238 2594 Quia
257 2561 330 2588 enim
344 2559 488 2596 superfuit.

109 2607 154 2634 25.

108 2651 152 2678 21.
170 2652 190 2677 Δ
204 2651 297 2678 labore
312 2659 373 2678 suo.

171 2697 332 2725 Consumet.

112 2743 153 2770 26.
171 2743 223 2776 Qui
238 2743 262 2770 ei
277 2743 376 2778 placet.

111 2789 332 2824 Occupationem.

649 107 899 136 ECCLESIASTJE
919 108 1034 136 CAPUT
1055 109 1087 137 11.

861 171 899 197 0’.

662 248 689 275 9.
703 248 758 274 Kal
772 248 965 284 ἐμεγαλὺνϐην.

664 294 732 320 ’Λπδ
743 294 897 330 ἔμπροσθέν
912 304 974 331 μου.

665 341 709 368 10.
726 341 859 376 ᾝτησαν.

664 386 731 413 ’Λπὺ
745 387 846 419 παντὸς
860 387 960 423 μόχθου
977 396 1038 422 μου.

662 432 708 472 11.
726 432 781 474 Kgl
795 433 824 458 ἐν
850 431 944 468 μόχθῳ
1012 432 1152 468 ἐμόχθησα

629 476 676 494 του
688 475 784 493 ποιειν.

664 514 831 549 Ματαιότης,
844 513 892 540 καὶ
903 513 1061 549 προαίρεσις
1070 512 1153 540 πνεύ-

632 557 727 584 ματος.

666 594 710 621 12.
724 594 779 621 Καὶ
791 593 963 631 παραφορὰν.

667 642 728 670 Ὀτι
741 642 782 674 τίς
796 642 949 677 ἄνθρωπος,
965 641 994 673 ὃς
1008 640 1153 667 ἐπελεύσε-

629 686 675 704 ται
686 678 774 704 ὀπίσω
786 677 835 712 τῆς
850 677 966 712 βουλῆς;

666 723 710 752 15.
733 723 818 759 ’Υπὲρ
832 723 881 758 τὴν
897 721 1064 758 ἀφροσύνην.

668 769 711 797 15.
725 769 780 798 Καὶ
800 769 869 796 ίνατί
887 768 1058 803 ὲσοφισάμην
1071 767 1137 802 ὲγώ;

668 817 711 843 17.
728 817 790 843 ’Ότι
804 814 922 850 πονηρὸν
936 815 979 841 ἐπ’
994 814 1044 850 ἐμὲ
1054 815 1085 842 τὸ
1098 815 1155 842 ποί-

631 860 690 887 ημα
700 851 732 878 τὸ
746 859 846 885 πεποιη
851 851 940 886 μένον.

667 897 710 925 19.
729 898 784 925 Kal
795 898 820 924 εἰ
833 896 1028 934 ὲξουσιάξεται.

665 942 700 980 ᾯ
709 943 858 979 ὲμόχῦησα.

666 988 712 1015 20.
727 988 782 1024 Κᾳὶ
794 987 960 1022 ἐπέστρεψα.

668 1034 879 1096 ὶΛποτάξασϐαι.
908 1034 1022 1066 Ἄλλος
1031 1054 1039 1067 ,
1052 1033 1156 1060 ἀποκα-

680 1079 704 1096 ν.

632 1079 704 1105 μειν.

665 1116 712 1144 2|.
726 1116 780 1144 Kal
789 1117 818 1142 ἐν
832 1115 951 1151 ἀνδρείᾳ.

665 1163 721 1189 Kal
733 1162 860 1198 πονηρία.

665 1208 710 1234 22.
730 1208 791 1234 ’Ότι
808 1208 923 1243 γίνεται.

667 1255 711 1282 23.
730 1255 907 1290 Ἀλγημάτων
926 1256 974 1282 καὶ
988 1254 1085 1290 θυμοῦ.

665 1300 711 1327 24.
727 1301 773 1328 Ἐν
791 1300 882 1336 μόχθῳ
894 1300 987 1328 αὐτοῦ.

665 1346 710 1374 25.
733 1346 781 1378 Τίς
797 1346 908 1379 atterat;

653 1392 711 1436 .26;
729 1391 774 1427 Τῷ
805 1392 900 1428 ἀγαθῷ
927 1393 980 1429 πρὸ
1008 1392 1154 1429 προσώπου

631 1436 712 1454 αυτου
717 1447 724 1454 .

669 1473 875 1509 Περισπασμὸν.

715 1520 785 1547 LXX
807 1520 1057 1548 INTERPRETES.

667 1565 694 1593 9.
710 1565 744 1593 Et
760 1566 949 1602 magnificatus
960 1574 1032 1594 sum.

666 1611 708 1639 Ab
724 1617 788 1638 ante
801 1619 855 1639 me.

669 1657 713 1684 10.
732 1656 954 1685 Postulaverunt.

671 1703 710 1730 Ab
720 1703 794 1730 omni
806 1703 899 1730 labore
909 1710 980 1730 meo.

669 1749 713 1776 11.
732 1749 765 1776 Et
778 1750 804 1776 in
820 1749 923 1782 labore,
940 1757 996 1784 quo
1015 1748 1156 1776 laborave-

633 1792 691 1812 ram
707 1785 840 1812 faciendo.

669 1829 782 1857 Vanitas
799 1834 827 1858 et
846 1829 1023 1865 praesumptio
1034 1828 1156 1864 spiritus.

669 1876 712 1903 12.
726 1875 759 1902 Et
767 1882 896 1903 errorem.

669 1920 804 1953 Quoniam
818 1920 880 1955 quis
894 1924 935 1948 est
949 1920 1040 1952 homo,
1054 1918 1100 1955 qui
1113 1918 1156 1946 in-

635 1956 772 1989 grediatur
783 1955 815 1982 ad
835 1955 980 1983 consilium
992 1955 1003 1981 ’ἶ

671 2002 715 2029 15.
735 2001 823 2036 Super
835 2001 990 2029 stultitiam.

670 2083 714 2110 15.
739 2081 773 2109 Et
797 2086 829 2110 ut
855 2080 922 2118 quid
945 2080 1054 2116 sapiens
1069 2079 1158 2108 factus

634 2125 695 2146 sum
714 2125 764 2153 ego
776 2117 788 2144 ?

670 2164 714 2191 17.
732 2163 801 2196 Quia
815 2163 918 2190 malum
932 2169 1015 2198 super
1027 2169 1071 2189 me
1088 2168 1158 2197 opus

635 2199 709 2235 quod
722 2199 824 2226 factum
837 2203 890 2226 est.

671 2244 714 2272 19.
732 2244 763 2272 Et
783 2252 816 2271 an
832 2247 994 2278 potestatem
1013 2242 1121 2270 habeat.

670 2290 731 2323 Quo
743 2290 873 2317 laboravi.

669 2337 714 2365 20.
730 2336 764 2364 Et
781 2344 930 2364 conversus
944 2344 1016 2363 sum.

670 2381 706 2410 Ut
722 2382 916 2409 renuntiarem.
944 2381 1041 2413 Alius,
1071 2379 1158 2408 labori

634 2417 825 2446 succumberet
837 2417 897 2452 (cor
908 2417 1022 2451 meum).

667 2463 714 2490 21.
726 2462 760 2489 Et
775 2463 802 2489 in
817 2463 927 2490 virtute.

670 2507 703 2535 Et
715 2507 846 2542 nequitia.

667 2554 712 2581 22.
729 2553 798 2586 Quia
814 2553 854 2580 ﬁt.

666 2601 711 2628 ‘23.
729 2599 857 2627 Dolorum
874 2602 901 2626 et
917 2597 1073 2625 iracundiae.

669 2648 713 2674 ‘24.
729 2646 758 2674 lu
772 2646 865 2673 labore
886 2652 947 2673 suo.

668 2693 715 2720 25.
734 2692 802 2726 Quis
821 2691 913 2719 bibit?

669 2739 715 2766 26.
731 2739 807 2766 Bono
821 2743 884 2766 ante
897 2737 994 2766 facient
1014 2737 1084 2772 ejus.

669 2785 889 2813 Distractinucm.

1227 1207 1272 1234 22.

1228 1253 1273 1280 25.

1228 1299 1273 1326 21.

1229 1345 1274 1372 25.

1227 1391 1273 1421 2G.

1231 1656 1276 1685 10.

1229 1748 1275 1776 11.

1231 1875 1274 1903 12.

1231 2001 1276 2029 13.

1231 2082 1276 2109 15.

1230 2160 1274 2188 17.

1231 2241 1276 2270 19.

1229 2460 1275 2488 21.

1227 2553 1275 2582 29..

1231 2599 1277 2627 25.

1228 2644 1275 2671 21.

1228 2735 1276 2762 26.

1344 170 1545 199 ΘΕΟΔΟΤῘΩΝ.

1342 1516 1547 1545 TllEODOTIO.

1640 102 1707 131 ιεαθ
