1919 3077
209 129 279 158 2299
788 130 901 159 CODEX
921 131 1258 162 SYRO-HEXAPLARIS.
1763 135 1837 163 2300

213 229 1834 251 mm

415 318 678 384 CODEX
732 271 1618 396 SYRIACO-HEXAPLABIS

722 437 1321 470 AMBROSIANO-MEDIOLANENSIS

385 518 499 549 Editus
515 523 543 548 et
561 518 656 549 latine
671 526 779 548 versus
793 527 813 547 a
829 518 944 549 Matth.
960 517 1104 558 Norberg
1122 518 1259 550 Londim'
1273 519 1448 551 Gothorum
1464 531 1545 552 anno
1573 523 1659 555 1787.

304 697 380 740 EX
416 694 818 741 PBEFATIONE
863 695 1151 742 EDITOBIS
1198 697 1433 742 SYRIACI
1469 697 1723 745 CODICIS.

240 791 369 826 llexnplis
385 791 512 826 Origenis
527 791 704 820 restituendis
721 800 776 820 non
792 792 940 821 defuerunt
955 794 1055 822 decora
1069 794 1177 830 ingenia
1194 800 1346 828 magnaque
1369 793 1468 827 studia,
1487 798 1577 822 tamen
1592 794 1704 831 fastigio
1721 803 1837 833 promer

207 837 325 872 inopiam
343 839 473 870 materiae,
492 846 547 866 non
560 838 710 872 facultatis,
726 839 847 867 nondunt
866 840 1006 875 imposito.
1022 840 1157 869 Liberalis
1168 848 1232 868 vero
1249 841 1449 868 emendationis
1460 848 1515 868 non
1531 841 1657 870 ﬁduciam
1673 844 1770 878 modo,
1787 847 1836 874 sed

206 885 290 918 ipsius
305 885 386 912 etiam
404 885 508 913 ﬁducia:
522 885 628 920 copiam
643 886 722 914 nobis
734 886 798 914 facit
809 886 894 914 codex
906 891 1000 915 noster
1013 887 1313 922 Syriaco-Hexaplaris,
1335 887 1414 922 cujus
1431 892 1535 922 partem
1552 889 1726 923 canonicam,
1742 891 1837 919 indul-

206 931 297 966 gentia
311 931 346 959 cl.
364 930 567 958 Bibliothecarii
581 931 754 958 Ambrosiani
769 931 886 965 Branca,
903 937 1006 967 septem
1024 937 1088 960 ante
1100 932 1180 960 annis
1195 933 1222 959 in
1234 932 1369 968 privatum
1378 933 1550 961 commodum
1569 935 1711 971 descripsi,
1726 943 1754 965 et
1764 946 1837 966 con-

206 977 268 1004 silio
279 977 431 1004 amicorum
445 976 473 1003 in
493 976 703 1008 communejatn
720 976 839 1010 profero.
855 975 904 1004 llic
919 977 1005 1004 codex
1032 976 1175 1004 Mediolani
1192 977 1219 1003 in
1236 977 1418 1005 Ambrosiam:
1440 977 1609 1009 Bibliotheca
1624 983 1838 1019 diligentissimo

206 1029 341 1052 servatur.
355 1022 383 1050 Si
399 1023 515 1050 formam
536 1022 597 1056 ejus
612 1026 638 1049 et
661 1027 852 1057 argumentum
869 1028 986 1058 spectes,
1009 1031 1062 1050 non
1089 1023 1217 1058 exiguam
1239 1024 1454 1058 magnitudinem
1470 1025 1536 1054 folio
1561 1027 1588 1054 in
1606 1028 1676 1057 duas
1691 1031 1838 1061 columnas

205 1070 352 1105 descripto,
365 1076 392 1097 et
407 1069 592 1096 venerandam
609 1068 727 1101 speciem
743 1073 866 1101 pergam.
885 1067 991 1098 charta,
1009 1066 1131 1101 antiquis
1144 1066 1277 1102 Syrorum
1294 1066 1393 1094 litteris
1405 1068 1584 1107 Estrangelis,
1600 1075 1627 1098 et
1641 1071 1733 1101 rubris
1748 1074 1837 1103 ιίιυιίς

205 1123 237 1143 ac
251 1115 364 1150 ερίιοείε
383 1114 476 1146 refert,
493 1120 597 1148 suoque
618 1112 761 1147 complexu
776 1118 803 1139 et
820 1112 872 1139 hoc
889 1112 986 1139 ordine
1005 1111 1140 1146 Psalmos,
1161 1111 1273 1146 anum,
1289 1112 1447 1147 Proverbia,
1462 1115 1668 1152 Ecclesiastem,
1687 1121 1836 1151 Canticum

205 1164 296 1195 Cant.,
311 1162 479 1198 Sapientiam
491 1161 609 1193 Salom.,
626 1160 794 1196 Syracidem,
806 1159 852 1187 Xll
869 1159 1021 1195 Prophetas
1035 1159 1166 1193 Minores,
1177 1159 1336 1194 Jeremiam,
1350 1161 1517 1196 Baruchum,
1531 1163 1666 1200 Threnos,
1681 1167 1835 1203 Epistolam

204 1208 338 1241 Jeremlae,
356 1208 505 1239 Danielem,
533 1206 667 1234 Ilistorias
681 1205 826 1238 Susannae,
846 1205 919 1233 Belis
940 1210 967 1233 et
979 1205 1123 1238 Draconis,
1145 1205 1332 1234 llezechielem
1352 1212 1380 1234 et
1403 1207 1522 1236 Jesaiam
1547 1212 1681 1240 continet.
1706 1213 1837 1250 Plerique

205 1256 266 1284 libri
283 1256 311 1282 in
335 1255 424 1282 fronte
446 1257 544 1289 gerunt
561 1251 689 1287 prologos
712 1249 825 1285 (Psalmi
843 1251 1045 1285 longissimum,
1075 1251 1122 1279 sed
1138 1251 1288 1285 mutilum),
1310 1251 1358 1286 qui
1374 1259 1537 1288 argumento
1560 1257 1693 1292 capitum,
1711 1249 1836 1290 historia

203 1305 359 1333 auctorum,
373 1299 500 1334 aliisque,
514 1295 654 1332 copiosius
671 1300 698 1323 ct
721 1296 819 1323 melius
840 1296 904 1323 alibi
922 1296 1068 1331 expOsitis,
1085 1300 1112 1323 et
1127 1303 1143 1323 a
1164 1304 1207 1324 me
1223 1305 1272 1332 pro
1288 1297 1420 1332 temporis
1445 1298 1578 1329 brevitate
1601 1310 1654 1330 non
1676 1304 1836 1341 descriptis,

205 1349 292 1377 facem
315 1347 473 1383 praeferunt,
496 1351 523 1373 et
538 1349 571 1376 ad
584 1345 665 1372 linem
681 1345 815 1380 epilogos,
832 1345 879 1379 qui
894 1344 1023 1379 impressi
1042 1344 1231 1377 declarabunt,
1249 1350 1370 1374 nostram
1388 1348 1542 1375 versionem
1559 1357 1592 1377 ex
1607 1350 1702 1380 Graeco
1728 1355 1836 1390 codice,

204 1404 285 1432 quem
304 1396 448 1427 Eusebius,
464 1394 606 1429 Pamphilo
621 1395 705 1425 βοείη,
717 1401 749 1420 ex
767 1393 892 1428 Origenis
912 1392 1049 1428 Telraplis
1061 1393 1103 1420 vel
1121 1392 1260 1428 llexaplis,
1275 1394 1302 1421 in
1316 1394 1485 1424 Catsareensi
1508 1396 1676 1428 Bibliotheca
1693 1403 1835 1437 repositis,

204 1444 365 1478 depromsit,
383 1447 409 1469 et
423 1442 456 1469 ad
475 1442 532 1469 haec
547 1440 670 1474 exempla
683 1439 814 1475 collatum
836 1439 1002 1471 emendavit,
1024 1439 1126 1466 factam
1141 1447 1214 1471 ease,
1230 1444 1258 1468 et
1272 1440 1446 1470 Alexandria:
1463 1451 1558 1472 mense
1576 1445 1671 1475 Canun
1687 1451 1834 1484 posteriori

203 1498 229 1519 a.
246 1491 323 1518 Alex.
340 1490 392 1517 928
409 1490 426 1516 i.
442 1497 466 1517 e.
483 1496 578 1515 mense
597 1487 675 1515 Mart.
695 1496 719 1514 η.
734 1487 799 1515 Chr.
817 1487 869 1514 617
882 1486 1040 1522 perfectam.
1059 1487 1170 1516 Scilicet
1183 1487 1279 1521 Johns,
1297 1489 1389 1517 Daniel
1406 1496 1433 1518 et
1445 1491 1489 1518 XII
1505 1493 1648 1529 Propheta:
1662 1497 1786 1527 Minores
1801 1508 1836 1528 ει

204 1537 349 1572 Tetraplis,
361 1536 509 1564 Proverbia
522 1543 598 1567 vero,
617 1534 760 1562 Canticum
777 1539 805 1561 et
815 1533 916 1562 Threni
933 1542 966 1561 ex
982 1534 1110 1569 llexaplis
1125 1535 1210 1562 sumti
1222 1535 1360 1563 dicuntur.
1376 1535 1431 1565 Nec
1441 1539 1519 1574 origo
1536 1540 1717 1576 reliquorum,
1736 1551 1838 1578 praeter

203 1584 333 1616 Jcsaiatn,
354 1584 398 1617 qui
414 1590 447 1610 ex
464 1582 557 1610 codice
574 1580 684 1608 Eusebii
698 1585 725 1608 et
742 1579 874 1615 Pamphili
888 1587 1036 1614 expressus
1047 1586 1226 1614 memoratur,
1240 1581 1354 1616 epilogis
1366 1583 1529 1617 carentium,
1551 1586 1659 1614 aliunde
1687 1591 1838 1624 repetenda

204 1634 324 1665 videtur,
346 1633 403 1667 ipsa
415 1639 510 1659 eorum
525 1630 617 1658 indole
633 1629 702 1656 hanc
723 1629 803 1656 tidem
820 1629 984 1656 inculcante.
1001 1628 1031 1655 ln
1040 1629 1105 1667 ipso
1123 1633 1200 1656 textu
1214 1633 1240 1656 et
1253 1629 1401 1664 aliquando
1422 1631 1449 1658 in
1466 1634 1588 1668 margine
1599 1635 1697 1663 adsunt
1715 1637 1838 1671 primum

205 1681 346 1713 Asterisci,
362 1680 450 1712 Obeli,
471 1678 618 1709 Lemnisci,
632 1682 660 1705 et
672 1677 892 1712 llypolentnisci;
906 1681 962 1704 tum
977 1677 1085 1710 litterae,
1099 1677 1163 1711 Ain,
1178 1681 1281 1704 textum
1299 1677 1453 1711 Hebraeum,
1468 1678 1560 1713 Aleph,
1577 1680 1687 1708 Samec/t
1706 1689 1733 1710 et
1749 1683 1839 1716 Thau,

205 1726 341 1762 Aquilam,
357 1725 552 1760 Symmachum
569 1726 824 1754 ctTheodotionem
841 1726 968 1758 seorsim,
990 1725 1087 1757 Gimel,
1103 1725 1154 1753 hos
1174 1725 1341 1760 interpretes
1360 1726 1540 1761 conjunctim,
1566 1728 1616 1760 lle,
1644 1729 1787 1763 Quintam,
1812 1738 1840 1760 et

212 1773 278 1803 Van,
296 1771 407 1799 Sextam
422 1771 574 1798 versionem
591 1771 761 1803 indicantes;
780 1776 807 1798 et
825 1771 924 1799 deinde
939 1771 992 1798 alia
1016 1771 1106 1805 signa,
1126 1777 1244 1805 quorum
1269 1770 1326 1798 haec
1343 1771 1445 1806 ﬁgura,
1483 1778 1653 1820 0%
1802 1782 1840 1819 Ο

216 1820 363 1862 __,\_j_
392 1816 518 1858 __+
539 1821 674 1858 ____Q
714 1820 848 1856 3__
916 1820 1054 1862 r__c
1075 1816 1218 1862 3+C
1242 1820 1408 1856 -κμε
1438 1828 1465 1850 et
1479 1816 1578 1857 quibus
1594 1816 1703 1858 δίιῆιιίιι,
1719 1816 1841 1855 diversis

204 1861 376 1893 diversorum
390 1868 534 1891 auctorum
553 1863 595 1891 vel
610 1863 734 1896 scholiis,
748 1863 885 1899 plerisque
896 1861 931 1889 ob
943 1863 1078 1890 rationem
1094 1861 1177 1897 supra
1191 1863 1301 1890 allatam
1319 1871 1334 1890 a
1347 1871 1391 1891 me
1405 1864 1488 1892 etiam
1506 1866 1628 1899 omissis,
1642 1868 1684 1894 vel
1699 1867 1839 1903 interpre-

205 1914 356 1942 tationibus
372 1914 400 1940 itt
416 1912 540 1948 margine
557 1911 678 1946 praeﬁxa,
693 1911 869 1947 respondent,
885 1919 1059 1947 quorumque
1075 1911 1162 1939 vicem
1180 1911 1278 1939 litterae
1294 1912 1432 1947 alphabeti
1452 1911 1543 1939 Latini
1561 1913 1587 1939 in
1605 1917 1700 1940 nostra
1714 1913 1841 1942 editione

205 1962 376 1991 commodius
390 1965 498 1996 gerunt.
516 1959 577 1993 Quo
591 1960 679 1995 magis
700 1964 743 1988 est
765 1960 792 1987 in
807 1965 912 1995 aperto,
928 1959 1025 1987 Libros
1043 1959 1230 1995 Apocryphos.
1246 1960 1292 1994 qui
1314 1960 1430 1988 subinde
1452 1966 1532 1987 voces
1545 1959 1664 1991 Graecas,
1682 1967 1839 1996 synonyma

205 2008 318 2045 Syriaca
331 2012 357 2035 et
373 2007 477 2035 scholia
492 2006 614 2042 longiora
631 2006 658 2034 in
675 2006 797 2042 margine
812 2014 922 2041 quoque
937 2006 1095 2038 ostenduttt,
1110 2005 1167 2033 haec
1186 2005 1280 2033 critica
1301 2006 1378 2040 signa
1393 2013 1447 2033 non
1467 2005 1578 2037 habere,
1596 2012 1629 2032 eo
1642 2005 1782 2033 curiosius
1796 2007 1839 2033 vi-

204 2055 296 2086 detur,
313 2061 366 2080 non
383 2053 426 2080 illa
439 2052 521 2079 modo
537 2051 669 2086 conspici,
684 2051 733 2079 sed
752 2051 906 2079 versionem
919 2052 1000 2079 etiam
1019 2051 1216 2078 Tlteodotionis
1232 2051 1259 2078 in
1279 2050 1404 2079 Barucho
1420 2057 1447 2079 et
1463 2051 1577 2079 Cantico
1605 2052 1688 2080 trium
1711 2053 1838 2081 virorum

205 2101 232 2128 in
248 2102 319 2136 igne,
338 2107 399 2135 quae
413 2098 583 2134 antiquitatis
599 2103 778 2128 monumenta
795 2099 856 2128 ideo
870 2099 953 2128 etiam
969 2099 1036 2127 mihi
1051 2098 1231 2128 describenda
1248 2099 1351 2134 putavi,
1367 2100 1492 2134 excitari,
1505 2108 1587 2136 quam
1600 2109 1658 2129 rem
1673 2102 1838 2137 peritiorunt

203 2147 307 2183 judicio
322 2146 474 2174 committo.
1083 2176 1086 2177 ν

241 2193 369 2229 Ejusdem
383 2193 491 2228 generis
501 2197 529 2220 et
542 2191 621 2227 pretii
632 2195 691 2219 erat
704 2189 789 2218 codex
805 2190 851 2218 ille
870 2189 1009 2226 Syriacus,
1034 2189 1081 2225 qui
1099 2190 1274 2226 possessione
1293 2195 1320 2218 ct
1334 2198 1386 2218 usu
1411 2190 1490 2219 Masii
1515 2199 1592 2227 aeque
1617 2193 1751 2227 famosus,
1775 2201 1840 2230 post

206 2243 353 2272 clarissimi
367 2242 448 2277 hujus
470 2241 521 2268 viri
536 2241 641 2268 obitum
660 2239 703 2266 vel
718 2239 745 2266 in
756 2238 960 2273 occultojacet,
976 2237 1019 2265 vel
1036 2238 1110 2265 tristi
1127 2238 1246 2273 quodam
1270 2238 1327 2266 fato
1346 2239 1439 2274 periit,
1457 2239 1584 2276 ambigua
1612 2245 1660 2268 aut
1684 2242 1761 2269 nulla
1778 2243 1839 2278 ejus

207 2290 387 2326 recuperandi
405 2297 453 2324 spe
467 2288 572 2316 relicta.
586 2287 686 2315 Eadem
699 2286 772 2313 enim
789 2285 934 2319 utriusque
949 2284 1050 2315 forma,
1067 2283 1138 2310 idern
1152 2284 1306 2316 character,
1323 2285 1418 2312 cadent
1441 2285 1540 2318 versio,
1559 2286 1654 2314 eadem
1673 2288 1768 2323 signa;
1782 2297 1839 2317 ea-

205 2338 267 2364 dem
287 2342 367 2364 notae.
389 2335 537 2366 Masianus,
553 2333 611 2368 ipso
623 2337 784 2368 possessore
800 2337 863 2357 vera
877 2329 1021 2360 referente,
1045 2329 1097 2356 sub
1111 2329 1192 2356 linem
1209 2329 1351 2357 dicebatur
1368 2335 1476 2360 sumtus
1495 2336 1522 2359 et
1537 2334 1570 2360 ad
1587 2335 1698 2362 verbum
1717 2337 1839 2364 transla-

207 2387 251 2410 tus
266 2391 296 2410 ex
311 2383 405 2410 Grmco
421 2380 580 2415 exemplari,
595 2381 666 2416 quod
681 2379 826 2411 Eusebius,
844 2377 986 2413 Pamphilo
997 2376 1131 2412 adjutore,
1145 2378 1178 2405 ad
1195 2378 1282 2406 libros
1297 2377 1423 2411 Origenis
1439 2379 1465 2407 in
1482 2379 1649 2410 Ca'sareensi
1666 2383 1837 2413 Bibliotheca

206 2432 303 2459 obvios
313 2438 362 2459 sua
381 2438 463 2458 mattu
478 2429 600 2457 correxit
617 2438 624 2456 :
642 2429 714 2456 idem
731 2427 766 2455 de
786 2431 882 2454 nostro
895 2426 1079 2454 Ambrosiano
1112 2426 1222 2454 dicitur.
1239 2425 1272 2454 Et
1288 2427 1418 2461 quoniam
1444 2428 1471 2455 in
1497 2428 1619 2457 Masiano
1636 2430 1654 2457 ii
1669 2429 1701 2456 V.
1723 2430 1756 2458 Τ.
1774 2431 1838 2459 libri

207 2481 330 2512 aderant,
347 2479 394 2514 qui
423 2479 450 2506 in
468 2478 650 2505 Ambrosiano
665 2477 775 2508 desunt,
792 2475 836 2503 ille
852 2483 878 2503 a.
892 2474 970 2502 Alex.
985 2474 1048 2506 927,
1061 2474 1128 2503 Chr.
1143 2474 1195 2502 616
1209 2475 1310 2506 ﬁnitus.
1327 2476 1457 2510 primum,
1475 2474 1519 2503 hic
1537 2483 1602 2504 vero
1615 2484 1641 2504 a.
1664 2477 1742 2504 Alex.
1771 2477 1837 2511 928,

206 2527 272 2554 Chr.
291 2525 342 2553 617
354 2524 496 2553 absolutus
508 2525 656 2553 secundum
676 2525 757 2552 nttius
774 2524 953 2559 ejusdemque
968 2524 1058 2559 operis
1069 2524 1196 2551 volumen
1209 2523 1387 2551 constituisse
1401 2524 1518 2551 videtur.

244 2571 295 2598 Sed
310 2570 344 2597 de
357 2574 468 2596 auclore
482 2569 563 2604 hujus
573 2570 708 2597 versiottis
721 2569 788 2596 nihil
805 2569 830 2595 in
848 2574 943 2596 nostro
954 2569 1059 2602 codice,
1073 2569 1139 2596 nihil
1157 2569 1228 2602 apud
1244 2567 1359 2595 Masium
1381 2569 1416 2596 ad
1434 2569 1521 2605 ignoti
1537 2570 1656 2598 nominis
1672 2572 1713 2598 vel
1725 2572 1841 2607 conjec-

208 2623 296 2646 turam
310 2617 426 2652 reperio.
442 2616 471 2643 ln
485 2624 513 2643 re
527 2621 581 2643 Iam
596 2615 679 2643 veteri
705 2620 731 2643 et
753 2615 858 2643 incerta
883 2615 1006 2649 opinioni
1022 2614 1063 2642 Cl.
1083 2614 1241 2642 Eichhornii
1259 2613 1371 2646 accedo,
1392 2615 1439 2649 qui
1460 2623 1524 2644 vero
1542 2617 1668 2652 propiora
1693 2617 1839 2653 colligens,

208 2674 326 2701 veroque
341 2665 465 2700 proxima
483 2671 613 2699 sequens,
636 2664 786 2692 arbitratur
808 2664 858 2698 (1),
886 2662 1011 2690 Paullutn
1031 2662 1204 2690 Alexandriae
1225 2661 1400 2697 Episcopum.
1420 2662 1554 2690 versionis
1575 2661 1840 2698 Syriaco-Hexapla-

208 2712 247 2740 ris
261 2711 306 2739 IV.
323 2711 382 2740 Lib.
399 2711 512 2748 Regum,
526 2711 554 2738 in
574 2710 742 2738 Bibliotheca
757 2708 841 2745 Regia
852 2708 1002 2737 Parisicnsi
1016 2708 1114 2741 obviae,
1131 2712 1158 2735 ct
1173 2714 1188 2735 a
1203 2714 1247 2735 me
1270 2706 1352 2735 etiam
1375 2706 1527 2744 descriptae,
1543 2712 1684 2736 auctorem
1708 2706 1758 2743 (2),
1775 2707 1840 2737 loco

246 2803 284 2836 (Ι)
305 2802 410 2836 Repert.
430 2804 445 2830 7
462 2803 512 2831 Th.
528 2811 554 2837 ρ.
569 2803 633 2830 225.

247 2837 284 2872 (Ξ)
302 2837 388 2864 Btuus
404 2838 513 2873 chcrt.
531 2839 557 2865 8.
577 2838 628 2866 Th.
651 2846 677 2872 ιδ.
695 2837 739 2864 83.
