1919 3077
63 109 124 138 9.3M
794 112 821 141 I’l

928 112 990 142 ῘἹΟ.
1617 124 1686 152 Ξὸιὶέ

62 169 166 203 quidem
189 169 231 195 sui
259 169 380 195 muneris
396 174 443 202 per
458 176 578 197 errorem
596 171 773 206 scriptorum,
793 181 844 201 non
872 183 936 201 vero
955 182 1070 209 persona
1090 176 1124 203 ad
1152 177 1231 204 fidem
1258 178 1388 205 lectorum
1417 179 1553 207 diversum
1571 181 1655 211 fuisse
1672 192 1686 211 a

63 214 151 241 Paullo
166 213 237 241 Tela:
261 213 406 249 Episcopo,
426 217 469 242 cui
498 218 629 245 Asseman
648 220 799 246 versionem
824 221 891 247 LXX
920 222 1098 257 interpretum
1115 225 1185 258 apml
1213 224 1297 260 Syros
1317 233 1348 252 ex
1364 232 1438 253 ccrlo
1459 227 1563 261 tribuit,
1587 230 1685 265 cuique

61 265 87 286 et
102 267 148 286 nos
163 259 312 286 Masianam
331 264 358 286 et
375 260 585 289 Ambrosianum
605 272 637 290 ex
655 264 788 298 probabili
805 266 976 293 tribuendam
994 272 1131 302 putamus.
1150 259 1240 304 [Eque
1262 273 1390 307 ambigua
1416 279 1459 301 est
1479 259 1581 304 codicis
1600 259 1685 305 nostri

61 310 209 360 aetasqua:
222 310 312 360 tamen
332 306 403 360 si
430 309 579 337 litterarum
596 313 687 346 speeic
711 319 737 339 et
759 312 847 340 forma
865 315 1024 342 :nslimanda
1054 317 1116 348 erit,
1134 325 1215 352 supra
1242 306 1371 348 smeulum
1399 328 1525 350 celarunt
1542 327 1686 360 repetenda

64 351 173 378 videtur.
189 348 296 377 Certius
309 354 351 376 est
365 350 437 379 illius
455 362 562 387 nomen,
581 356 626 390 qui
647 356 727 390 hujus
742 357 846 384 codicis
858 366 889 384 ex
906 358 970 385 Asia
993 359 1019 385 in
1035 348 1361 394 Europam-transferendi

61 400 171 434 gratiam
187 398 355 433 posteritatis
375 398 475 426 inierit.
495 397 648 428 Cardinalis
665 406 706 428 est
725 401 906 434 Βονινοιιξεευε,
931 403 972 430 vir
997 404 1146 440 singularis
1163 408 1289 442 exempli,
1307 410 1364 443 qui,
1393 411 1446 438 alia
1477 413 1590 441 orientis
1619 422 1688 448 pra:-

63 449 231 476 stantissima
251 451 280 474 ut
296 451 413 479 taceam,
436 447 485 474 hoc
502 448 652 482 exemplar,
672 449 789 476 cognobii
803 449 954 481 Chaldaiei,
972 453 1057 478 sacris
1074 451 1115 480 St.
1139 452 1230 480 Maria:
1244 454 1375 486 faciendis
1395 459 1420 486 in
1439 460 1586 489 solitudine
1598 447 1688 490 sum.

61 498 106 524 tim
123 495 251 529 dedicati,
268 497 390 531 priscum
416 494 575 522 thesaurum
592 514 599 526 ,
616 501 648 521 ex
675 493 793 529 [Egypto
824 495 849 520 in
867 495 1056 522 Ambrosiaua:
1081 496 1257 526 Bibliotliecse
1281 507 1472 531 ornamentum
1495 505 1688 534 liberalissime

59 544 235 578 comparavit.
1408 543 1419 550 ⁹

93 590 210 625 lmagine
230 589 332 617 codicis
345 588 430 616 nostri
442 587 560 614 breviter
572 593 711 621 expressa.
725 587 860 621 sequitur.
878 594 903 614 ut
933 588 966 616 de
988 587 1083 616 Latina
1103 595 1196 617 nostra
1214 592 1339 620 versione
1354 596 1448 629 paucis
1469 597 1571 631 dicam,
1592 598 1618 625 in
1636 607 1687 633 qua

59 636 245 671 componenda
272 636 358 670 Syrus
383 634 517 667 interpres
535 632 602 659 mihi
630 632 681 659 fuit
700 633 836 668 exeruplo.
854 633 1092 665 Quemadmodum
1121 635 1165 662 ille.
1178 635 1302 664 Cra-cum
1328 641 1449 675 vestigiis
1466 648 1577 670 secutus
1602 632 1653 675 est,
1673 652 1687 670 a

59 684 255 713 consuetudine
270 683 311 709 sui
330 682 465 709 sermonis
489 681 567 716 longe
591 681 732 712 recedens,
750 682 786 708 ita
801 689 851 716 ego
873 681 982 717 Syrum,
1000 683 1027 710 in
1045 683 1139 710 eadem
1157 692 1197 717 re,
1220 687 1304 720 magis
1325 693 1397 715 recte
1413 689 1527 724 legendi.
1548 699 1628 726 quam
1644 699 1689 717 or-

58 738 120 759 nale
133 730 255 758 vertendi
267 730 402 756 rationem
416 733 565 764 spectante.
579 730 601 756 si
617 731 706 756 minus
721 729 815 756 Latine
828 729 999 762 imitandum,
1016 736 1105 758 tamen
1121 732 1305 760 aemulandum
1319 737 1384 764 mihi
1397 739 1537 772 proposui.
1555 738 1582 765 Si
1597 743 1686 765 autent

59 781 164 808 dillicile
189 784 241 810 est,
258 778 296 805 rei
316 778 461 813 proximae,
487 779 675 806 dillicillimum
694 779 760 805 mihi
778 778 837 811 fuit,
859 780 1048 807 remotissima:
1061 780 1270 808 similittnlincm
1289 791 1320 810 ex
1337 791 1400 809 vero
1420 782 1555 817 ellingere,
1572 787 1597 809 et
1611 790 1690 809 voces

59 829 194 863 Syriacas,
223 834 283 862 qua:
305 825 414 852 licentia
435 825 592 853 vestustatis
609 824 823 858 obscuramcopia
851 824 1082 858 signiﬁcationum
1113 826 1257 861 ambiguw,
1281 832 1307 854 et
1333 835 1381 862 pro
1401 828 1527 854 orientali
1553 829 1688 855 scribendi

59 883 165 910 genere,
181 875 253 901 inter
267 877 392 900 nostrum
403 877 430 899 et
443 870 680 905 Ilieroglypliicum
692 870 791 900 medio,
803 869 830 896 in
847 871 918 896 notis
933 871 1082 904 praesertim
1098 876 1124 897 et
1137 876 1214 898 extra
1231 873 1328 899 seriem
1341 874 1475 901 orationis
1489 875 1564 911 vario
1582 875 1687 909 legendi

57 930 84 950 et
97 921 289 957 interpretandi
305 919 418 947 arbitrio
432 918 556 944 obnoxie
573 921 647 947 sunt,
663 917 775 944 totidem
792 916 897 943 L'tlinis
913 917 1034 951 ejusdem
1050 917 1090 944 vis
1103 923 1127 944 ct
1145 920 1289 951 potestatis
1302 920 1454 954 exprimere
1465 919 1513 954 (l).
1530 919 1576 946 Sic
1591 919 1688 946 lxantur

57 976 217 998 caussarum
237 973 344 993 errores
360 973 426 992 mea:
445 963 577 994 inscitiae,
593 963 713 997 reliquos
731 971 805 994 vero,
825 971 894 997 quos
909 963 1119 990 transcribendo
1135 965 1271 997 commisi,
1293 970 1318 992 et
1336 974 1405 1000 quos
1428 970 1581 1000 suspectos.
1601 966 1688 992 titani-

59 1018 153 1048 festos,
172 1019 244 1042 metu
259 1015 357 1041 iterum
372 1011 480 1039 errandi
495 1018 547 1037 non
559 1010 676 1041 correxi,
698 1018 763 1037 mea:
777 1010 890 1037 incuria:
907 1011 1021 1041 tribues,
1041 1016 1068 1038 et
1081 1020 1142 1038 eum
1160 1011 1221 1038 illos
1236 1018 1344 1046 propter
1362 1013 1399 1039 rei
1414 1012 1612 1044 dillicultatem,
1628 1017 1685 1039 tum

58 1065 108 1090 Iros
125 1066 235 1097 propter
253 1059 382 1094 temporis
400 1057 425 1083 in
441 1057 519 1090 Copia
536 1055 639 1083 codicis
655 1055 778 1082 facienda
796 1055 953 1082 brevitatem
970 1056 1125 1084 cxcusabis.
1142 1055 1267 1083 Profecto
1287 1065 1340 1083 non
1366 1062 1470 1084 tantum
1485 1066 1498 1085 a
1515 1067 1568 1090 me,
1587 1059 1632 1091 qui
1651 1058 1690 1092 ip-

59 1117 119 1137 sum
130 1109 253 1135 codicem
282 1113 331 1132 nec
349 1109 437 1133 antea.
455 1106 568 1136 urgente
586 1109 645 1128 meo
666 1102 692 1127 in
705 1101 836 1127 orientem
854 1101 960 1133 itinere,
974 1106 1060 1128 totum
1074 1110 1135 1129 cum
1147 1107 1240 1129 nostro
1252 1103 1397 1136 exemplari
1412 1103 1568 1131 conferendi
1585 1109 1690 1137 tempus

57 1157 152 1188 Itabui,
167 1163 216 1182 nec
229 1155 285 1189 jam
300 1161 331 1179 ex
348 1156 424 1187 parte
439 1149 598 1176 consulendi
616 1149 788 1176 occasionem
808 1148 906 1181 babeo,
923 1149 1086 1183 postulabis,
1100 1154 1230 1184 quantum
1250 1149 1284 1177 ab
1303 1155 1398 1175 eorum
1413 1149 1510 1176 studiis
1523 1155 1549 1177 ct
1563 1150 1689 1185 irgeniis,

58 1204 158 1238 quibus
175 1201 257 1235 hujus
276 1199 420 1231 utriusque
436 1197 544 1224 fortuna
558 1196 712 1231 contigerit,
728 1196 909 1230 exspectabis.

93 1249 133 1277 Ad
146 1249 275 1276 ultimum
287 1247 321 1273 de
334 1245 438 1273 codicis
453 1243 539 1270 nostri
557 1251 620 1274 usu,
633 1243 680 1278 qui
696 1243 792 1269 melius
806 1242 886 1269 asuis
903 1241 997 1273 rebus,
1018 1249 1100 1277 quam
1117 1243 1218 1269 nostris
1234 1243 1324 1270 verbis
1339 1243 1558 1277 cognoscendus,
1576 1243 1690 1277 integri--

58 1298 106 1324 tati
126 1296 252 1324 llebraici
270 1299 360 1322 textus
376 1297 467 1320 vetera
481 1294 649 1324 testimonia.
667 1293 740 1319 vitiis
758 1292 828 1318 LXX
844 1293 1022 1327 interpretum
1035 1300 1103 1319 nova
1117 1293 1246 1325 remedia,
1257 1297 1285 1320 et
1301 1300 1363 1319 cum
1382 1291 1583 1319 Montfaumais
1601 1291 1689 1318 Hexa-

57 1345 110 1380 plis
126 1349 181 1370 tum
194 1342 314 1378 Syriacis
326 1341 544 1368 Nomenclaturis
559 1347 658 1374 magna
678 1339 845 1366 incrementa
861 1341 887 1365 in
905 1338 994 1366 fronte
1007 1339 1149 1374 promittit,
1168 1339 1233 1366 etin
1251 1347 1359 1367 recessu
1387 1339 1468 1371 fovet,
1486 1338 1569 1365 ntulta
1588 1339 1689 1380 habeo.

56 1398 118 1424 quae
133 1389 262 1420 dicerem,
279 1387 330 1414 nisi
347 1387 485 1421 proposita
501 1384 649 1412 voluminis
665 1389 692 1411 et
706 1383 784 1419 pretii
801 1384 960 1418 magnitudo
978 1385 1043 1411 mibi
1062 1390 1136 1411 esset
1150 1385 1358 1418 impedimento.
1375 1385 1458 1420 Igitur
1472 1393 1533 1412 cum
1551 1393 1582 1411 ex
1608 1384 1690 1410 inlut-

57 1436 142 1464 Iueris
156 1435 285 1462 nonnulla
302 1433 383 1468 hujus
406 1431 541 1459 versionis
563 1431 635 1461 loca,
650 1437 710 1465 qum
727 1429 760 1456 ab
775 1429 920 1464 I'Iexaplari
950 1435 1006 1457 tum
1036 1429 1238 1458 Montfauconis
1266 1439 1347 1464 opere
1375 1436 1431 1458 tum
1450 1431 1542 1458 Grabii
1571 1430 1690 1458 editione

57 1490 156 1509 vocum
180 1485 207 1509 el.
224 1481 364 1515 signorum
387 1478 619 1510 Iiuniero,.[orina
634 1482 661 1505 et
675 1478 733 1505 loco
744 1477 883 1510 differunt,
900 1477 1003 1504 eﬂ'atim
1022 1478 1158 1512 explicare
1177 1486 1230 1505 non
1247 1478 1336 1511 liccat,
1363 1487 1394 1506 ea
1417 1479 1443 1506 in
1460 1485 1619 1513 opportunae
1632 1479 1684 1505 col-

59 1516 168 1555 lationis
182 1527 287 1561 copiam
312 1529 340 1552 et
364 1526 419 1552 veri
444 1533 474 1552 ac
491 1525 549 1553 falsi
576 1523 722 1551 discrimen
741 1523 900 1550 nominatim
924 1523 1026 1550 citasse
1051 1523 1157 1558 juvabit
1182 1531 1197 1551 e
1218 1523 1283 1551 solis
1304 1522 1413 1551 duobus
1430 1524 1507 1552 libris
1526 1532 1596 1559 quos
1617 1533 1690 1551 nunc

57 1575 177 1602 edimus.

93 1621 196 1648 Jerem.
212 1619 268 1646 1.8.
284 1619 315 1646 Il.
332 1619 374 1646 I7.
387 1618 431 1645 ‘29.
450 1617 492 1644 IIl.
510 1618 536 1644 5.
555 1616 600 1644 IV.
617 1617 642 1643 1.
660 1615 691 1642 V.
714 1615 756 1642 15.
778 1615 820 1642 I6.
834 1615 879 1641 26.
898 1614 938 1641 VI.
957 1615 982 1642 2.
999 1616 1040 1641 15.
1062 1615 1106 1642 2‘2.
1122 1615 1173 1642 VII.
1192 1616 1293 1644 10.11.
1311 1617 1378 1644 VIII.
1391 1618 1418 1644 2.
1434 1618 1459 1645 7.
1478 1618 1520 1644 19.
1538 1618 1580 1644 iX.
1595 1618 1639 1645 26.
1654 1617 1688 1645 X.

57 1667 84 1694 ει.
103 1666 147 1694 18.
162 1664 233 1692 xui.
248 1665 290 1691 10.
306 1663 422 1690 mus.
440 1661 615 1690 15.xv.n.
632 1660 701 1688 xvi.
717 1661 744 1688 4.
763 1660 858 1688 xvru.
875 1661 921 1687 eo.
938 1661 983 1688 23.
1002 1661 1071 1688 χιχ.
1090 1663 1132 1689 n.
1149 1662 1221 1689 xxr.
1239 1664 1265 1690 δ.
1282 1663 1360 1690 xxu.
1378 1665 1419 1691 is.
1432 1664 1476 1692 ea.
1492 1665 1535 1692 δυ.
1554 1665 1646 1692 xxut.
1661 1665 1688 1693 8.

61 1714 105 1741 10.
120 1712 216 1741 XXIX.
235 1713 277 1740 15.
298 1711 418 1739 XXXIII.
446 1711 487 1738 I6.
505 1710 613 1737 XXXV.
631 1710 658 1737 5.
677 1709 796 1737 XXXVI.
811 1709 837 1737 1.
858 1708 927 1736 XLI.
947 1710 973 1737 9.
991 1710 1033 1737 15.
1049 1709 1163 1737 XLVIII.
1188 1711 1229 1738 15.
1249 1712 1339 1739 50.45.
1357 1711 1473 1740 IIezcht.
1492 1712 1521 1739 V.
1537 1713 1580 1740 15.
1598 1713 1641 1740 Vl.
1661 1714 1687 1741 6.

58 1760 86 1786 9.
107 1759 149 1786 10.
162 1759 242 1786 XVII.
259 1759 303 1786 20.
317 1758 362 1785 21.
378 1757 468 1785 XVIII.
484 1758 509 1784 4.
530 1756 572 1785 LI.
588 1758 615 1785 6.

96 1849 279 1886 (Dum-mcum
296 1848 442 1886 articulum
458 1849 671 1886 praepositivum.
698 1857 777 1884 quem
799 1849 932 1884 Origenes
946 1852 1030 1878 textui
1056 1851 1205 1878 LXXvirali
1224 1851 1369 1885 aliquando
1393 1852 1534 1886 praemisso
1557 1852 1690 1879 asterisco

60 1883 284 1920 atltlidit,_nostet‘
299 1891 346 1916 per
357 1884 479 1920 litteram
500 1883 602 1920 Lomud
617 1883 761 1918 expressit,
778 1883 860 1919 quam
884 1886 1004 1919 Norbcrg
1028 1894 1076 1920 per
1090 1888 1135 1917 ml,
1152 1887 1193 1913 vel
1210 1887 1244 1918 is,
1259 1883 1301 1918 ea,
1325 1887 1363 1918 id,
1379 1883 1505 1918 reddidit,
1526 1895 1575 1914 nos
1593 1887 1688 1915 litteris

59 1918 164 1957 ulmeis
177 1917 279 1957 Latina:
293 1918 410 1957 versioni
430 1918 614 1957 inseruimus;
632 1917 704 1957 quod
719 1917 818 1947 rectius
832 1928 892 1949 esse
911 1921 968 1956 ipse
985 1917 1088 1950 codicis
1106 1922 1192 1950 editor
1210 1917 1327 1957 ingenue
1343 1922 1435 1950 fassus
1459 1928 1498 1950 est
1514 1930 1542 1950 se
1564 1923 1686 1950 animad-

57 1953 177 1982 vertisse
190 1953 321 1988 impresso
337 1953 394 1988 jam
405 1960 485 1988 opere
497 1961 557 1980 suo.
575 1953 673 1981 Draclt.

203 2848 335 2878 PATnOL.
351 2849 406 2878 (in.
426 2849 509 2880 XVI.
1489 2856 1531 2888 73
