1919 3077
64 119 126 147 ΞΜ

703 123 862 152 ιΕΗΕΜΙᾸΞ
892 123 1006 151 CAPUT
1034 126 1064 152 ν.

1612 122 1688 149 eam

63 181 86 203 ct
97 177 119 203 in
127 177 274 204 Jerusalem
290 178 432 206 audiatur:
448 178 538 211 dicite,
555 179 706 214 significate
725 181 763 216 (rt)
777 181 840 208 tuba
856 183 878 211 Α
895 182 993 216 Aspexi
1011 183 1036 209 in
1055 186 1164 214 terram,
1181 186 1205 208 ct
1219 189 1282 209 cccc.
1300 182 1333 214 >ξ<
1350 180 1386 215 (2)
1400 179 1480 207 inane
1495 180 1504 213 ζ
1520 185 1546 207 ct
1560 179 1637 211 nihil,
1659 184 1684 205 et

63 229 135 257 super
150 228 230 256 terra,
247 228 273 252 ct
288 225 405 252 clamate
428 233 493 254 voce
513 234 621 261 magna,
644 227 743 253 dicite:
767 227 840 254 Con-

62 269 210 303 grcgamini,
236 275 263 297 et
289 271 472 304 ingrediantur
497 273 522 299 iu
544 273 634 304 urbes,
652 273 752 307 quibus
779 280 842 301 sunt

63 315 144 341 ruuri:
161 316 186 342 6.
199 316 234 351 (ε)
245 317 372 347 attollite,
383 321 409 343 et
423 317 506 352 fugite
520 318 546 344 iu
564 319 690 345 Sionem:
706 319 840 351 festinate,

62 367 92 386 ne
105 361 193 393 stetis;
223 362 286 395 quia
303 361 374 389 mala
401 370 451 396 ego
469 364 575 390 adduco
598 364 632 390 ab
648 365 788 399 aquilone,
815 371 842 392 et

61 407 242 434 contritioucm
263 416 398 442 magnam.
420 409 444 434 1.
465 408 595 436 Ascendit
618 410 658 436 leo
683 419 716 437 ex
736 411 841 438 habita-

61 451 116 478 culo
127 461 191 480 suo:
213 459 239 481 et
255 454 301 488 qui
318 454 389 481 delet
406 459 510 489 gentes,
527 455 559 490 (ί)
577 456 700 489 abstulit,
717 461 743 483 ct
758 457 842 484 exivit

60 507 89 525 ex
103 497 158 525 l0c0
175 506 235 530 suo,
254 499 286 525 ad
306 499 460 533 ponendum
480 503 579 527 terram
600 505 672 528 tuam
693 502 730 537 (ν)
748 502 773 528 iu
796 503 842 529 de-

61 549 171 571 sertum:
190 549 217 571 et
242 545 324 571 urbrs
351 550 404 572 tua:
421 546 609 580 destruentur,
633 555 665 574 eo
689 548 761 582 quod
787 556 840 574 non

61 590 216 617 lrabitt‘ntut‘.
242 590 267 617 8.
297 590 384 626 Super
407 592 450 619 his
474 593 574 628 cingite
606 601 653 620 vos
679 594 788 625 ciliciis,
816 601 842 621 et

60 636 179 670 plangite,
199 642 225 664 ct
242 637 356 669 ululate;
386 638 448 672 quia
474 646 527 665 nou
555 647 680 666 reversus
703 644 743 666 cst
765 640 842 667 furor

60 682 103 709 ira:
118 682 220 709 Dourini
239 691 253 710 a
265 683 352 711 vobis.
371 684 396 710 9.
412 683 443 710 Et
457 684 508 711 erit
524 685 550 711 iu
570 685 614 712 die
633 685 690 718 illo,
707 686 772 713 dicit
788 686 841 713 Do-

61 729 153 758 minus,
170 729 268 764 peribit
288 730 325 764 (Ir)
341 737 387 758 cor
409 730 488 765 regis.
513 735 539 757 et
558 739 606 758 cor
622 732 796 766 principum;
815 738 841 760 ct

60 775 89 809 (ἰ)
105 775 293 810 οινιῑυρθςοεηῑ
313 777 479 808 sacerdotes,
497 781 523 804 et
539 779 677 812 p'oplrelre
696 779 839 807 mirabun-

60 826 109 848 tur.
135 821 173 847 10.
191 821 222 849 Et
239 822 312 849 dixi:
328 821 349 849 Ο
375 822 534 850 Domiuator
564 824 687 856 llntniue,
710 833 744 852 an
767 826 839 852 deci-

60 866 151 900 picnlo
171 866 300 901 deccpisti
318 868 446 901 populum
465 869 548 902 hunc,
567 869 593 896 in
617 869 778 902 Jerusalem,
799 871 840 898 di-

58 920 118 939 cens
128 917 153 939 tu
167 922 174 939 :
187 913 431 946 Paxeritvobis,et
446 915 481 949 (Ir)
494 916 627 950 pt'l'lingt'l
641 916 747 951 gladius
757 925 843 952 usque

57 959 88 985 ad
104 959 222 986 animam
244 960 358 986 eorum?
379 961 421 986 1|.
443 961 472 987 In
494 966 616 997 tempore
633 963 679 989 illo
697 963 728 998 (I)
751 964 842 991 dicent

57 1004 153 1039 popilo
168 1005 231 1032 huic
245 1010 271 1033 et
284 1005 452 1034 Jerusalem:
471 1007 519 1042 (ιη)
539 1008 658 1042 Spiritus
676 1014 703 1036 et
719 1018 796 1037 error
815 1011 840 1037 in

55 1052 171 1082 deserto,
185 1052 224 1087 (η)
239 1053 281 1079 via
297 1052 358 1080 filia:
375 1055 465 1088 populi
483 1055 534 1081 mei
552 1062 605 1082 non
620 1057 652 1081 ad
671 1063 780 1090 purum,
798 1065 842 1084 ne-

55 1105 106 1132 que
123 1098 155 1124 ad
170 1103 308 1125 sanctum.
333 1099 374 1126 l2.
397 1099 515 1133 Spiritus
531 1101 689 1134 rcpletionis
704 1104 736 1135 ᾖ(
749 1111 781 1129 ex
800 1103 842 1130 bis

57 1143 68 1177 ζ
87 1144 174 1170 veniet
194 1144 271 1172 m'lri.
288 1144 366 1171 Nunc
379 1150 469 1172 autem
487 1147 520 1180 Χ
537 1150 564 1172 et
584 1146 594 1179 ζ
612 1154 662 1179 ego
683 1148 779 1182 loquar
796 1148 842 1182 ju-

54 1189 121 1215 dicia
144 1197 202 1216 mea
217 1190 349 1217 adversus
360 1198 416 1218 eos.
442 1191 482 1218 15.
498 1191 577 1222 Ecce,
593 1197 621 1219 ut
634 1193 729 1223 turbes,
746 1202 842 1221 ascen-

54 1234 108 1265 det,
125 1239 151 1261 ct
167 1239 196 1261 ut
214 1235 305 1266 turbo,
321 1243 419 1263 cursus
431 1237 506 1270 ejus:
527 1237 643 1265 leviores
659 1239 758 1272 aquilis
779 1240 841 1274 equi

53 1281 122 1314 ejus.
142 1280 187 1307 Vse
211 1282 299 1314 nobis,
325 1282 389 1317 quia
409 1283 500 1310 amicti
526 1292 634 1312 strrnrrs.
656 1285 696 1311 14.
717 1285 804 1313 Ablue
827 1295 841 1313 a

54 1328 156 1355 malitia
175 1336 223 1355 cor
240 1334 328 1361 tuum,
351 1328 514 1362 Jerusalem,
537 1335 566 1357 ut
590 1331 711 1358 saiveris.
731 1331 837 1364 Quous-

53 1382 106 1408 que
121 1374 290 1408 reperientur
303 1374 329 1401 in
348 1379 373 1402 te
389 1375 701 1410 cogitatiotn-sdolorurn
712 1379 844 1405 tuorum?

54 1420 97 1446 15.
113 1419 181 1452 Quia
207 1428 255 1446 vox
274 1420 463 1447 aurrurrtiantis
478 1429 510 1447 ex
529 1420 584 1448 Dan
611 1421 668 1456 (0):
687 1422 724 1457 (ρ)
742 1428 769 1451 ct
793 1432 843 1451 au-

51 1466 142 1493 dietur
154 1466 230 1493 dolor
252 1473 286 1493 ex
303 1471 395 1494 monte
411 1465 545 1500 prrmm.
570 1467 612 1494 16.
633 1468 661 1494 In
683 1470 842 1496 memoriam

895 229 1040 260 iucmlum,
1056 233 1146 255 etnon
1163 232 1240 255 erant
1255 228 1329 255 luces
1345 227 1415 261 ejus.
1430 227 1475 254 ‘21.
1494 226 1552 253 Vidi
1570 231 1686 258 montes,

893 278 919 301 et
944 279 1021 301 erant
1048 279 1206 306 trementes,
1226 277 1252 300 ct.
1272 281 1368 300 omnes
1383 273 1467 300 colles
1484 273 1616 299 turbatos.
1641 272 1685 298 επ.

893 320 1012 354 Inspexi,
1027 325 1053 346 ct
1067 327 1130 346 ecce
1148 327 1201 346 non
1219 323 1276 345 erat
1288 319 1381 350 homo,
1403 323 1430 345 et
1451 326 1547 344 omnes
1565 318 1688 344 vulucrrs

893 366 955 392 cccli
974 366 1010 399 (Il)
1029 365 1209 400 cxpavclrant.
1226 363 1270 390 26.
1290 363 1360 394 Vidi,
1372 368 1398 389 rt
1411 371 1475 390 ecce
1490 362 1632 389 Carmelus
1646 363 1690 387 dc-

893 416 993 443 sertus.
1010 417 1036 438 et
1052 419 1148 438 omnes
1164 411 1246 438 urbes
1269 412 1301 443 ξεί
1315 410 1375 443 ejus
1392 409 1403 442 ζ
1426 409 1462 443 (I))
1483 409 1603 436 inet-rrsm
1629 408 1688 442 igne

893 465 906 484 ο
934 457 1002 484 facie
1026 456 1145 486 Domini,
1160 461 1185 483 et
1199 464 1214 483 a
1233 455 1301 482 facie
1316 455 1363 482 ira:
1380 455 1482 482 furoris
1494 455 1553 489 ejus
1573 463 1599 482 ἡ
1620 456 1688 482 abn-

893 504 946 530 liL-e
958 508 1035 530 crant
1051 504 1074 536 ζ.
1088 503 1121 529 27
1149 502 1210 529 lbee
1223 503 1286 529 dicit
1297 501 1441 528 Dominus:
1461 502 1495 535 (r)
1511 501 1621 528 Deserta
1637 502 1689 528 erit

892 550 981 576 omnis
998 554 1080 579 terra,
1093 549 1357 576 consumruatiouem
1368 555 1431 574 vero
1445 555 1499 573 non
1514 547 1622 574 faciam.
1642 548 1686 574 23.

894 594 979 628 Super
994 595 1036 621 his
1050 595 1136 628 lugeat
1151 599 1233 626 terra,
1245 598 1270 620 ct
1283 593 1379 627 calich
1390 593 1484 620 caelum
1496 593 1629 626 desuper;
1649 594 1687 626 id)

892 641 954 675 quia
972 641 1079 667 loculus
1096 649 1166 674 sum,
1184 645 1210 667 ct
1232 648 1284 667 non
1299 647 1340 666 me
1355 639 1510 674 pcenitcbil:
1529 638 1564 674 (ε)
1579 639 1625 666 tuli
1639 640 1690 666 im-

893 691 995 721 pi'ttttn,
1007 691 1033 713 cl
1049 694 1101 713 non
1119 686 1242 713 recedam
1258 686 1291 713 ab
1303 693 1343 713 ea.
1358 685 1403 712 ‘21).
1420 685 1440 711 Α
1457 693 1521 712 vore
1535 685 1645 720 equitis,
1663 689 1689 712 et

893 733 926 766 (fr
949 740 1029 760 arcus
1046 731 1145 759 intensi
1160 731 1285 766 migravit
1303 731 1394 758 omnis
1415 731 1501 765 regio.
1518 731 1689 765 Irrepscrunt

893 778 919 804 in
938 778 1094 812 speluncas,
1115 784 1145 804 -ξ-
1165 782 1191 803 et
1209 777 1234 804 in
1252 777 1334 803 silvas
1358 784 1387 803 se
1412 777 1644 804 abscondiderunt
1664 777 1688 810 ζ,

893 828 920 850 et
934 831 986 858 srrp
997 831 1017 849 ~r
1032 823 1150 857 ingentia
1167 831 1232 849 saxa
1249 824 1286 857 (gl
1303 823 1503 850 ascenderunt:
1517 823 1607 850 omnis
1624 823 1689 850 urbs

893 869 1022 896 derelicta
1034 873 1085 900 cst,
1105 876 1159 896 non
1178 868 1281 895 habitat
1295 869 1321 895 in
1335 869 1375 896 eis
1395 870 1486 895 homo.
1502 869 1546 896 5t).
1565 868 1598 895 Et
1613 873 1640 895 tu
1654 870 1689 903 )a{

894 915 993 942 misera
1014 915 1038 948 ζ,
1054 915 1119 949 quid
1137 915 1222 941 facies
1235 915 1245 940 ἰν
1258 914 1285 941 Si
1309 914 1356 941 tibi
1370 914 1584 942 circumdederis
1597 915 1688 942 cneci-

894 969 970 994 nurn,
985 966 1012 988 et
1024 967 1049 988 te
1064 962 1206 988 ornaveris
1225 967 1388 988 orrarncnlo
1404 961 1474 993 ειμι-ἰ,
1492 966 1518 987 ct
1542 961 1564 988 si
1590 961 1691 987 obliui-

895 1009 966 1035 veris
983 1007 1020 1041 (Ir)
1038 1007 1151 1042 collyrio
1168 1008 1262 1034 oculos
1277 1012 1354 1038 tuos;
1374 1008 1399 1034 in
1413 1015 1512 1034 vanum
1528 1008 1559 1041 (ἱ)
1574 1007 1638 1034 illul
1654 1006 1690 1042 (li)

893 1053 976 1081 decus
994 1059 1080 1080 tuum.
1098 1053 1268 1088 Repuleruut
1286 1059 1311 1080 le
1336 1058 1472 1080 amatores
1494 1054 1547 1080 tui:
1570 1050 1690 1080 aniurafn

894 1105 968 1127 tuam
986 1104 1121 1134 quieverit:
1141 1100 1186 1126 51.
1201 1099 1268 1132 Qui.
1288 1107 1381 1126 vocem
1401 1105 1429 1126 ut
1448 1100 1624 1134 parturientis
1640 1107 1692 1125 au-

893 1145 960 1175 tlivi,
981 1145 1013 1180 (Ι)
1029 1145 1157 1180 gemitum
1177 1150 1253 1171 tuum
1271 1150 1300 1171 ut
1316 1144 1448 1179 parientis
1470 1145 1568 1179 primo.
1584 1144 1640 1170 Vox
1661 1145 1692 1171 li-

895 1191 937 1218 lia:
955 1191 1047 1218 Siouis
1064 1191 1237 1225 refrigescet:
1253 1195 1280 1217 ct
1293 1190 1413 1217 rcurittct
1431 1198 1528 1217 manus
1544 1198 1619 1217 suas.
1641 1189 1691 1217 Va:

895 1237 960 1264 Inibi
977 1245 1037 1271 ego,
1054 1237 1117 1271 quia
1133 1237 1224 1263 delicit
1238 1237 1329 1263 anima
1353 1244 1412 1263 mea
1429 1244 1512 1270 suprr
1528 1236 1690 1262 interiectis.

928 1283 995 1316 Cap.
1014 1281 1114 1309 V.—-1.
1129 1282 1248 1313 Currite,
1263 1283 1405 1310 circumite
1421 1282 1448 1309 in
1464 1282 1514 1309 viis
1522 1281 1691 1309 Jerusalem:

895 1328 982 1355 videte
994 1329 1027 1361 Ἀ
1045 1328 1127 1363 igitur
1140 1328 1163 1362 ζ,
1179 1332 1206 1355 et
1220 1328 1388 1362 cognoscite,
1413 1332 1440 1355 et
1456 1328 1569 1362 quaerite
1590 1327 1616 1354 in
1630 1328 1690 1362 pla-

895 1375 945 1402 teis
963 1374 1031 1407 ejus,
1044 1375 1066 1402 si
1077 1374 1221 1401 inveniatis
1234 1375 1333 1406 virum,
1346 1375 1367 1401 si
1383 1375 1418 1401 sit
1433 1374 1692 1408 faciensjtulicrunr,

894 1426 920 1448 et
937 1428 1061 1455 Quaereris
1085 1420 1132 1455 (m)
1152 1420 1249 1447 tidem:
1279 1425 1305 1447 et
1330 1420 1465 1455 propitius
1484 1427 1530 1447 ero
1548 1421 1598 1451 eis,
1626 1420 1693 1447 dicit

895 1467 1036 1495 Dominus.
1054 1466 1082 1493 Ξ.
1112 1466 1150 1501 (ιι)
1172 1466 1244 1494 Vivit
1272 1467 1417 1499 Dominus,
1445 1467 1558 1494 dicunt:
1582 1471 1693 1501 propter

53 1516 178 1538 revocate
192 1512 329 1546 gentibus,
350 1513 386 1546 (ᾳ)
403 1519 465 1539 ecce
486 1517 631 1540 venerunt:
651 1512 845 1551 Hierosolyma:
861 1519 880 1546 ο
900 1513 951 1540 hoc
979 1521 1070 1540 nonne
1085 1520 1168 1547 super
1193 1513 1342 1540 mendaciis
1370 1513 1481 1547 jurant?
1507 1513 1533 1540 5.
1565 1513 1689 1542 Domine,

50 1557 223 1589 aunuutiate,
247 1557 332 1584 turba:
354 1557 464 1584 veniunt
485 1567 516 1585 ex
542 1563 613 1586 terra
637 1560 794 1596 longinqua,
819 1567 846 1589 et

51 1603 185 1630 dederunt
211 1611 292 1637 super
318 1604 399 1631 urbes
414 1603 491 1631 Juda:
516 1613 610 1632 vocem
635 1613 730 1634 suam:
746 1608 787 1634 Π.
817 1613 845 1636 ut

50 1649 238 1676 custodientes
254 1657 360 1683 agrum,
377 1649 441 1676 facti
467 1655 531 1677 sunt
554 1659 636 1686 super
654 1659 713 1678 eam
738 1652 764 1679 in
792 1655 846 1681 cir-

50 1695 147 1727 cuitu;
163 1695 198 1729 (r)
223 1695 353 1730 quoniam
380 1703 422 1722 me
447 1697 602 1730 neglexisti,
621 1697 686 1725 dicit
703 1698 844 1727 Dominus.

51 1741 95 1768 18.
107 1741 161 1768 Via:
172 1745 268 1773 tuas,et
278 1741 365 1768 studia
383 1746 428 1769 tua
443 1741 700 1770 feceruutlrmctibi:
719 1744 774 1772 bene
787 1753 845 1772 ma-

50 1787 108 1815 litia
117 1788 364 1822 tua,qu0darnara,
374 1788 436 1822 quia
448 1789 556 1824 pertigit
565 1797 651 1825 usque
660 1791 692 1817 ad
701 1799 747 1818 cor
757 1796 844 1818 tilum.

51 1833 95 1860 19.
109 1833 207 1860 Venter
221 1839 410 1865 nreus,ventcr
421 1842 496 1862 meus
505 1835 577 1862 dolet
594 1836 672 1868 mibi,
684 1841 710 1863 et
722 1838 844 1865 sensoria

49 1879 146 1907 cordis
158 1879 210 1906 ntei
220 1889 226 1904 :
236 1879 443 1915 (s)discerpitur
452 1888 481 1907 -ξ-
491 1881 582 1908 anilna
592 1890 662 1915 mea,
675 1883 841 1918 dilaniatur:

48 1928 136 1953 etiam
156 1934 204 1953 cor
215 1934 306 1953 meum
320 1934 327 1952 ;
346 1934 398 1954 non
416 1928 527 1960 tacebo;
544 1928 607 1962 quia
623 1937 714 1955 vocem
730 1929 761 1963 (r)
776 1931 847 1956 tuba:

49 1972 157 1999 audivit
179 1972 269 1998 anima
289 1979 358 2004 mea,
377 1972 416 2006 (α)
438 1972 586 2000 clamorem
610 1975 682 2007 belli,
699 1975 745 2002 ’20.
765 1983 795 2003 -ε-
819 1981 847 2003 et

50 2018 173 2045 miseria}
188 2018 222 2052 ﬁ:
248 2019 440 2046 contritioncm
460 2020 492 2052 )s(
512 2027 594 2054 super
614 2021 806 2048 contr-itionem
833 2022 844 2056 ζ

49 2065 90 2099 (.e)
107 2065 240 2096 advocat;
257 2065 321 2099 quia
344 2069 439 2092 vexata
457 2070 499 2093 cst
516 2066 606 2094 omnis
622 2071 708 2094 terra:
736 2073 847 2102 repente

50 2114 184 2137 vexat-tm
201 2114 241 2137 est
258 2110 463 2137 tabernaculum
490 2118 590 2142 meum,
608 2111 755 2139 dilacerata
783 2117 848 2140 sunt

49 2157 141 2184 aulica
157 2163 226 2183 ruea.
244 2156 288 2182 21.
307 2156 454 2191 Quousque
464 2156 561 2184 videbo
578 2158 720 2193 fugientes,
737 2159 845 2186 audiam

897 1560 968 1586 oculi
984 1560 1021 1586 tui
1040 1559 1076 1593 (0)
1095 1560 1120 1585 in
1140 1558 1218 1586 ﬁdem
1235 1567 1241 1584 :
1261 1559 1402 1594 ﬂagellasti
1417 1566 1475 1592 eos,
1491 1563 1518 1586 et
1535 1566 1589 1586 non
1608 1558 1693 1586 doluit

896 1606 953 1632 cis:
976 1604 1153 1632 consumsisli
1180 1612 1238 1636 eos,
1267 1610 1292 1631 ct
1316 1612 1370 1631 non
1396 1604 1545 1631 voluerunt
1569 1604 1693 1638 accipere

896 1650 1088 1685 disciplinam:
1106 1650 1268 1676 iudurarunt
1283 1649 1365 1677 facies
1382 1656 1447 1676 suas
1461 1649 1523 1683 plus
1543 1656 1625 1682 quam
1644 1656 1692 1682 pe-

897 1703 978 1729 tram,
1009 1701 1034 1724 et
1047 1705 1100 1723 non
1128 1696 1273 1723 voluerunt
1295 1704 1324 1723 se
1344 1700 1515 1723 convertere.
1545 1696 1572 1723 1.
1591 1695 1623 1722 Et
1643 1703 1693 1730 ego

897 1743 970 1770 dixi:
985 1743 1113 1770 Fortasse
1126 1743 1221 1777 inopes
1237 1747 1310 1775 sunt,
1322 1743 1386 1777 quia
1403 1744 1442 1776 (ρ.)
1460 1750 1513 1769 non
1527 1746 1691 1777 potuerunt:

897 1789 1027 1824 quoniam
1041 1797 1095 1816 non
1108 1793 1294 1823 cognoverunt
1304 1790 1375 1815 viam
1387 1788 1504 1820 Domini,
1520 1794 1546 1814 ct
1558 1788 1692 1821 judicium

899 1835 944 1862 Dii
1023 1835 1088 1869 sui:
1108 1836 1134 1861 5.
1163 1835 1210 1862 lbo
1229 1836 1262 1862 ad
1287 1835 1444 1869 optimates,
1462 1839 1489 1862 et
1518 1835 1615 1869 laquar
1641 1834 1692 1866 eis,

897 1882 962 1916 quia
987 1882 1038 1915 ipsi
1064 1886 1250 1914 cognoverunt
1268 1882 1340 1908 viam
1358 1880 1478 1912 Domini,
1507 1886 1532 1907 ct
1557 1880 1693 1914 judicium

899 1927 945 1954 Dei
964 1930 996 1961 Ἀ
1014 1928 1076 1961 sui:
1102 1927 1133 1954 Et
1151 1936 1213 1955 cccc
1229 1930 1261 1961 )zaﬁ
1291 1928 1340 1962 ipsi
1356 1927 1366 1961 ζ
1399 1927 1480 1954 simul
1502 1927 1695 1962 c0nfrcgeruut

896 1972 1004 2007 jugum,
1025 1972 1187 2006 diruperunt
1206 1973 1326 2000 vincula.
1346 1973 1372 2000 6.
1392 1973 1506 2008 Propter
1520 1973 1571 2000 hoc
1588 1981 1694 2007 percus-

899 2018 934 2045 sit
947 2025 994 2045 cos
1011 2018 1053 2044 leo
1069 2026 1100 2044 ex
1118 2018 1197 2046 silva.
1223 2023 1250 2045 et
1275 2019 1355 2053 lupus
1380 2019 1417 2053 (τι)
1442 2026 1527 2053 usque
1541 2019 1575 2045 ad
1595 2020 1695 2046 domos

898 2064 998 2090 delevit
1012 2071 1077 2091 eos:
1104 2069 1130 2091 ct
1147 2064 1247 2098 pardus
1274 2064 1490 2099 vigilavitsuper
1507 2065 1632 2092 civitates
1647 2072 1694 2092 c0~

899 2118 969 2137 rum.
998 2110 1108 2141 Omnes,
1139 2110 1186 2144 qui
1211 2109 1388 2144 egrediuntur
1414 2118 1446 2136 cx
1463 2109 1513 2140 eis,
1535 2110 1692 2144 capientur;

899 2155 963 2189 quia
993 2155 1210 2189 multiplicarurrt
1235 2154 1388 2189 impietates
1418 2163 1493 2185 suas,
1521 2154 1694 2182 iuvaluerunt

49 2209 151 2229 vocem
170 2202 318 2228 tubarum?
335 2201 379 2228 ’τὶ-Ξ.
397 2202 434 2236 (y)
447 2201 516 2234 Quia
539 2192 675 2237 principes
687 2204 779 2238 populi
794 2205 847 2230 mei
864 2192 886 2219 D
902 2201 999 2228 robore
1028 2201 1054 2227 in
1075 2200 1264 2227 aversiouibus
1289 2201 1363 2227 suis:
1382 2200 1407 2226 7.
1426 2199 1539 2234 Propter
1560 2208 1642 2235 quam
1661 2209 1694 2228 ex

50 2255 96 2275 me
114 2255 175 2287 pou
190 2252 386 2283 cognoverunt.
405 2247 465 2274 Filii
482 2249 642 2284 insipientes
657 2254 730 2280 sunt,
754 2253 781 2276 et
797 2258 851 2276 non
902 2247 945 2276 his
963 2248 1098 2282 propitius
1115 2248 1177 2274 tiam
1195 2247 1264 2274 tibi?
1279 2247 1339 2273 Filii
1356 2248 1394 2274 tui
1421 2246 1624 2280 dercliqucruut
1640 2256 1692 2279 me,

50 2293 241 2327 intelligentes
256 2295 289 2327 Ἀ(
308 2298 373 2321 sunt
391 2293 418 2327 ξε
437 2293 574 2328 sapientes
589 2299 652 2322 sunt
668 2295 700 2322 ad
718 2295 788 2322 male
811 2295 852 2322 fa-
902 2298 928 2322 et
950 2294 1078 2328 jurarunt
1095 2293 1120 2320 in
1140 2294 1186 2323 iis.
1211 2301 1240 2320 ές
1257 2294 1304 2328 qui
1322 2301 1375 2320 non
1399 2298 1463 2320 sunt
1482 2295 1506 2327 ζ,
1520 2293 1559 2320 Dii
1575 2303 1581 2320 :
1604 2299 1631 2320 ct
1648 2302 1693 2321 sa-

51 2339 200 2371 cieudum,
218 2339 286 2366 bene
303 2338 390 2366 facere
415 2346 479 2366 vero
506 2346 559 2365 non
583 2345 779 2374 cognoverunt.
806 2341 851 2367 ‘23.
904 2341 967 2368 tiavi
984 2348 1041 2372 eos,
1057 2345 1083 2368 ct
1103 2341 1247 2368 adulterati
1264 2345 1338 2372 sunt,
1361 2345 1388 2367 et
1403 2341 1429 2368 in
1448 2340 1575 2368 domibus
1589 2339 1623 2375 (r)
1635 2348 1694 2368 me-

91 2459 136 2496 (d_)
150 2459 196 2489 11.,
214 2457 256 2489 S..
275 2459 301 2486 in
314 2466 419 2496 cornu.
445 2459 478 2496 (ε)
493 2459 537 2491 Α..
556 2459 639 2496 tollite
654 2461 759 2496 signum
775 2461 801 2487 iu
821 2459 941 2487 Sionem.
963 2460 994 2493 (ι’)
1015 2460 1059 2496 δίη
1083 2459 1123 2496 8..
1143 2460 1248 2486 extulit.
1266 2461 1301 2495 (g)
1318 2461 1362 2493 Α.,
1379 2460 1420 2492 S.,
1440 2460 1466 2486 in
1481 2457 1694 2496 corruptionem.

49 2493 162 2531 (h)'S.,
186 2501 273 2531 meus.
309 2494 341 2527 (ἰ)
356 2494 397 2531 82
414 2494 588 2521 lrmsitahunt.
611 2495 647 2529 (Ir)
666 2496 708 2528 Α..
730 2495 789 2531 171.,
819 2504 842 2530 ρ(

896 2496 936 2529 git.
968 2495 998 2527 (ι)
1013 2495 1127 2530 Reliqui,
1151 2493 1341 2531 rliCctttr.'(m)
1361 2497 1407 2526 A.,
1435 2499 1532 2531 ventus
1551 2493 1664 2525 fulgoris
1681 2500 1696 2531 (ξ

49 2529 182 2564 speculis
194 2529 220 2554 in
236 2529 353 2556 deserto.
374 2528 415 2557 S.,
435 2535 530 2556 ventus
549 2526 643 2557 tostus:
658 2526 705 2562 (ut
726 2530 767 2561 S.,
785 2526 825 2556 ita"
850 2526 919 2556 viain
946 2530 1007 2556 tilia:
1022 2526 1113 2564 populi
1138 2531 1190 2556 mei
1215 2539 1268 2556 non
1288 2526 1320 2556 ad
1333 2526 1541 2559 'vcntilandum.
1559 2533 1645 2564 neque
1655 2526 1696 2564 ad

49 2560 244 2600 purgandum.
260 2564 297 2600 (ο)
314 2564 418 2591 Veniet.
436 2564 474 2599 (p)
495 2566 539 2594 Α..
563 2570 589 2591 ιιι
604 2560 697 2592 uotum
714 2560 891 2599 facientis.(q)
911 2565 954 2595 :l.,
968 2560 1032 2591 ecce
1049 2560 1143 2590 audire
1163 2565 1242 2592 facite
1258 2573 1339 2600 super
1351 2565 1502 2592 Jerusalem
1522 2563 1631 2600 bellum.

49 2596 190 2625 custodes
211 2596 322 2625 veniunt
347 2606 377 2626 ex
394 2596 468 2626 terra
482 2599 638 2633 longinqua,
654 2605 681 2627 et
700 2601 803 2627 dabunt
825 2596 907 2634 super
925 2600 1015 2626 nrbes.
1036 2600 1070 2633 (r)
1087 2600 1202 2634 Reliqui,
1221 2596 1345 2634 quia'me
1361 2601 1568 2627 exacerbanan
1586 2596 1695 2634 -(si_4-»

48 2638 195 2668 strepunt.
210 2633 508 2671 $.,‘couturbatasuut.
530 2630 568 2669 "(r)
585 2630 626 2666 Ἀ..
642 2635 682 2666 5.,
698 2644 794 2663 cornu.
823 2638 842 2666 (r

896 2634 979 2671 r.,S._,
993 2630 1137 2661 ululatum.
1153 2630 1208 2670 '(rr)
1226 2630 1269 2667 ἐι..
1286 2635 1327 2665 S.,
1344 2641 1437 2662 vocata
1450 2640 1500 2662 est.
1515 2635 1562 2671 ly)
1573 2630 1695 2671 μικτή..

48 2668 327 2704 quonianrdesip’uit
341 2670 456 2702 populus
467 2677 553 2696 m-us.
572 2671 608 2703 (ι)
623 2670 667 2702 Α.,
682 2671 809 2700 inanitas,
823 2675 848 2697 et
865 2670 941 2696 nihil.
956 2669 997 2700 S.,
1009 2677 1062 2695 non
1081 2668 1232 2704 composita
1244 2676 1270 2697 et
1282 2671 1434 2698 cornmista.
1450 2670 1486 2704 (al
1503 2670 1546 2700 Α..
1564 2668 1696 2704 demigra-

48 2702 131 2731 runt.
167 2702 204 2740 (ti)
219 2702 419 2740 {indestrucnc
431 2709 519 2731 erant.
548 2706 584 2739 (ε)
606 2705 650 2735 Α..
676 2705 825 2739 corruptio.
850 2705 892 2736 8.,
909 2712 962 2732 non
981 2709 1085 2732 ornata.
1114 2702 1153 2739 (d)
1170 2705 1214 2736 Α..
1233 2705 1292 2737 T/i.,
1311 2711 1420 2740 propter
1436 2702 1486 2732 Iroc
1502 2704 1574 2740 quo_d
1588 2703 1698 2729 ιυυυιιω

48 2747 130 2765 suun.
154 2738 189 2772 (e)
207 2737 314 2774 ALSH
330 2739 479 2765 instructus
494 2737 565 2772 sum,
577 2745 602 2766 ct
618 2748 671 2766 nou
687 2737 822 2774 acquievi,
839 2744 866 2766 et
892 2747 944 2766 non
966 2743 1097 2766 revertar.
1119 2737 1152 2773 (r)
1172 2739 1216 2771 A.,
1233 2740 1275 2771 S.,
1293 2737 1373 2767 arcus
1387 2740 1463 2774 jacti.
1482 2737 1518 2774 (g)
1544 2738 1585 2769 S.,
1601 2743 1697 2774 asccnn-

47 2769 207 2809 distith'lr)
222 2773 342 2809 ETtliEl,
368 2774 458 2801 stibio.
488 2774 517 2809 (ἱ)
536 2769 647 2801 Factum
667 2769 782 2807 θάμ’(Ιῆ
806 2769 856 2806 Ᾰ.,
881 2773 922 2804 S.,
942 2775 1053 2801 ornabis
1068 2779 1102 2801 te.
1122 2769 1156 2808 ’(1)
1182 2769 1227 2806 Ai,
1245 2769 1395 2809 periculuni
1414 2779 1440 2801 et
1460 2769 1625 2809 angustiam.
1653 2769 1696 2809 δη

47 2808 226 2845 angustiam.
239 2844 244 2845 γ
258 2808 363 2845 (pr)_S.,
387 2806 529 2845 veritatem
559 2814 597 2841 (nr
619 2810 662 2841 S.,
678 2810 700 2836 si
717 2815 818 2841 autem,
844 2809 1067 2845 vivitrl)ominus,
1085 2806 1186 2840 dicant,
1209 2806 1291 2844 super
1308 2810 1449 2837 mendacio
1472 2806 1574 2845 juvant.
1592 2806 1684 2845 (0)31.

47 2852 151 2870 annon
167 2843 191 2869 in
212 2843 282 2871 tide?
300 2843 341 2875 8.γ
360 2851 449 2871 annon
467 2844 493 2871 iu
512 2846 644 2872 veritate?
665 2845 700 2879 (γι)
717 2846 760 2878 .t.,
783 2845 842 2877 Th.,
861 2844 1049 2879 desipucrurrt.
1067 2845 1104 2879 (q)
1124 2844 1167 2875 11.,
1185 2843 1341 2879 vespertini.
1362 2845 1395 2879 (r)
1413 2845 1457 2877 Λ.,
1474 2844 1514 2875 8.,
1534 2843 1694 2870 meretricis.
