1919 3077
207 130 274 158 εδιι

206 190 335 218 retricum
353 191 482 227 hospitali
504 197 585 220 sunt:
602 193 628 221 8.
644 194 708 228 equi
726 199 899 222 transeuntes
915 203 996 230 super
1012 199 1033 226 Λ

205 236 332 264 {marinas
344 240 377 272 )K
397 239 475 266 tracti
493 240 504 273 ζ
525 240 588 267 facti
606 245 686 267 sunt:
705 242 896 276 unusquisque
920 250 1001 277 super

205 291 316 310 uxorem
334 286 450 319 proximi
466 286 509 313 sui
523 287 649 313 hinnivit.
663 286 689 313 9.
706 286 775 313 Num
793 295 874 322 super
890 288 932 315 his
945 295 999 314 non

205 329 333 361 visitabo,
357 331 422 358 dicit
449 331 601 359 Dominus?
620 337 666 359 aut
688 333 714 359 in
732 337 838 367 gentem
852 334 931 361 talem
945 342 999 361 nou

204 374 350 401 ulcisl-etur
365 377 455 402 anima
470 377 546 403 mea?
562 376 758 404 l0.Ascentlite
770 378 804 413 (a)
817 386 899 413 super
910 383 1000 406 turres

202 422 273 454 :jns,
288 425 315 447 et
327 421 497 448 deumlimini
512 431 519 448 τ
538 423 807 451 consummationem
826 431 890 451 vero
904 432 939 450 ne
963 423 1000 450 fa-

203 467 300 493 ciatis:
317 467 349 502 (ι)
380 467 524 501 relinquite
552 469 738 495 sustentacula
768 469 838 503 ejus,
866 470 930 504 quia
959 470 998 504 (η)

203 510 310 538 Domini
323 516 385 538 s-znt
398 521 404 543 ;
424 513 464 538 it.
481 514 611 547 quoniam
631 515 813 548 przcvaricaus
824 515 998 548 prawaricata

201 561 243 583 cst
258 557 284 583 in
301 565 343 584 me
360 558 458 585 domus
473 559 592 591 lsraclis,
608 565 634 587 et
654 559 754 587 domus
774 559 861 591 Iudae,
876 561 910 593 >ε<
932 560 999 587 dicit

202 601 335 630 Dominus
355 603 379 637 ζ.
401 604 444 630 l2.
461 604 509 631 Me:
522 605 564 632 liti
580 610 645 632 sunt
663 607 689 632 in
708 605 853 632 Dominum
872 613 903 633 σξ-
918 614 997 634 Suum

204 648 228 682 ζ,
242 653 268 675 et
281 648 422 676 dixerunt:
437 649 547 684 (1;)Non
564 656 628 677 sunt
641 651 709 681 haec,
726 659 779 678 non
793 652 902 677 venient
916 660 998 686 super

201 701 253 722 nos
269 695 350 727 mala,
363 700 389 722 et
402 696 520 730 gladium
539 701 565 724 et
583 696 671 724 tamen
692 705 746 724 non
762 697 916 723 videbimus
931 709 935 724 :
954 698 995 724 l3.

202 739 339 773 propheta
357 740 443 767 nostri
461 745 539 767 erant
556 742 581 768 in
609 746 732 774 ventum,
749 747 776 769 et
803 743 915 769 verbum
944 741 998 769 Do-

202 785 267 812 mini
284 793 337 812 non
355 791 413 813 crat
429 787 455 813 in
472 787 527 814 eis:
545 787 585 814 sic
602 788 646 815 lict
667 788 717 815 eis.
735 788 777 815 H.
805 787 920 822 Propter
947 789 999 815 hoc

202 832 259 858 hzec
275 833 341 859 dicit
363 833 494 860 Dominus
516 835 550 866 Χ
568 833 639 861 Deus
655 835 666 868 ζ
687 834 880 868 omnipotens:
899 833 953 861 Pro
967 843 999 861 eo

801 133 916 161 CUDEX
937 133 1277 162 SYltO-llEXAPLARlS.

1776 137 1843 165 ﬂii!

1050 203 1114 230 pore
1125 196 1156 230 (ἰ)
1174 195 1341 230 impletiouis
1358 194 1484 229 pneccpti
1511 195 1608 223 messis
1622 204 1629 227 ;
1653 200 1681 222 et
1697 198 1841 224 custodivu

1054 242 1145 269 nobis.
1166 242 1211 269 25.
1229 241 1389 276 lniquitates
1413 246 1508 268 vestra:
1523 241 1691 269 deﬂuxerunt
1717 242 1790 274 hac;
1819 249 1843 269 rt

1053 292 1163 322 peccata
1190 292 1279 314 vestra
1309 287 1508 314 transtulerunt
1539 287 1609 314 bona
1637 295 1651 314 τι
1679 287 1767 314 vobis.
1794 287 1840 314 26.

1051 334 1122 368 Quia
1139 335 1257 362 inventa:
1279 338 1344 361 sum
1372 334 1398 360 in
1423 333 1523 367 populo
1541 340 1602 359 meo
1619 333 1794 367 impietates:
1817 339 1842 360 et

1051 381 1164 415 laqueos
1180 382 1213 413 )K
1236 385 1264 407 ut
1286 384 1342 406 rete
1356 379 1481 406 venantis
1505 379 1580 405 visco
1596 383 1747 406 statuerunt
1775 379 1785 414 ξ
1809 379 1840 405 ad

1051 427 1282 461 corrumpendum
1305 426 1389 456 viros,
1415 429 1441 452 et
1463 425 1667 452 conclusi-runt.
1685 424 1731 451 27.
1752 423 1785 452 Ut
1803 425 1840 451 la-

1051 480 1138 507 queus
1153 478 1258 503 tensus,
1274 472 1319 507 qui
1337 472 1432 507 pientis
1451 472 1554 500 avium.
1577 471 1614 497 ita
1631 471 1730 498 domus
1747 478 1840 498 eorum

1051 519 1137 553 plena)
1152 517 1187 551 (Ic)
1205 517 1270 544 doli.
1288 517 1402 551 Propter
1417 517 1468 544 hoc
1481 516 1571 551 magni
1587 521 1745 547 evaserunt,
1761 521 1788 543 et.
1804 516 1842 543 di-

1051 569 1092 591 tes
1120 567 1286 591 evaserunt:
1302 563 1347 590 ‘28.
1365 565 1398 597 >ε<
1416 562 1577 598 impinguati
1604 566 1678 594 sunt,
1695 563 1842 590 insolentes

1051 609 1114 636 facti
1130 611 1164 643 Β(
1179 613 1252 640 sunt,
1273 615 1299 636 et
1324 609 1490 644 transgressi
1506 613 1570 635 srmt
1587 608 1619 643 (Ι)
1638 608 1719 635 verba
1736 615 1795 635 mea
1815 608 1840 634 in

1051 655 1152 682 malum
1167 655 1190 689 ξ,
1204 654 1338 689 judicium
1352 662 1404 680 non
1420 653 1591 688 judicarunt,
1606 653 1841 688 nequejudicium

1051 700 1145 735 pupilli
1162 705 1236 726 recte
1257 699 1461 733 disposuerunt,
1479 702 1507 725 et
1530 697 1664 732 judicium
1691 696 1739 731 (ru)
1755 696 1842 723 vidua:

1052 753 1105 772 non
1124 745 1295 779 judicarunt.
1309 743 1355 771 ‘29.
1373 742 1443 770 Num
1469 750 1552 777 super
1567 742 1609 770 his
1634 749 1688 769 non
1706 741 1842 770 visitabo?

1052 790 1116 818 dicit
1131 790 1280 817 Dominus:
1299 793 1347 816 aut
1362 789 1388 816 in
1404 793 1510 823 gentem
1527 787 1607 815 talem
1624 795 1678 814 non
1696 787 1843 815 ulciscequ

1052 837 1142 864 anima
1157 836 1238 863 mea?
1250 835 1294 863 50.
1311 836 1350 870 (γι)
1370 835 1482 869 Stupor,
1496 838 1523 861 et
1535 834 1675 861 horribilia
1693 833 1764 860 facta
1778 838 1842 860 sunt

199 879 274 911 quod
295 879 377 905 locuti
393 879 460 906 estis
477 881 589 906 verbum
605 880 666 911 hoc,
686 887 751 907 ecce
766 888 815 915 ego
838 881 898 907 dedi
917 882 998 907 verba
1018 888 1038 915 Β
1052 890 1134 917 super
1146 887 1227 910 terra.
1247 882 1291 908 5L
1309 880 1625 916 Propbctmprophetant
1640 879 1676 915 (ο)
1689 880 1795 914 iniqua,
1815 884 1843 905 et

201 931 258 950 mea
277 924 303 949 in
319 932 350 950 os
363 929 440 950 tuum
455 925 556 959 ignem,
570 930 596 952 et
619 925 749 960 populum
776 926 850 953 hunc
873 926 955 960 ligna,
971 931 999 952 et

199 969 340 996 devorabit
353 978 413 997 eos.
431 971 474 997 15.
494 971 562 998 Ecce
579 979 629 1006 ego
644 971 750 998 adduco
767 979 850 1005 super
861 979 909 999 vos
932 979 998 1006 gen-

199 1018 253 1041 teru
271 1023 304 1042 ex
331 1015 490 1051 longinquo,
509 1017 608 1044 domus
630 1017 748 1049 lsraelis,
764 1017 830 1044 dicit
855 1016 996 1048 Dominus,

199 1062 233 1095 Β(
248 1070 314 1096 gens
339 1062 377 1097 (y)
404 1067 483 1090 vetus
506 1068 557 1096 est,
585 1071 661 1098 gens,
680 1071 742 1098 quae
757 1071 772 1090 a
790 1063 891 1090 saeculo
912 1068 953 1091 est
971 1063 994 1097 ζ,

199 1116 275 1141 grus,
289 1109 325 1143 (ς.)
342 1109 420 1141 cuius
437 1117 490 1136 non
504 1109 599 1136 audies
616 1109 736 1144 linguam
752 1109 823 1144 cjus,
836 1110 870 1142 Χ
885 1116 933 1136 nec
947 1116 996 1135 aus

199 1153 268 1187 dies,
286 1163 348 1189 qnzc
371 1155 516 1190 loquatur:
543 1156 585 1183 16.
608 1156 734 1190 pharetra
749 1156 820 1190 ejus,
848 1159 877 1182 ut
900 1156 992 1190 sepul-

199 1209 275 1227 crum
294 1206 417 1236 apertum
438 1201 468 1235 ξε
491 1209 587 1229 omnes
599 1201 694 1235 fortes,
711 1207 738 1228 et
761 1201 906 1229 comedent
920 1209 993 1228 tues-

199 1254 256 1272 sem
274 1252 404 1280 vestram,
425 1247 468 1274 Π.
488 1252 514 1274 ct
527 1255 611 1282 panes
630 1252 746 1280 vestros,
765 1252 791 1274 et
803 1247 946 1275 comedent
964 1247 995 1274 ﬁ-

199 1292 251 1319 lios
265 1297 384 1324 vestros,
401 1296 429 1319 et
444 1293 515 1320 ﬁlias
529 1299 641 1324 vestras,
663 1297 690 1320 et
712 1293 856 1320 comedent
874 1292 912 1328 (a)
928 1299 994 1320 oves

199 1342 313 1369 vestras.
338 1344 363 1364 ιιι
388 1338 470 1366 b0vcs
485 1343 600 1370 vestros,
616 1343 642 1365 et
664 1338 809 1366 comedent
833 1338 926 1366 vincas
951 1347 994 1366 ve-

198 1388 282 1413 stras.
297 1388 324 1410 et
340 1384 417 1411 liceta
444 1389 546 1417 vestra,
561 1391 589 1412 et
602 1385 701 1411 oliveta
729 1391 759 1411 σε-
786 1384 898 1418 vestra:
914 1384 950 1419 (ὁ)
966 1389 994 1411 et

199 1429 367 1457 triturabunt
382 1430 466 1458 urbes
483 1430 604 1458 munitas
617 1435 731 1460 vestras.
747 1438 829 1465 super
842 1431 942 1465 quibus
957 1431 992 1466 (ε)

199 1480 227 1502 tu
240 1476 355 1503 conﬁdis
372 1483 454 1511 super
470 1477 520 1504 eis,
538 1477 563 1503 in
580 1477 681 1511 gladio.
698 1477 742 1504 18.
764 1476 798 1504 Et
817 1477 870 1505 erit
895 1478 921 1505 iu
933 1478 993 1506 die-

199 1523 249 1549 hus
262 1522 327 1553 illis,
343 1522 411 1549 dicit
427 1522 557 1550 Dominus
573 1530 604 1550 -ι-
619 1522 690 1551 Deus
708 1527 771 1550 tuus
787 1523 812 1557 ﬁ,
824 1531 879 1550 non
893 1523 991 1551 faciam

198 1575 248 1596 vos
263 1568 289 1595 in
305 1570 583 1596 consummationem.
601 1569 645 1596 l9.
666 1569 698 1596 Et
714 1570 778 1602 erit,
791 1569 901 1603 quando
915 1570 992 1597 dixe-
1005 1573 1026 1602 c

197 1613 268 1645 ritis,
287 1613 458 1648 Quapropter
474 1613 537 1641 fecit
555 1614 636 1641 nobis
657 1614 789 1641 Dominus
809 1613 881 1642 Deus
901 1618 994 1642 noster

197 1659 255 1686 haec
273 1660 387 1686 omnia?
400 1665 428 1686 et
441 1661 515 1687 ilices
532 1660 589 1687 eis:
616 1659 656 1695 (ιι)
680 1660 733 1688 Pro
753 1668 786 1687 eo
801 1660 875 1695 quod
898 1660 995 1687 dereli-

200 1704 299 1739 quistis
315 1712 369 1735 ine,
389 1710 416 1731 ot
428 1705 551 1732 coluistis
571 1706 715 1732 servitium
730 1706 783 1733 diis
800 1706 835 1740 (ε)
852 1706 949 1734 alienis
966 1707 992 1733 in

198 1755 270 1777 terra
291 1755 398 1783 vestra;
426 1750 463 1777 ita
482 1751 577 1778 celetis
595 1752 737 1778 servitium
764 1752 861 1779 alienis
876 1752 902 1778 in
921 1757 992 1779 terra

166 1788 170 1791 ⁴
199 1803 252 1822 non
270 1801 371 1823 vestra.
388 1796 432 1822 20.
450 1796 617 1824 Anunntiate
634 1797 690 1824 hare
707 1798 734 1824 in
753 1797 867 1824 Domum
886 1797 990 1830 Jacobi,

197 1845 223 1867 et
238 1841 366 1868 audiatur
379 1842 406 1867 in
423 1841 506 1868 domo
518 1841 605 1874 ludat,
623 1843 656 1876 δ’(
676 1842 771 1869 dicens
789 1843 879 1877 ζε21.
895 1844 992 1870 Audite

197 1887 281 1921 igitur
297 1887 366 1919 huic.
381 1888 480 1922 popule
497 1888 531 1922 (ﬂ
545 1888 629 1919 fatue.
651 1892 678 1915 et
698 1889 758 1915 sine
772 1889 875 1916 corde:
890 1891 923 1923 >ε<
940 1890 990 1924 ipsi

199 1934 210 1966 ζ
229 1934 276 1967 qui
291 1934 363 1960 oculi
380 1934 432 1965 eis,
446 1939 475 1961 et
489 1942 542 1961 non
560 1935 661 1966 vident.
681 1943 762 1962 aures
777 1936 826 1969 cis,
842 1940 869 1963 et
883 1944 935 1963 non
948 1945 992 1963 au-

197 1982 284 2007 diunt.
300 1980 345 2006 22.
364 1981 403 2006 Au
421 1989 464 2007 mc
474 1988 526 2007 nou
542 1981 684 2013 timebitis,
695 1981 765 2008 dicit
778 1981 929 2010 Dominus?
944 1988 992 2010 aut

197 2034 212 2053 a
230 2026 299 2053 facie
312 2034 372 2054 mea
389 2026 576 2054 erubescctis?
591 2027 639 2062 qui
654 2027 747 2062 posuit
766 2035 877 2055 arenam
894 2030 987 2055 tenni-

197 2081 262 2100 num
279 2073 358 2104 mari,
377 2072 414 2108 (g)
432 2078 597 2107 praeceptum
611 2078 754 2105 mter-num,
778 2078 805 2100 et
827 2082 880 2101 non
900 2080 991 2101 trans-

197 2118 334 2154 gt'odictur
348 2118 414 2145 illud
427 2129 431 2145 :
448 2122 475 2144 et
491 2118 644 2144 tttrbahitur
660 2121 687 2145 et
705 2126 757 2145 non
772 2119 888 2153 poterit:
902 2125 928 2146 et
940 2120 989 2146 da-

197 2164 264 2191 bunt
281 2171 379 2191 sonum
409 2164 507 2191 ﬂuctus
525 2163 597 2197 ejus,
620 2168 647 2190 et
671 2171 725 2190 non
754 2165 990 2199 transgredientur

194 2211 273 2238 illud.
292 2211 337 2237 23.
358 2210 462 2245 Populo
481 2216 572 2237 autem
597 2210 660 2237 huic
681 2209 782 2237 factum
806 2216 848 2237 est
864 2219 912 2238 eor
929 2219 989 2245 per—

196 2258 306 2284 suaderi
320 2258 454 2289 nescium,
471 2257 509 2291 (Ιι)
525 2261 552 2284 et
572 2264 627 2283 non
645 2257 790 2284 obediens:
808 2257 984 2289 dcﬁexcrunt,
1004 2246 1026 2274 Ι)

196 2309 222 2330 et
236 2304 381 2336 abierunt;
395 2304 439 2330 24.
458 2311 506 2330 nec
518 2303 646 2330 dixerunt
660 2303 685 2329 in
701 2304 783 2330 corde
800 2312 866 2330 suo:
884 2303 987 2331 Timea-

196 2355 258 2375 mus
283 2355 355 2375 nunc
377 2347 521 2374 Dominum
550 2347 633 2374 Deum
663 2354 798 2380 nostrum,
819 2349 865 2384 qui
886 2349 934 2376 dat
953 2357 983 2376 -ε-

197 2395 276 2422 nobis
294 2394 435 2429 :pluviam
457 2394 644 2428 tempestivam
659 2398 686 2421 et
702 2395 861 2428 set-utinam,
881 2396 907 2422 iu
921 2400 985 2423 tern-

233 2499 267 2534 (σ)
294 2498 339 2528 Α..
358 2505 440 2532 super
457 2506 561 2526 uiuros.

197 2534 256 2568 ipse
281 2534 345 2560 est!
370 2535 409 2569 (ῃ)
436 2533 634 2569 Λητοὺυδιθ.
650 2533 693 2566 S.,
723 2534 811 2569 fortis.
837 2534 873 2568 (ι)
906 2534 1025 2569 Reliqui,

1051 928 1206 956 sacerdotes
1226 928 1417 962 applauserunt
1436 925 1563 953 manibus
1585 925 1660 952 suis:
1678 929 1706 951 et
1724 925 1842 959 populus

1049 981 1126 1000 meus
1137 974 1236 1000 amavit
1250 975 1300 1000 sic.
1308 973 1339 999 Et
1348 972 1412 1007 quid
1426 971 1565 998 facietisin
1573 970 1618 1001 iis,
1628 976 1688 1004 que
1699 975 1763 1004 post
1772 970 1842 996 haec?

1083 1019 1149 1054 Cap.
1166 1019 1210 1046 Vl.
1227 1034 1262 1039 ——
1276 1019 1301 1046 Ι.
1316 1017 1550 1049 Corroboramini,
1566 1016 1611 1044 lilii
1625 1015 1779 1050 Benjamin,
1802 1016 1841 1051 (ρ)

1047 1064 1081 1091 de
1096 1064 1185 1092 medio
1199 1063 1350 1091 Jerusalem
1363 1073 1369 1090 :
1382 1063 1447 1090 etin
1462 1062 1574 1089 Thecua
1589 1061 1741 1096 signiﬁcate
1753 1061 1819 1088 tuba

1048 1110 1084 1145 (ιι)
1095 1115 1122 1137 et
1143 1118 1224 1145 super
1239 1109 1416 1137 Bethcherem
1430 1108 1517 1135 tollite
1531 1107 1657 1142 signum:
1681 1106 1746 1142 quia
1770 1107 1841 1133 mala

1046 1159 1245 1190 prospexerunt
1268 1155 1302 1181 ab
1316 1154 1453 1189 aquilone,
1469 1158 1496 1181 et
1509 1153 1638 1180 contritio
1660 1160 1759 1188 magna
1784 1153 1840 1180 ﬁet.

1045 1201 1071 1227 2.
1086 1203 1119 1235 >κ
1138 1205 1172 1235 (rt
1191 1200 1340 1227 Venustam
1351 1204 1379 1227 et
1389 1199 1534 1226 delicatam
1554 1199 1579 1233 ζ.
1595 1198 1628 1226 Ει
1641 1198 1769 1225 transibit
1783 1199 1839 1226 cei-

1045 1247 1137 1274 situdo
1153 1253 1181 1272 +
1201 1250 1246 1273 tua
1264 1245 1288 1279 ζ,
1307 1245 1361 1272 ﬁlia
1378 1244 1480 1273 Sionis.
1494 1245 1520 1272 3.
1537 1244 1566 1270 ln
1585 1252 1644 1271 eam
1669 1244 1779 1271 venient
1797 1252 1842 1278 pa-

1045 1298 1134 1321 stores
1147 1292 1180 1327 (δ)
1198 1297 1224 1319 et
1240 1299 1334 1327 greges
1346 1299 1461 1319 eorum:
1487 1296 1513 1318 et
1530 1291 1612 1326 ﬁgent
1626 1298 1709 1325 super
1725 1298 1784 1317 eam
1801 1295 1842 1317 ta-

1045 1339 1191 1367 bernacula
1205 1339 1231 1365 in
1241 1338 1359 1366 circuitu
1371 1348 1377 1365 :
1391 1343 1417 1365 et
1427 1343 1538 1373 pascent
1557 1337 1748 1372 unusquisque
1758 1345 1840 1364 manu

1045 1393 1105 1413 sua.
1130 1385 1157 1412 ι.
1174 1384 1271 1412 Parate
1287 1392 1334 1412 vos
1355 1392 1438 1419 super
1458 1392 1518 1412 eam
1536 1384 1569 1411 ad
1585 1383 1703 1411 bellum:
1723 1385 1840 1418 surgite,

1044 1435 1070 1459 et
1086 1431 1264 1459 ascendamus
1284 1437 1367 1465 super
1378 1438 1437 1457 eam
1456 1430 1585 1457 meridie:
1607 1437 1647 1456 va:
1662 1429 1754 1462 nobis,
1774 1430 1840 1464 quia

1043 1477 1190 1505 declinavit
1207 1477 1266 1504 dies
1282 1496 1289 1508 ,
1305 1476 1370 1511 quia
1383 1475 1516 1503 deﬁciunt
1529 1475 1632 1502 umbrae
1649 1475 1682 1510 (ι)
1699 1483 1836 1509 vespersu.

1044 1524 1070 1551 5.
1095 1523 1214 1558 Surgite,
1229 1527 1256 1550 et
1280 1522 1461 1550 ascendamns
1481 1523 1506 1549 in
1523 1526 1612 1554 nocte,
1631 1526 1658 1549 et
1682 1529 1844 1558 corrumpa-

1045 1578 1107 1597 mus
1125 1570 1162 1604 (ιι)
1178 1569 1354 1596 fundamenta
1371 1568 1442 1604 ejus.
1458 1569 1484 1595 6.
1499 1568 1568 1601 Quia
1583 1568 1641 1595 hinc
1657 1568 1724 1596 dicit
1748 1568 1843 1594 Domi-

1046 1624 1098 1644 nus
1113 1616 1243 1643 virtutum
1257 1625 1264 1642 :
1280 1615 1381 1642 Credite
1395 1615 1467 1649 ligna
1485 1615 1556 1650 ejus,
1570 1613 1680 1641 etIumle
1697 1621 1782 1648 super
1793 1613 1843 1641 Je-

1046 1662 1163 1689 rusalent
1177 1661 1216 1696 (3:)
1234 1661 1326 1688 robur.
1347 1662 1380 1694 )t(
1396 1659 1458 1687 Haec
1477 1659 1488 1693 ζ
1506 1660 1563 1694 ipsa
1576 1659 1674 1686 civitas
1695 1659 1817 1686 mendax
1835 1667 1841 1684 :

1045 1707 1083 1742 (y)
1098 1707 1189 1734 omnis
1212 1707 1249 1741 (ι)
1263 1706 1405 1742 oppressio
1420 1706 1447 1732 in
1461 1713 1503 1733 ea.
1529 1706 1554 1733 7.
1572 1705 1607 1732 Ut
1627 1705 1754 1740 frigidam
1775 1704 1845 1731 facit

1043 1754 1161 1780 cisterna
1189 1760 1290 1786 aquam
1307 1759 1397 1785 suam,
1411 1752 1447 1779 ita
1465 1751 1590 1786 frigidam
1610 1751 1674 1778 facit
1703 1751 1843 1778 malitiam

1044 1807 1132 1827 suam.
1172 1799 1324 1834 impietas,
1365 1803 1394 1826 ct
1434 1798 1545 1826 miseria
1583 1797 1712 1824 audietur
1742 1797 1771 1823 in
1808 1805 1843 1823 ea

1043 1853 1125 1878 super
1157 1843 1254 1871 faciem
1284 1843 1324 1879 (a)
1353 1844 1413 1878 ejus
1450 1850 1567 1878 semper.
1600 1842 1700 1870 Dolore
1730 1847 1762 1870 et
1790 1841 1844 1869 ﬂa-

1043 1891 1113 1926 gello
1124 1890 1150 1917 8.
1165 1890 1311 1923 erudieris,
1324 1889 1486 1922 Jerusalem,
1498 1896 1533 1916 ue
1548 1889 1657 1916 recedat
1672 1888 1766 1915 anima
1777 1896 1842 1915 mea

1044 1945 1058 1963 a
1076 1941 1112 1968 te,
1129 1944 1183 1963 non
1199 1935 1297 1964 faciam
1310 1942 1337 1963 te
1351 1941 1449 1963 terram
1461 1943 1514 1962 non
1529 1934 1663 1970 perviam.
1674 1934 1769 1969 qualis
1779 1941 1840 1961 non

1044 1983 1220 2011 habitabitur.
1237 1983 1264 2010 9.
1279 1982 1348 2015 Quia
1363 1982 1420 2009 base
1434 1981 1499 2008 dicit
1523 1979 1655 2008 Dominus
1685 1979 1824 2007 virtutum
1837 1988 1843 2006 :

1043 2027 1199 2060 Racetnate,
1219 2031 1366 2058 raeemate.
1378 2031 1407 2054 ut
1419 2026 1537 2057 vineam.
1558 2023 1688 2060 reliquias
1705 2025 1823 2053 lsraelis
1837 2035 1843 2052 :

1042 2075 1192 2102 ctmvurtite
1205 2082 1267 2107 vos,
1291 2078 1320 2101 ut
1337 2073 1520 2100 vindemiator
1533 2079 1615 2107 super
1628 2072 1726 2100 cistam
1743 2079 1842 2099 suam.

1043 2120 1086 2147 10.
1112 2120 1151 2147 Ad
1178 2128 1260 2155 quem
1289 2120 1398 2154 loquar,
1416 2123 1443 2146 et
1463 2118 1648 2148 contestabor.
1671 2121 1698 2145 et
1721 2116 1848 2145 audiet?

1042 2166 1110 2194 Ecce
1135 2166 1333 2193 incircumcisae
1353 2173 1436 2192 aures
1458 2172 1567 2195 eorum,
1592 2169 1618 2190 et
1643 2170 1696 2190 non
1720 2168 1847 2197 possunt.

1041 2211 1146 2238 audire.
1164 2211 1234 2238 Ecce
1247 2211 1360 2238 verbum
1387 2209 1493 2237 Domini
1509 2209 1610 2236 factum
1628 2212 1670 2236 est
1682 2207 1723 2236 eis
1738 2207 1767 2234 in
1789 2215 1845 2242 op-

1042 2258 1199 2292 prohrium:
1213 2257 1272 2285 Non
1288 2257 1379 2284 volent
1396 2256 1490 2284 audire
1505 2255 1581 2283 illud.
1600 2255 1642 2283 ll.
1660 2255 1698 2290 (ὁ)
1713 2255 1747 2282 Et
1759 2254 1843 2296 furo-

1041 2311 1098 2330 rem
1110 2311 1199 2330 rnenm
1212 2303 1333 2338 implevi,
1352 2303 1387 2337 (ε)
1399 2307 1425 2330 et
1438 2301 1601 2334 cohibui,et
1618 2301 1762 2329 oonsumsi
1779 2309 1843 2329 eos.

1041 2349 1183 2376 Ellundam
1198 2358 1279 2384 super
1294 2356 1395 2384 pueras
1411 2356 1425 2375 a
1442 2347 1523 2380 foris,
1543 2352 1571 2375 et
1584 2355 1667 2382 super
1680 2354 1842 2381 congrega—

1040 2395 1140 2422 tionem
1157 2396 1338 2430 (djjuveuum
1351 2394 1450 2428 simul;
1464 2394 1529 2429 quia
1542 2393 1581 2420 vir
1597 2398 1624 2421 et
1636 2401 1706 2420 uxor
1725 2391 1844 2428 ca'picn-

599 2498 631 2533 (ι)
651 2497 762 2534 Per-tate
778 2503 960 2527 commeatus.

1054 2501 1099 2531 Λ..
1129 2508 1182 2529 non
1199 2499 1316 2532 Domini,
1351 2499 1390 2534 (ε)
1411 2499 1456 2531 Α..
1485 2506 1539 2526 non
1562 2498 1638 2534 ipse.
1668 2498 1712 2530 8..
1739 2506 1840 2527 annon

1052 2535 1132 2570 cujus
1156 2544 1210 2563 non
1240 2543 1400 2570 cognosces.
1417 2535 1466 2570 7(a).
1486 2534 1545 2570 A.._
1555 2533 1596 2564 S..
1616 2541 1724 2568 gregem
1746 2539 1843 2562 tuum.

194 2567 223 2596 et
239 2570 320 2596 boves
334 2567 404 2596 tuos.
432 2569 469 2604 (b)
488 2568 520 2595 Et
535 2568 657 2596 fwdabit.
678 2569 715 2604 (ε)
734 2568 797 2604 Vos.
830 2567 868 2604 (il)
884 2569 930 2601 Α..
951 2567 1012 2602 ΤῘι..
1030 2567 1288 2604 quemadmodum.—
1305 2570 1339 2604 (ρ)
1351 2567 1455 2596 Falsis.
1470 2569 1504 2603 if)
1525 2567 1567 2601 8.,
1583 2567 1676 2601 stulte.
1692 2574 1721 2596 et
1736 2577 1844 2604 expers

197 2604 306 2631 ruentis.
344 2604 382 2638 (9)
398 2604 445 2636 A.,
464 2608 605 2632 statutum.
640 2603 740 2639 (Ιι)⁷Α.,
769 2603 812 2636 S.,
827 2605 998 2639 etrirritaus.
1024 2603 1055 2639 (ἱ)
1073 2608 1120 2636 Α..
1141 2605 1183 2636 S..
1200 2606 1359 2639 septimanae
1386 2605 1480 2631 statuti
1503 2605 1611 2635 messis.
1639 2604 1687 2637 qui
1715 2603 1842 2631 custodit

195 2639 285 2666 nobis.
299 2638 335 2675 (Κ)
348 2639 393 2672 Α.,
407 2640 552 2675 illusionis.
568 2639 609 2672 S.,
620 2639 793 2667 insidiarum.
809 2639 840 2674 tl;
853 2638 989 2667 Iudicium

1050 2642 1065 2675 ι)
1082 2641 1125 2671 Α..
1142 2641 1184 2672 8.,
1196 2638 1354 2675 pauperum.
1367 2640 1405 2673 (ιι)
1422 2641 1467 2675 ΑἹ
1483 2640 1632 2674 corruptio.
1648 2639 1690 2670 8.,
1703 2640 1842 2666 commis<

197 2675 245 2701 tio.
261 2674 299 2709 (υ)
316 2674 405 2701 Falsa.
419 2677 457 2709 (ρ)
474 2674 504 2701 lu
527 2675 627 2702 medio.
643 2675 682 2710 (ᾳ)
698 2676 744 2707 A.,
767 2680 793 2702 el
809 2683 892 2708 super
907 2675 1019 2702 domum
1034 2674 1151 2703 (Larini-li
1165 2674 1269 2702 elevate
1285 2674 1383 2710 facem.
1400 2675 1434 2709 (r)
1449 2674 1489 2707 8.,
1512 2679 1635 2702 venusta:
1658 2679 1686 2701 ct
1708 2674 1841 2710 delicata:

197 2708 349 2746 assimilavi
367 2708 449 2746 tiliam
466 2709 569 2737 Siouis.
580 2710 624 2746 7(3)
641 2708 686 2741 Α..
713 2710 755 2742 S.,
771 2715 799 2737 ct
816 2710 922 2746 stabula
945 2718 993 2736 eor

1074 2711 1106 2745 (ι)
1123 2710 1191 2738 Diei.
1207 2710 1246 2744 (a)
1262 2709 1309 2741 Α.,
1324 2709 1365 2741 S.,
1383 2710 1492 2743 palatia.
1508 2709 1548 2743 (ω)
1571 2711 1715 2744 Aggerem.
1735 2710 1778 2746 (ω
1794 2708 1838 2739 S..

198 2743 267 2780 ipsa,
281 2752 343 2778 qua:
358 2749 413 2771 tota
427 2745 504 2779 plena
518 2751 559 2772 est
577 2743 707 2772 inice-tio
719 2753 780 2772 suo.
797 2745 835 2780 (ι)
853 2743 897 2776 8.,
914 2743 1107 2779 oppressiuues
1124 2747 1150 2772 in
1169 2746 1258 2773 medio
1275 2745 1351 2779 ejus:
1366 2750 1397 2772 ut
1415 2750 1504 2780 servat
1518 2743 1731 2780 puteus'aquam
1755 2745 1835 2780 frigt~

197 2779 264 2815 dam
278 2780 313 2815 in_
325 2787 366 2811 se,
379 2780 417 2806 itu
430 2778 553 2815 servavit
568 2779 666 2815 frigus,
693 2778 831 2815 malitiam:
846 2780 906 2814 ejus
921 2778 1093 2807 audiverunt.
1122 2781 1160 2815 (rt)
1173 2784 1218 2812 Α..
1234 2778 1334 2807 meam.
1361 2780 1398 2815 (ὁ)
1416 2781 1463 2812 .4.,
1477 2779 1538 2811 TIr.,
1557 2778 1658 2815 furoria
1675 2786 1768 2807 autem
1785 2779 1841 2806 Do—

199 2813 277 2851 mini.
294 2813 337 2844 S.,
354 2819 381 2840 et
395 2815 479 2851 exire
493 2813 719 2851 Dor-irii‘repleta
736 2819 787 2851 est,
798 2813 931 2851 laboravit
948 2815 1073 2843 tolerare.
1089 2813 1185 2851 (4A.,
1201 2816 1329 2851 fatigatus
1349 2813 1409 2843 sum
1425 2815 1551 2843 tolerare.
1566 2814 1610 2847 8.,
1627 2813 1761 2850 fatigatus
1774 2821 1840 2842 sum

201 2847 321 2874 tolerans
336 2857 395 2882 ego.
425 2849 464 2885 (τι)
483 2850 527 2882 Δ.,
548 2849 608 2883 ΤΙι.,
625 2847 865 2876 concordantium.
