1919 3077
172 112 241 141 Ξῖῗθ

757 116 871 143 CODEX
895 115 1222 144 SYRO-IIEX.\PLAlilS

1751 116 1799 143 προ

172 179 253 204 stras,
272 173 393 207 ingressa
417 177 460 203 est
480 172 518 208 (θ)
541 173 566 199 in
590 177 689 201 terram
714 179 830 201 vestram
852 174 885 200 ait
902 181 962 208 ρον-
978 176 1000 205 Α
1016 172 1049 200 tis
1068 181 1074 198 :
1098 172 1156 205 dii,
1173 171 1220 207 qui
1237 171 1338 199 omium
1354 176 1380 200 et
1396 176 1495 200 terram
1519 180 1574 200 non
1588 172 1725 204 fecerunt.
1745 181 1805 211 ρει-ι

173 218 290 246 dendum
313 218 441 252 parvulos
457 226 472 246 a
491 219 569 250 foris.
585 223 612 246 et
633 218 747 254 juvenes
767 219 800 247 de
815 219 911 253 plateis
929 219 962 253 )t(

173 269 268 292 ntorte.
286 263 330 291 ‘22.
348 263 410 292 llaec
424 263 491 294 dicit
507 264 637 292 Dominus
652 263 663 296 ζ
680 271 685 289 :
701 264 738 297 (lt)
754 263 781 289 Et
797 268 877 290 erunt
891 271 963 289 utor-

172 309 210 335 tui
223 309 364 336 hominum
377 310 523 338 ludibrium
533 317 613 344 super
622 309 786 345 faciecampi
799 316 828 337 ψ
838 314 964 337 terramve-

172 361 234 383 stra:
248 355 271 389 ί,
285 361 311 383 et
327 361 355 383 ut
370 356 471 384 frenum
488 363 548 391 post
562 363 722 386 messorem.
736 360 762 382 et
775 364 826 382 non
841 356 902 388 erit,
916 355 961 391 qui

171 407 329 437 Congregzit.
347 403 392 431 25.
416 401 477 428 llaec
494 401 559 431 dicit
575 400 707 427 Dominus
729 409 735 427 :
756 400 814 428 Non
831 401 962 435 glorietur

172 448 280 481 sapiens
298 449 324 474 in
341 448 474 481 sapientia
491 454 552 478 sua,
568 451 595 474 et
613 455 666 473 nun
688 447 818 482 glurielur
840 445 919 473 fortis
934 446 961 473 in

172 494 331 521 fortitudine
355 501 414 525 sua,
432 498 459 520 et
483 500 536 520 non
563 492 694 526 glorietur
719 491 794 519 dives
815 492 841 518 in
860 491 962 519 divitiis

173 540 232 569 suis
248 549 254 566 :
269 540 315 566 ‘24.
334 539 379 566 5rd
395 539 421 567 iu
437 539 489 565 hoc
502 537 632 572 glorietur
646 537 691 571 qui
706 537 847 572 gloriatur,
862 537 962 565 intelli-

170 593 242 620 gere,
258 590 283 611 et
299 591 380 610 nosse
392 591 443 615 tne,
464 583 536 617 quod
551 591 601 617 ego
615 590 676 610 sum
699 583 829 609 Dominus
840 582 884 616 qui
897 581 962 608 facit

170 630 397 661 misericordiam,
407 628 591 663 etjudieinm,
601 634 627 656 et
637 629 770 663 justitiam
781 637 863 664 super
879 633 961 662 terra;

169 677 232 711 quia
242 675 267 702 in
278 675 320 703 his
329 677 454 703 voluntas
463 675 604 708 mea,dieit
615 675 754 703 Dominus.
767 674 810 702 23.
824 673 891 701 Ecce
903 675 961 702 dies

168 722 292 752 veniunt,
307 721 373 750 dicit
391 720 533 753 Dominus,
550 726 576 748 et
596 721 713 748 visitabo
728 721 757 754 (i)
771 728 851 755 super
866 728 960 749 omnes

169 767 347 797 circumcisus
368 767 510 802 praeputiis
525 767 584 794 suis
602 775 608 793 :
631 767 674 794 26.
701 774 783 801 super
801 766 958 802 (Egyptum,

168 819 195 840 et
208 821 291 848 super
305 812 438 846 Judwam,
452 818 479 843 et
492 821 573 847 super
588 813 743 844 ldumaram,
756 818 783 840 et
798 821 878 847 super
889 813 960 841 lilios

168 859 298 890 Ammon,
315 866 347 886 -ι-
368 863 395 889 et
415 867 495 894 super
521 859 592 887 ﬁlios
607 859 619 893 ζ
645 858 737 890 Moab,
754 863 781 885 et
800 866 881 893 super
899 866 959 886 om-
977 847 996 875 Β

169 913 230 931 nem
249 905 404 935 tendentem
422 913 484 940 quae
496 913 579 940 super
597 905 694 932 faciem
714 913 804 937 suam,
821 905 866 941 qui
884 905 961 932 habi-

169 954 226 976 tant
239 949 266 978 iu
275 949 398 982 rit-serto;
408 951 471 984 quia
480 958 575 978 onmes
583 955 676 984 gentes
688 950 722 984 (Ir)
730 958 782 977 non
793 950 961 978 circumcisae

170 1001 202 1021 σξ-
218 1003 300 1024 carne
317 995 349 1028 ζ.
381 1000 408 1022 et
424 995 514 1022 omnis
533 995 631 1023 domus
648 994 757 1024 lsraelis
781 995 813 1031 (Ι)
833 1002 887 1022 non
905 995 960 1023 cir-

170 1040 286 1069 cumcisi
305 1040 386 1069 corde
402 1048 465 1069 suo.

203 1085 269 1120 Cap.
291 1085 323 1112 Χ.
334 1085 503 1116 -I.Audite
516 1086 716 1124 verbum.quod
729 1086 837 1114 locutus
853 1090 894 1113 cst
906 1085 960 1113 Do-

168 1132 259 1159 minus
276 1139 357 1165 super
372 1139 431 1162 vos.
445 1131 543 1159 domus
559 1130 678 1160 lsraelis.
695 1131 724 1160 2.
746 1131 807 1160 Πιεε
824 1132 886 1158 dicit
906 1131 958 1158 Do-

168 1178 259 1204 minus
276 1177 286 1210 ζ
301 1185 307 1205 :
321 1176 403 1205 Juxta
418 1177 477 1204 vias
489 1177 608 1212 gentium
624 1185 658 1204 ne
674 1177 797 1209 dissatis,
808 1182 834 1204 ct
845 1185 859 1204 a
873 1177 958 1212 signis

168 1223 229 1250 curii
245 1230 278 1250 nc
299 1223 427 1251 metuaris
444 1223 492 1256 (m)
511 1223 521 1256 ζ
539 1223 602 1258 quia
621 1227 746 1250 metuunt
763 1223 795 1250 ab
815 1223 856 1250 eis
876 1223 958 1252 facies

167 1277 262 1297 eorum
283 1270 293 1304 ζ
317 1269 342 1296 5.
361 1270 425 1304 quia
450 1270 568 1304 legitima
585 1269 704 1304 gentium
729 1277 796 1296 vana
821 1275 895 1297 sunt.
912 1269 957 1296 Li-

167 1323 262 1349 geum.
278 1315 352 1349 quod
372 1323 406 1342 ex
429 1315 497 1343 silva
514 1323 613 1342 caesum
628 1335 634 1348 ,
660 1323 728 1350 opus
744 1317 778 1349 >ε<
794 1323 923 1344 manuum
944 1315 955 1349 ξ

168 1361 237 1387 faliri
253 1361 358 1396 liguarii
369 1381 376 1395 ,
393 1367 420 1388 et
434 1361 562 1390 conflatio
574 1382 580 1393 ,
597 1361 624 1388 Ii.
641 1366 764 1396 argento,
782 1366 808 1388 et
829 1369 897 1388 auro
912 1362 958 1389 de-

167 1412 258 1435 corata
280 1412 344 1435 sunt
365 1417 371 1435 :
401 1407 509 1435 laminis
528 1406 622 1435 ferreis
645 1412 671 1434 et
691 1407 796 1435 malleis
814 1408 957 1435 lirmarunl.

166 1461 209 1483 ea.
225 1457 251 1480 et
263 1461 316 1480 non
327 1453 522 1482 movebuntur:
540 1453 566 1481 9.
581 1454 618 1488 (ti)
630 1458 769 1488 argentum
785 1453 821 1489 (ο)
837 1457 955 1481 tractum

167 1501 242 1531 sunt,
254 1505 308 1526 non
329 1498 406 1526 ibunt
425 1506 431 1511 '
452 1505 484 1525 +
502 1503 642 1532 argentum
658 1498 812 1533 disruptum
828 1507 859 1525 ex
872 1497 957 1525 Tltar-
970 1512 991 1540 ϐ

166 1543 205 1573 sis
222 1551 227 1567 :
249 1543 338 1572 veniet
354 1551 450 1571 aurum
468 1544 506 1578 (ρ)
524 1543 637 1578 Mopbaz
653 1553 660 1571 :
674 1549 701 1571 et
715 1552 812 1573 manus
833 1545 956 1572 conflan-

167 1589 234 1617 tium
251 1597 347 1619 aurum
362 1597 368 1614 :
385 1597 469 1624 opera
498 1589 632 1617 artificum
665 1590 757 1618 omnia
777 1599 783 1617 ;
810 1590 958 1628 hyacintho

165 1639 193 1662 et
207 1643 325 1669 purpura
342 1635 455 1663 inducat
470 1642 500 1663 ca
523 1635 534 1669 ζ
556 1642 563 1661 :
579 1636 605 1662 5.
619 1637 752 1670 portando
766 1636 955 1672 portabuntur,

165 1681 229 1714 quia
245 1689 297 1708 non
316 1681 451 1709 incedent.
471 1681 508 1708 Ne
531 1681 651 1710 timeatis
671 1689 713 1712 ea,
731 1682 794 1716 quia
809 1690 861 1709 non
877 1683 958 1710 male-

166 1727 275 1757 taeicnl.
293 1731 319 1754 et
341 1727 441 1755 bonum
460 1735 514 1756 non
533 1732 607 1754 sunt.
628 1728 654 1754 Β.
681 1730 713 1762 Ξ(
734 1727 810 1756 Unde
832 1728 868 1763 (q)
886 1729 958 1756 sicut

166 1777 205 1803 tu.
222 1772 346 1804 Domine,
361 1780 478 1806 magnus
491 1781 520 1800 vs
534 1777 572 1804 tu,
585 1777 612 1800 et
624 1781 751 1808 magnum
765 1781 862 1801 nomen
879 1779 956 1802 tnum

165 1817 192 1843 in
209 1817 339 1851 potentia.
357 1817 383 1845 7.
400 1817 467 1850 Quis
489 1825 544 1845 non
565 1818 670 1845 timebit
686 1823 711 1845 te
723 1838 731 1852 ,
756 1826 803 1845 rex
823 1819 955 1853 gentium,

165 1862 228 1896 quia
246 1862 292 1889 tibi
311 1866 353 1889 est
365 1861 400 1897 (r)
415 1863 581 1892 conveniens
598 1863 725 1896 adorare;
743 1864 806 1899 quia
823 1864 849 1890 in
867 1865 957 1892 omni-

165 1907 215 1934 bus
232 1907 399 1942 sapientibus
413 1908 545 1942 geutium.
566 1908 601 1942 (δ)
617 1913 644 1936 et
657 1909 684 1934 in
703 1909 831 1936 onmibus
847 1909 955 1946 regibus

163 1959 258 1980 eorum
274 1952 346 1979 unde
359 1952 430 1983 sicut
441 1957 479 1984 tu,
497 1951 632 1980 Domine?
643 1953 671 1980 8.
686 1954 718 1988 (ι)
733 1957 760 1981 et
774 1953 800 1980 in
818 1962 871 1980 uno
885 1958 937 1981 tein
947 1970 954 1974 -

165 2006 230 2032 pore
254 1998 442 2029 incendentur,
463 2003 490 2026 et
514 1998 735 2031 infirmalmntnr,
758 2000 796 2036 (α)
812 2007 859 2027 cor
874 2008 956 2027 vano-

165 2052 223 2070 rum
239 2044 341 2079 lignum
356 2049 399 2073 est
422 2054 427 2073 :
444 2044 470 2072 9.
489 2050 632 2079 argentum
647 2046 820 2080 productum,
836 2047 909 2082 quod
921 2055 952 2074 ex

164 2090 276 2118 Tharsis
291 2092 377 2121 venit.
392 2097 419 2119 et
431 2099 529 2121 aurum
548 2091 586 2126 (r)
601 2099 634 2118 ex
650 2091 754 2126 Uphaz,
775 2100 857 2127 opera
875 2092 954 2126 fabri,

162 2140 187 2163 et
207 2143 336 2164 manuum
358 2135 504 2165 conﬂantis
526 2144 636 2168 aurum,
660 2136 824 2172 hyacinthus
845 2142 872 2164 et
890 2145 954 2171 pur-

164 2189 230 2215 pura
248 2182 440 2211 vestimentum
453 2190 559 2215 eorum,
572 2189 640 2216 opus
653 2182 817 2217 sapientium
833 2183 926 2211 omnia
945 2191 952 2209 :
972 2179 991 2205 Ι)

163 2227 207 2255 l0.
227 2227 360 2256 Dominus
377 2231 468 2256 autem
489 2227 560 2254 Deus
584 2235 664 2255 verus
684 2232 735 2259 est,
754 2228 824 2256 Dens
847 2229 951 2262 vivenS,

162 2277 188 2301 et
203 2280 249 2300 rex
265 2279 382 2301 attentus
397 2281 403 2298 :
422 2281 436 2300 tt
453 2272 545 2302 furore
557 2273 617 2307 ejus
632 2274 817 2301 contremiseit
832 2279 914 2307 terra,
927 2280 954 2301 et

163 2325 217 2348 non
236 2317 410 2345 sustinebunt
432 2321 526 2351 gentes
544 2318 611 2344 iram
635 2318 694 2352 ejus
714 2317 737 2352 ζ.
758 2319 799 2345 ll.
822 2319 868 2346 Sic
884 2319 954 2346 dicc-

198 2399 234 2435 (9)
253 2399 297 2431 Α.,
315 2390 347 2424 ἰιί
363 2397 585 2435 palatiavestra.
618 2398 654 2432 (Ii)
682 2398 798 2433 Reliqui,
816 2404 843 2427 rt
858 2399 965 2427 cadent.

161 2433 303 2470 aigillatim
324 2442 346 2458 ις.
361 2433 523 2467 ραιιιιιιιίηι),
539 2434 587 2467 qui
607 2439 670 2461 sunt
688 2435 713 2460 in
729 2436 870 2468 pra-patio.
909 2434 945 2469 (Ir)
961 2435 992 2462 Α.

161 2469 342 2503 ριξιηινρεειιηῑ
355 2473 448 2503 gentes
463 2469 497 2495 ab
512 2470 562 2495 cis.
596 2470 634 2503 (η)
649 2469 693 2499 Λ.,
711 2474 739 2495 ιιι
754 2471 852 2503 palma.
868 2469 909 2501 δ..
931 2478 957 2496 ru

161 2510 282 2532 evtracta
297 2509 371 2532 sunt.
388 2508 415 2530 et
429 2511 482 2530 non
500 2504 656 2532 loquentur.
681 2504 741 2532 ΤΙι..
761 2505 842 2531 inlisa
856 2510 931 2532 Slllll.

1024 2470 1082 2532 Sitit
1088 2506 1093 2532 i
1098 2475 1117 2532 r(i

609 2513 656 2530 .ur.
681 2507 741 2534 'l‘li.,
761 2507 842 2531 inlisa
856 2510 931 2532 Slllll.
971 2507 1008 2540 (ρ)
1024 2507 1130 2540 Dphiri.
1169 2507 1205 2541 (ᾳ)
1222 2507 1267 2539 Α.,
1284 2507 1329 2539 qui
1345 2507 1444 2533 similis
1465 2507 1522 2532 tibi.
1562 2507 1597 2541 (r)
1617 2507 1663 2537 A.,
1684 2507 1804 2533 decens.

609 2540 639 2574 (l)
657 2539 702 2567 Α..
722 2545 749 2565 ct
765 2548 819 2566 uno
837 2545 957 2574 lt‘lllpul‘e
975 2542 1039 2568 lietIt
1059 2542 1117 2568 sine
1135 2542 1322 2576 intelligentia,
1338 2547 1365 2568 et
1378 2541 1437 2568 sine
1449 2541 1568 2574 ingenio.
1586 2540 1628 2573 8.,
1644 2542 1728 2568 simul
1746 2550 1804 2568 au-

609 2579 719 2607 ptentes.
760 2576 798 2607 tu)
823 2575 867 2605 Α..
885 2576 1014 2603 eruditio.
1054 2577 1093 2607 (.1')
1110 2576 1148 2603 Ex
1165 2578 1259 2607 Uphir.
1299 2577 1337 2607 (ῃ)
1356 2577 1401 2607 Α..
1416 2576 1567 2602 stabiliens.
1585 2576 1626 2607 S.,
1639 2578 1687 2607 qui
1701 2578 1804 2603 contir-

760 2576 798 2605 (u)
823 2576 867 2605 Α..
885 2576 1014 2603 eruditio.

161 2510 282 2532 evtracta
297 2509 371 2534 sunt,
388 2508 415 2530 et
429 2511 482 2530 non
500 2504 656 2537 loquentur.
681 2504 741 2534 ΤΙι..
761 2505 842 2531 inlisa
856 2510 931 2532 Slllll.

162 2541 196 2575 (δ)
214 2541 247 2567 Et
271 2540 298 2566 in
314 2539 441 2565 omnibus
456 2539 555 2573 regnis.

161 2581 214 2602 lt‘lll
231 2575 306 2602 stulti
325 2575 486 2600 \‘ideltttnlttr
500 2579 528 2600 et
544 2575 719 2608 desiptentes.

162 2616 226 2638 tnat.
266 2610 303 2644 (ι)
322 2609 365 2640 Α..
384 2609 410 2635 in
430 2617 522 2635 vocem
534 2609 608 2636 dedit
622 2610 663 2635 eis
679 2609 880 2637 multitudinem
903 2619 990 2644 aquae.

160 2646 235 2679 virga
255 2645 421 2671 luereditatis
438 2644 519 2678 ejus:
542 2644 672 2670 Dominus
691 2645 870 2672 exercituum.
889 2646 957 2673 ΣΚΗ

1014 2644 1087 2674 PDN.

161 2688 221 2713 qum
238 2680 341 2706 habitat
362 2680 388 2705 in
411 2679 590 2706 munimento.
613 2679 655 2709 8.,
673 2679 827 2716 inoppido.
854 2715 857 2716 ν
881 2681 918 2716 (y)
934 2683 980 2710 Α..

162 2715 192 2750 (I)
208 2717 251 2744 Α..
268 2715 401 2748 direptum
416 2720 467 2745 est,
482 2720 508 2740 et
524 2722 618 2741 (mines
634 2714 726 2748 paxilli
742 2715 860 2748 dispersi
876 2714 950 2749 sunt,
969 2717 1017 2743 lilii
1032 2717 1083 2743 mei
1101 2714 1237 2750 exierunt,
1250 2721 1276 2743 et
1292 2714 1344 2743 non
1358 2721 1432 2743 sunt.

160 2750 279 2776 extendit
293 2750 409 2783 amplius
427 2750 574 2775 tentorium
594 2757 696 2781 meum,
714 2753 741 2775 et
755 2750 835 2784 erigit
855 2752 939 2778 adlata
961 2759 1026 2778 mea

160 2792 247 2814 neque
268 2784 317 2809 vni
339 2783 489 2813 ambulare.
505 2789 531 2810 et
547 2783 645 2814 dirigat
659 2792 770 2814 gressus
791 2793 866 2812 suos.
905 2786 942 2814 in)
960 2785 1026 2814 Rcet

905 2790 942 2819 (ρ)
960 2790 1052 2814 lict-te.

160 2792 247 2817 neque
268 2784 317 2809 vni
339 2783 489 2813 ambulare.
505 2789 531 2810 et
547 2783 645 2818 dirigat
659 2792 770 2819 gressus
791 2783 866 2812 suos.

195 2831 226 2863 ς’)
243 2828 314 2865 [lluc
327 2829 455 2856 translata
471 2834 534 2857 sunt
550 2830 601 2857 ista
619 2838 633 2857 a
651 2838 728 2858 versu
745 2831 760 2858 9
777 2839 834 2867 seq.
855 2832 971 2869 DRACH.J

999 2456 1006 2466 ,
1019 2437 1194 2473 prtepuliatae.
1233 2437 1265 2471 (ι)
1282 2435 1325 2467 Af,
1339 2435 1493 2470 przeputiati
1512 2437 1537 2462 in
1548 2437 1648 2473 _corde.

998 2759 1031 2778 Ἢ.

1015 223 1077 246 cant
1093 226 1126 246 ex
1143 223 1225 249 terra,
1245 221 1271 246 et
1287 225 1320 246 ex
1339 219 1390 247 sub
1413 218 1484 247 ctelo
1507 224 1569 247 hoc.
1598 219 1642 247 li.
1665 218 1802 250 Dominus,

1014 265 1059 298 qui
1079 264 1142 291 fecit
1156 269 1256 291 terram
1270 264 1296 291 in
1315 264 1414 292 robore
1428 272 1489 297 suo,
1503 265 1550 299 qui
1566 266 1604 300 (y)
1622 269 1729 292 rectum
1744 264 1804 291 fecit

1013 310 1105 337 orbem
1123 310 1150 337 in
1169 309 1301 344 sapientia
1321 318 1370 337 sua
1384 330 1391 342 ,
1408 314 1435 338 et
1456 311 1481 337 in
1507 311 1600 339 subtili
1628 311 1802 345 intelligentia

1013 365 1062 384 sua
1089 356 1211 383 extendit
1231 356 1344 388 emlum,
1377 357 1416 383 15.
1438 358 1471 390 Ἀ(
1488 361 1514 383 et
1536 357 1582 392 qui
1603 356 1640 392 (ι)
1664 357 1690 384 in
1712 364 1800 384 vocem

1014 402 1061 429 dat
1077 402 1088 437 ζ
1105 402 1306 431 multitudinem
1323 410 1400 438 aqua:
1415 403 1442 429 in
1457 403 1528 429 coelo
1548 411 1555 430 :
1572 407 1599 430 et
1612 403 1706 429 eduxit
1722 403 1802 430 nubes

1013 448 1048 475 ab
1062 452 1184 475 extremo
1207 453 1286 475 terrae
1309 457 1316 475 :
1339 447 1446 483 fulgura
1469 448 1566 484 pluvia:
1582 447 1659 481 fecit,
1673 452 1701 475 et
1712 449 1804 476 eduxit

1014 497 1110 520 ventos
1125 501 1157 520 ex
1172 493 1307 522 thesauris
1323 494 1392 521 suis.
1409 493 1452 521 14.
1468 492 1598 520 lnsanivit
1616 494 1706 521 omnis
1721 494 1802 521 homo

1013 546 1027 565 a
1048 539 1161 566 scientia
1180 546 1186 565 :
1211 539 1322 567 erubuit
1344 539 1435 567 ontnis
1458 539 1581 566 conﬂans
1602 547 1700 567 aurum
1724 547 1803 574 super

1013 584 1184 618 sculptilihus
1198 592 1305 616 eorum,
1320 580 1384 619 quia
1409 583 1477 611 falsa
1492 584 1645 612 confiat-unt
1668 593 1675 612 :
1697 592 1751 612 non
1766 589 1804 612 est

1013 629 1124 664 spiritus
1141 630 1167 656 in
1183 629 1233 656 eis.
1250 629 1294 656 l5.
1315 628 1389 656 Vana
1405 633 1470 656 sunt
1486 638 1578 664 opera,
1597 631 1637 664 (ιι)
1655 630 1736 656 infixa
1755 638 1761 656 :
1777 630 1802 657 in

1012 681 1133 710 tempore
1153 676 1318 703 risitationis
1336 683 1392 703 sua:
1409 676 1545 710 peribunt.
1566 676 1610 704 l6.
1632 675 1690 704 Non
1706 682 1748 704 est
1763 677 1804 704 in-

1012 728 1068 751 star
1082 723 1161 758 hujus
1179 731 1241 758 pars
1257 722 1371 754 Jacobo,
1396 723 1524 758 quoniam
1540 723 1587 757 qui
1604 723 1731 752 formavit
1747 732 1804 750 om-

1013 769 1068 800 nia,
1085 768 1142 802 ipse
1158 769 1192 803 Β(
1205 772 1246 795 est
1262 769 1298 803 (b)
1312 772 1339 796 et
1359 768 1441 795 Israel
1463 767 1474 802 ζ
1491 768 1526 803 (c)
1544 767 1620 802 virga
1639 768 1802 795 Itaéreditatis

1012 815 1072 848 ejus
1086 824 1092 841 :
1110 813 1241 841 Dominus
1254 814 1384 841 virtutum
1403 821 1500 841 nomen
1517 814 1555 849 (d)
1568 814 1602 841 ei.
1622 814 1664 842 l7.
1681 814 1716 848 (ε)
1729 815 1800 842 Con-

1012 860 1133 894 grcgavit
1148 868 1162 887 a
1180 860 1246 887 foris
1266 860 1448 888 substantiam
1465 865 1551 891 tuam.
1572 860 1606 894 (Π
1621 868 1682 894 qua:
1699 860 1804 887 habitat

1012 905 1038 932 in
1057 905 1162 933 electis.
1184 905 1228 932 l8.
1249 905 1318 939 Quia
1335 905 1391 932 hinc
1406 906 1472 933 dicit
1490 905 1623 933 Dominus
1639 915 1645 932 :
1667 905 1736 933 Ecce
1753 913 1803 940 ego

1012 950 1048 984 ig)
1070 950 1209 985 projiciam
1227 958 1273 977 eos
1290 951 1336 985 qui
1354 951 1478 979 habitant
1498 951 1525 979 in
1551 956 1621 980 terra
1643 952 1695 979 hac
1711 952 1738 978 in
1763 951 1803 978 af-

1010 995 1140 1028 ﬂictione,
1157 1001 1184 1023 et
1199 996 1315 1030 affligant
1339 1004 1397 1028 eos.
1419 1001 1448 1024 ut
1465 996 1502 1031 (lt)
1521 997 1687 1024 inveniatur.
1705 996 1747 1023 l9.
1771 998 1802 1033 (ἱ)

1011 1041 1057 1068 νιιε
1080 1049 1162 1076 super
1189 1042 1322 1069 fractione
1342 1046 1385 1068 tua
1406 1049 1412 1068 :
1433 1041 1528 1069 dolore
1549 1041 1644 1070 ailecta
1667 1047 1706 1069 rsl
1725 1042 1803 1077 plaga

1011 1092 1066 1114 tua.
1085 1087 1171 1113 Etiam
1185 1095 1235 1121 ego
1249 1086 1316 1118 dixi,
1332 1085 1402 1113 Vere
1419 1086 1470 1115 hoe
1487 1086 1586 1114 vulnus
1604 1095 1705 1119 meum,
1723 1087 1760 1122 (Ir)
1777 1092 1803 1114 et

1009 1133 1189 1167 apprehendit
1204 1140 1256 1159 rnc.
1271 1131 1316 1158 20.
1335 1131 1553 1160 Tabernaculum
1569 1140 1660 1159 meum
1674 1132 1704 1167 (ι)
1719 1133 1803 1160 mise-

1010 1186 1070 1205 rum
1088 1177 1190 1206 laCtnin
1212 1182 1264 1209 est,
1287 1185 1319 1205 +
1337 1177 1418 1212 periit
1436 1177 1446 1212 ζ
1462 1198 1470 1210 ,
1488 1182 1515 1204 et
1531 1178 1622 1206 omnia
1638 1179 1723 1205 aulaea
1742 1186 1802 1205 mea

1008 1221 1124 1248 discissa
1140 1226 1214 1248 sunt.
1229 1221 1288 1248 Filii
1304 1222 1368 1254 mei,
1381 1225 1409 1248 et
1418 1229 1483 1248 oves
1497 1229 1563 1249 mea:
1577 1230 1630 1249 non
1646 1227 1710 1251 sunt.
1729 1232 1734 1249 :
1753 1224 1802 1258 (ni)

1008 1275 1063 1294 non
1079 1272 1120 1294 est
1143 1267 1218 1294 locus
1233 1268 1352 1302 amplius
1367 1269 1537 1296 tabernaculi
1563 1269 1637 1302 mei,
1654 1269 1732 1296 locus
1753 1278 1806 1296 an-

1009 1313 1119 1340 lteorum
1133 1321 1266 1341 meorum.
1282 1314 1327 1340 21.
1343 1313 1412 1348 Quia
1429 1315 1608 1349 desipuerunt
1624 1320 1759 1350 pastores,
1777 1320 1803 1342 et

1008 1357 1154 1385 Dominum
1169 1366 1222 1385 non
1240 1358 1434 1390 qtuesivernnt.
1453 1358 1568 1394 Propter
1581 1360 1631 1387 hoc
1650 1368 1704 1386 non
1723 1360 1804 1387 intel-

1009 1403 1074 1430 lexit
1097 1412 1178 1432 omne
1200 1411 1330 1438 pascuum
1354 1413 1361 1431 :
1383 1409 1409 1431 et
1432 1404 1550 1439 dispersi
1572 1409 1646 1434 sunt.
1668 1405 1714 1432 2'2.
1743 1405 1803 1433 Vox

1007 1450 1128 1477 rumoris
1142 1457 1207 1477 ecce
1230 1451 1312 1483 venit,
1330 1455 1358 1478 et
1382 1451 1532 1478 commotio
1555 1459 1652 1486 magna
1670 1459 1703 1479 ex
1730 1456 1803 1479 terra

1008 1496 1155 1531 aquilonis.
1178 1496 1210 1523 ad
1227 1497 1382 1531 ponendum
1401 1497 1482 1524 urbes
1494 1496 1570 1526 Inda:
1584 1497 1611 1524 in
1625 1497 1752 1529 exitium,
1769 1504 1801 1526 +

1008 1547 1035 1569 et
1052 1542 1062 1576 ζ
1083 1543 1109 1568 in
1124 1542 1212 1570 cubile
1232 1542 1269 1577 (η)
1286 1543 1585 1571 struthioeamelortnn.
1600 1543 1645 1571 23.
1661 1543 1736 1576 Scio,
1752 1542 1804 1573 Do-

1009 1587 1092 1618 mine,
1111 1587 1184 1621 qnod
1206 1595 1258 1614 non
1278 1587 1396 1614 hominis
1421 1589 1463 1614 via
1489 1588 1559 1622 eius,
1585 1588 1622 1623 (ο)
1648 1596 1738 1623 neque
1762 1589 1804 1615 vir

1009 1632 1058 1659 ibit
1074 1632 1123 1667 (ρ),
1138 1638 1165 1660 et
1176 1633 1273 1668 diriget
1287 1634 1320 1667 >ε<
1339 1633 1391 1660 iter
1406 1641 1486 1660 suum
1505 1634 1515 1667 ζ
1535 1652 1542 1660 .
1556 1633 1601 1661 24.
1617 1633 1728 1669 Castiga
1739 1642 1804 1666 nos,

1009 1676 1133 1708 Domine,
1153 1681 1338 1704 verumtamen
1360 1678 1387 1705 in
1406 1678 1522 1713 judicio,
1543 1683 1570 1705 et
1588 1686 1641 1705 non
1660 1678 1687 1705 in
1708 1678 1805 1707 furore

1009 1727 1072 1755 tuo;
1088 1724 1151 1758 quia
1171 1732 1224 1751 non
1242 1731 1342 1758 paucos
1364 1723 1448 1751 facies
1472 1732 1522 1751 nos
1540 1733 1546 1750 :
1565 1724 1611 1752 25.
1633 1723 1743 1752 elfunde
1759 1724 1806 1751 fu-

1007 1775 1097 1794 rorem
1121 1773 1197 1796 tunm
1219 1777 1302 1804 super
1322 1774 1416 1805 gentes
1437 1770 1496 1796 illas
1509 1791 1516 1802 ,
1538 1777 1600 1801 quae
1621 1778 1676 1797 non
1699 1778 1805 1804 cogno-

1008 1819 1087 1840 scunt
1100 1819 1133 1845 te,
1149 1819 1175 1845 et
1191 1822 1273 1848 super
1285 1816 1322 1850 (q)
1335 1815 1523 1850 generationes
1539 1815 1609 1846 illas,
1623 1823 1684 1850 quae
1699 1822 1803 1842 nmneu

1008 1863 1083 1886 tuutn
1106 1866 1158 1886 non
1177 1861 1360 1893 invocarunt;
1380 1862 1444 1895 quia
1465 1861 1642 1888 comederunt
1661 1860 1758 1894 Jacob,
1775 1866 1804 1888 et

1007 1912 1117 1939 pessum
1133 1905 1267 1933 dederunt
1281 1915 1353 1939 cum,
1368 1908 1402 1943 >ε<
1415 1911 1442 1934 et
1462 1911 1675 1934 consumserunt
1690 1915 1753 1935 eum
1776 1908 1802 1941 ζ,

1006 1955 1033 1977 et
1045 1951 1080 1985 (r)
1093 1959 1192 1986 pascua
1208 1960 1304 1979 eorutn
1326 1958 1477 1980 vastarunt.

1041 1997 1108 2030 Cap.
1128 1997 1237 2025 XL—l.
1258 1997 1287 2024 ν.
1298 1999 1387 2029 rbum,
1406 1998 1479 2033 quod
1496 1998 1598 2025 factum
1614 2003 1656 2026 est
1675 1999 1707 2026 ad
1725 1998 1805 2026 Jere-

1007 2043 1088 2069 iniam
1105 2051 1119 2069 a
1137 2043 1263 2075 Domino,
1279 2043 1371 2072 dicens
1393 2053 1399 2071 :
1420 2044 1448 2071 εὶ,
1468 2044 1565 2071 Audite
1584 2044 1665 2071 \erba
1688 2044 1805 2072 foederis

1007 2087 1089 2123 hujus
1108 2098 1115 2116 :
1138 2094 1165 2116 et
1186 2090 1307 2124 loqueris
1328 2090 1361 2116 ad
1382 2090 1455 2117 viros
1476 2089 1562 2122 Iudae,
1586 2094 1613 2117 et
1629 2091 1661 2116 ad
1685 2098 1734 2118 eos
1753 2091 1804 2125 qui

1007 2135 1131 2162 habitant
1146 2136 1172 2162 in
1188 2135 1352 2169 Jerusalem,
1369 2136 1395 2162 3.
1412 2140 1438 2163 et
1453 2135 1528 2163 dices
1541 2135 1574 2162 ad
1590 2143 1636 2162 eos
1659 2145 1665 2162 :
1681 2135 1744 2163 llaec
1756 2136 1804 2163 di-

1006 2181 1043 2207 cit
1060 2179 1193 2208 Dominus
1211 2181 1281 2209 Deus
1300 2181 1409 2209 lsraclis
1434 2188 1442 2209 :
1461 2181 1621 2209 lllalcdietus
1640 2180 1732 2213 homo,
1751 2183 1804 2217 qui

1007 2233 1062 2252 non
1081 2227 1173 2253 audiet
1193 2227 1273 2254 verba
1295 2226 1406 2255 fmderis
1421 2227 1514 2261 hujus,
1535 2227 1562 2254 4.
1584 2227 1660 2260 Quod
1682 2229 1804 2262 praecepi

1007 2273 1130 2307 patribus
1149 2274 1246 2301 vestris
1265 2274 1290 2300 in
1311 2274 1365 2306 die,
1382 2281 1435 2308 quo
1450 2273 1531 2300 eduxi
1547 2281 1594 2301 eos
1611 2283 1641 2301 ex
1660 2279 1732 2301 terra
1749 2274 1803 2301 ΔΞ-

1007 2320 1092 2355 gypti,
1108 2328 1140 2347 ex
1157 2320 1267 2348 fornace
1291 2320 1354 2347 ferri
1373 2341 1380 2352 ,
1413 2320 1521 2348 dicente
1542 2329 1585 2348 me
1602 2329 1608 2348 :
1627 2321 1726 2348 Audite
1749 2329 1803 2348 vo-

1006 2400 1037 2435 (i)
1052 2400 1093 2431 S.,
1108 2408 1190 2435 super
1205 2409 1301 2429 omnes
1315 2409 1362 2436 per
1379 2408 1488 2429 manum
1510 2409 1558 2435 per
1577 2409 1690 2431 manum
1718 2402 1750 2436 (i.
1773 2410 1801 2428 e.

1114 2438 1194 2464 Iiatae.
1233 2438 1265 2471 (ι)
1282 2438 1325 2467 Α.,
1339 2438 1493 2470 przeputiati
1512 2438 1537 2462 in
1555 2438 1648 2463 corde.
1689 2438 1737 2479 (ιη)
1752 2438 1804 2467 Α..

1109 2475 1146 2506 (ο)
1163 2473 1207 2503 Α..
1221 2477 1333 2498 eansa
1350 2476 1424 2500 sunt.
1438 2475 1465 2497 et
1479 2478 1532 2497 non
1547 2471 1705 2505 loquentur.
1718 2473 1762 2502 6.,
1776 2477 1807 2498 ιιι

1169 2507 1205 2541 (q)
1222 2506 1267 2539 .4.,
1284 2507 1329 2539 qui
1345 2506 1444 2533 similis
1465 2505 1522 2532 tibi.
1562 2506 1597 2541 (r)
1617 2507 1663 2537 A.,
1684 2507 1804 2533 domuis.

1054 2577 1093 2611 (.1')
1110 2576 1148 2603 Ex
1165 2578 1259 2612 Uphir.
1299 2577 1337 2611 (y)
1356 2577 1401 2608 Α.,
1416 2576 1567 2612 stabiliens.
1585 2576 1626 2608 S.,
1639 2578 1687 2610 qui
1701 2578 1807 2603 contir-

1030 2612 1067 2646 (η)
1085 2613 1129 2643 Α.,
1147 2610 1332 2639 derisionntn.
1367 2612 1404 2645 (b)
1423 2610 1571 2638 Hiereditas
1588 2612 1658 2646 ejus.
1699 2613 1735 2647 (ε)
1752 2613 1805 2644 Α..

1127 2647 1166 2681 (ιι)
1186 2647 1265 2674 Deus.
1319 2647 1353 2681 (ο)
1374 2646 1484 2682 A.,_S.,
1501 2654 1644 2682 congrege.
1697 2647 1733 2682 (Γ)
1751 2647 1805 2677 Λ.,

1002 2682 1084 2709 funda
1106 2680 1256 2716 projiciam.
1308 2681 1345 2716 (It)
1362 2681 1407 2714 Λ.,
1427 2680 1488 2715 Tlt.,
1514 2686 1541 2707 et
1559 2681 1695 2715 perferam
1724 2680 1805 2709 eam.

1475 2716 1522 2751 (ut)
1540 2718 1572 2743 Α.
1588 2735 1595 2746 .
1611 2724 1665 2743 non
1678 2722 1732 2746 est.
1749 2725 1804 2750 qui

1083 2752 1179 2786 (10.4.,
1196 2752 1236 2785 S.,
1256 2752 1389 2778 sirenum.
1410 2751 1470 2784 T/t.,
1487 2754 1649 2779 draconum.
1696 2754 1734 2786 (ο)
1754 2752 1804 2784 5.,

1093 2789 1128 2823 (q)
1145 2787 1278 2822 Regnum.
1313 2786 1347 2822 (r)
1365 2786 1410 2818 (i.,
1424 2787 1508 2814 decus
1521 2786 1580 2820 ejus
1595 2787 1803 2822 depravarunt.
