1919 3077
229 129 283 158 232
290 129 300 155 7

812 127 923 157 (ἸΟΒΕΧ
951 127 1285 157 SYRO-HEKAPLARIS.

1785 127 1848 155 2528

230 196 304 218 nem.
329 193 356 215 et
380 187 505 216 volucres
529 187 602 220 coeli,
617 193 644 215 et
657 187 759 215 bestias
773 193 852 214 terra:
866 188 899 214 ad
915 187 1017 218 cibum,
1035 191 1055 218 Α
1072 187 1195 215 Seorsim
1215 187 1354 219 sedebam,
1376 185 1439 221 quia
1468 185 1502 221 (δ)
1531 184 1715 213 amaritudine
1741 186 1848 221 repletus

230 239 258 261 et
275 233 308 261 ad
324 233 538 268 corruptiottem.
554 233 580 260 4.
600 231 632 260 Ει
647 235 753 260 tradam
770 239 816 260 eos
839 234 877 267 (α)
890 233 918 259 in
934 240 1022 267 angu-

230 281 299 307 stias
317 279 445 307 omnibus
463 279 555 314 regnis
573 284 652 306 terrae
679 283 789 313 propter
814 276 965 306 Manassem
988 278 1021 305 ti-

230 324 298 352 lium
317 322 438 352 Uezrcia:
454 331 544 357 regem
560 322 647 354 .lndte,
668 329 717 357 pro
730 323 868 353 omnibus.
883 330 943 357 quae
958 322 1022 349 fecit

231 371 260 398 in
277 367 441 397 Jerusalem.
463 369 489 396 5.
504 367 570 401 Quis
589 373 680 403 parcet
695 375 777 402 super
798 370 833 400 te,
847 367 1021 395 Jerusalem?

231 420 258 442 et
283 416 345 451 quis
370 414 577 442 contristabitur
595 421 676 448 super
694 413 735 440 te?
760 417 807 440 aut
825 413 887 448 quis
903 417 1021 441 rererte-

232 466 286 493 tur,
314 463 346 494 ὶθί
375 459 554 494 interrogabit
579 459 589 493 ζ
608 460 634 486 in
652 465 745 495 pacem
762 460 856 487 tuam?
874 460 900 487 6.
916 460 956 487 Tu
978 460 1020 486 in-

229 508 340 542 dignata
363 514 392 534 es
409 513 462 539 me,
479 506 546 533 dicit
563 505 694 533 Domums
713 514 719 532 :
738 510 888 533 retrorsum
906 505 967 534 ibis.
988 505 1021 533 Et

229 555 372 582 extendam
395 561 507 579 manutn
531 560 618 579 meam
637 559 718 587 super
732 555 766 584 te,
794 555 821 579 et
844 558 1018 587 corrumpam

232 605 266 631 te.
286 600 323 635 (ὁ)
349 604 444 626 etnon
468 599 586 633 amplius
602 599 738 626 dimittam
757 606 824 627 eos:
843 599 868 626 7.
887 600 921 634 (ε)
940 605 966 627 et
979 599 1020 626 di-

229 652 354 680 spergam
383 653 431 672 eos
456 645 482 672 in
512 645 693 679 dispersione,
721 645 747 672 in
766 646 852 680 portis
870 645 908 681 (ά)
926 646 1018 680 populi

231 692 284 720 mei
312 693 396 727 stirpe
424 691 525 720 snecisi
555 696 620 719 sunt
648 700 654 719 :
682 691 858 727 perdiderunt
886 692 1017 727 populum

231 745 322 766 meum
341 739 376 773 (θ)
392 744 502 774 propter
521 739 639 766 malitias
651 746 725 770 suas,
751 739 783 772 χ
804 742 831 765 et
844 745 897 765 non
916 739 1017 766 reversi

230 789 295 811 sunt
309 784 319 818 ζ
335 794 341 811 ;
359 785 386 812 8.
405 783 589 819 multiplicatae
606 788 670 811 sunt
686 784 719 818 >ε<
741 790 821 818 super
839 780 882 811 ine
900 783 910 817 ζ
930 783 1018 810 viduae

228 838 323 857 eorum
337 830 397 865 plus
411 838 492 864 quatit
508 837 588 856 arena
603 828 686 856 maris
703 835 709 855 ι
726 826 820 855 induxi
834 830 868 862 )K
882 829 922 855 eis
943 829 953 863 ζ
969 836 1016 855 su-

228 883 275 910 per
291 882 402 903 matrem
429 876 641 902 adolescentium
667 875 701 909 (f)
729 875 868 902 miseriam
891 875 916 902 itt
935 875 1016 903 meri-

227 921 271 949 die
290 930 297 948 :
315 921 394 955 injeci
409 928 491 956 super
509 929 568 948 eam
595 926 705 956 repente
723 922 761 956 (g)
777 926 922 948 tremorem
936 927 962 949 et
978 921 1016 949 fo-

227 968 413 996 stinaliouem.
428 966 455 995 9.
469 964 559 994 Vacua
576 965 644 994 facta
663 971 715 1000 esi,
730 975 791 1002 qua:
808 968 879 1002 parit
894 975 915 994 st
926 973 1013 1002 ptem:

227 1015 383 1049 perturbata
409 1019 451 1041 est
477 1013 566 1040 animo
585 1014 644 1048 ejus
670 1024 676 1041 :
698 1013 797 1042 occidit
822 1014 863 1042 sol
885 1014 920 1047 ei,
953 1021 1015 1041 cum

227 1057 315 1084 adhuc
329 1056 434 1084 medius
449 1055 525 1089 dies;
540 1057 660 1088 rrulmit,
672 1062 698 1085 et
713 1058 842 1092 probrum
859 1066 939 1094 passa
952 1063 1013 1087 est:

227 1102 349 1136 reliquos
364 1109 459 1129 eorum
483 1102 509 1129 in
532 1102 650 1136 gladium
676 1103 748 1130 dabo
773 1110 866 1131 coram
895 1104 1015 1133 inimicis

226 1155 333 1178 eorum,
359 1147 425 1174 dicit
452 1145 594 1174 Dominus.
624 1147 668 1177 i0.
701 1141 745 1176 Va:
768 1148 833 1176 mihi
852 1157 913 1184 ego.
929 1155 1016 1177 mater

227 1198 299 1225 mea,
313 1192 422 1226 qualem
441 1192 558 1227 genuisti
576 1199 616 1220 me
633 1193 721 1220 virum
733 1192 771 1228 (Ιι)
786 1193 964 1228 judicantem,
981 1197 1014 1230 ἣ(

225 1243 253 1264 et
276 1237 388 1271 virum:
407 1239 437 1272 (ἰ)
452 1239 585 1265 dicentem
601 1239 734 1273 judicium
758 1241 833 1267 omni
859 1240 960 1268 terrae?
977 1241 1012 1277 (lt)

224 1282 284 1310 Non
315 1283 416 1317 profui,
442 1290 539 1311 etnon
563 1284 664 1319 profuit
689 1284 755 1312 mihi
783 1293 833 1313 nec
856 1287 1012 1322 quisquam.

225 1329 256 1366 (ι)
274 1328 365 1357 Robur
381 1338 468 1358 meum
484 1331 582 1358 defecit
597 1330 624 1357 in
638 1330 682 1364 iis,
697 1332 743 1366 qui
758 1331 923 1360 maledicunt
936 1333 1012 1360 mihi.

225 1376 270 1403 il.
291 1375 360 1408 Fiat,
387 1376 512 1409 Domine,
527 1384 589 1404 cum
605 1377 653 1412 (ut)
670 1375 719 1412 ipsi
739 1385 866 1413 prospere
882 1386 964 1414 agunt
979 1382 1012 1413 χ

225 1422 253 1448 in
269 1422 370 1449 bonum
386 1422 409 1457 ζ.
423 1421 450 1448 Si
469 1429 522 1449 non
542 1423 604 1450 steti
621 1431 713 1451 coratn
735 1428 761 1450 te
777 1424 802 1450 in
819 1429 939 1459 tempore
955 1433 1013 1452 ma-

225 1469 313 1496 lorum
331 1475 438 1501 eorum,
470 1473 498 1496 et
522 1469 548 1496 in
568 1474 690 1504 tempore
701 1469 856 1497 aﬂiictiouis
873 1476 904 1498 -ι-
917 1478 1011 1499 eorum

1073 240 1144 261 sum.
1171 233 1212 259 l8.
1229 232 1262 266 (t)
1280 231 1371 265 Quare
1392 231 1439 267 qui
1465 231 1588 266 aliligunt
1614 239 1667 263 tne,
1691 232 1847 259 invaleseunt

1072 285 1154 313 Super
1175 278 1238 305 me?
1266 278 1346 313 Plaga
1371 286 1431 305 mea
1446 278 1516 305 dura
1536 288 1542 305 :
1563 278 1634 305 unde
1645 278 1777 316 sapabor?
1790 279 1846 305 dum

1072 324 1112 355 fit,
1131 325 1200 351 facta
1222 324 1288 351 mihi
1309 329 1360 358 est,
1383 328 1412 351 ut
1432 330 1501 358 aqua
1522 324 1649 354 mendax.
1677 324 1720 352 cui
1743 331 1792 350 non
1811 329 1848 350 est

1072 371 1150 398 Iides.
1178 371 1220 398 i9.
1241 370 1354 405 Propter
1376 370 1426 397 hoc
1451 370 1508 398 haec
1531 370 1597 397 dicit
1615 370 1745 397 Dominus
1761 379 1767 397 :
1783 369 1808 396 Si
1825 375 1848 396 te

1072 421 1227 449 convertas,
1244 421 1271 444 et
1293 416 1433 443 restituam
1454 421 1490 447 te,
1505 421 1568 443 ante
1580 415 1676 442 faciem
1700 423 1783 442 meam
1798 420 1846 442 sta-

1071 462 1124 489 bis.
1144 461 1176 489 Et
1200 462 1222 489 si
1241 462 1341 489 educas
1365 462 1513 496 pretiosum
1545 461 1583 497 (u)
1607 460 1641 488 :ih
1670 468 1712 492 est,
1736 461 1779 496 qui
1800 469 1849 488 nor.

1070 507 1168 542 dignus
1183 513 1235 539 est.
1249 508 1328 542 quasi
1345 515 1376 534 os
1393 515 1481 534 meum
1498 508 1563 534 eris.
1578 505 1610 533 Et
1628 511 1791 534 revertentur
1803 506 1842 540 ips

1071 554 1104 580 ad
1120 558 1157 585 te,
1174 559 1201 581 et
1214 557 1241 581 tu
1259 561 1313 580 non
1330 554 1474 581 reverteris
1496 553 1528 580 ad
1550 560 1607 580 eos.
1624 549 1669 580 ῒο.
1699 552 1731 579 Et
1745 553 1809 580 dabo
1826 557 1848 579 lt.

1071 599 1170 632 populo
1188 598 1260 627 huic.
1282 603 1310 625 ut
1334 605 1441 625 murum
1460 598 1522 625 aeris
1545 599 1691 629 munitum,
1719 603 1745 625 et
1772 598 1846 625 bella-

1071 645 1137 671 bunt
1148 645 1279 671 adversus
1297 649 1331 677 te,
1350 649 1377 672 et
1391 652 1444 671 non
1462 645 1589 679 p'oterunt
1604 644 1735 672 adversus
1749 645 1847 678 tc,quia

1071 695 1161 717 tecum
1174 697 1234 717 sum
1253 690 1285 717 ad
1304 691 1464 718 salranium
1481 695 1518 721 te.
1532 691 1578 717 2i.
1596 695 1622 717 et
1635 690 1668 717 ad
1685 690 1847 724 eripiendum

1071 741 1106 768 te,
1124 738 1156 770 Χ
1174 737 1240 764 dicit
1254 737 1396 767 Dominus,
1408 739 1435 763 et
1450 736 1565 771 eripiam
1585 741 1610 762 te
1629 736 1684 771 ζεῖ
1702 742 1781 762 mauu
1797 743 1849 762 ma-

1070 783 1170 815 lorum,
1188 785 1221 817 )K
1238 789 1263 810 ct
1282 783 1414 810 redimam
1429 787 1455 810 te
1473 782 1484 816 ζ
1502 790 1534 809 ex
1551 790 1632 810 manu
1654 783 1694 816 (π)
1714 787 1850 817 corrupto--

1069 837 1140 856 rum.

1103 875 1168 910 Cap.
1187 874 1256 901 XVI.
1273 875 1338 903 —i.
1360 875 1429 902 Dicit
1446 874 1575 901 Dominus
1588 874 1658 901 Deus
1671 873 1778 901 lsraelis
1792 885 1797 900 :
1814 874 1846 908 (υ,

1068 921 1100 948 Et
1115 925 1142 948 ιιι
1162 923 1195 956 Ἀ(
1212 929 1245 948 ne
1261 921 1353 956 capias
1368 921 1414 948 tibi
1429 928 1552 953 uxorem,
1568 919 1594 947 2.
1608 925 1635 947 et
1656 920 1667 954 ζ
1687 928 1740 946 non
1761 920 1849 955 gigne-

1068 970 1112 994 tur
1126 967 1173 994 tibi
1191 967 1272 999 liiius,
1290 974 1378 1001 neque
1392 966 1444 993 illia
1464 966 1491 993 in
1510 966 1570 993 loco
1587 966 1648 992 hoc.
1668 966 1694 993 5.
1713 965 1736 998 Q
1748 966 1781 991 via
1798 965 1850 992 lure

1067 1014 1133 1041 dicit
1148 1013 1281 1040 Dominus
1295 1013 1328 1040 dc
1339 1013 1402 1041 filiis
1416 1018 1443 1040 et
1460 1013 1578 1044 filiabus,
1598 1013 1643 1047 qui
1659 1016 1810 1039 naseuulur
1824 1012 1850 1038 in

1066 1059 1128 1086 loco
1142 1059 1205 1089 hoc,
1220 1063 1246 1086 et
1265 1059 1298 1086 de
1317 1059 1451 1085 matribus
1473 1066 1580 1090 eorum,
1605 1066 1667 1092 qua:
1691 1063 1851 1092 pepererunt

1067 1111 1125 1136 eos,
1143 1109 1169 1131 et
1189 1105 1224 1132 de
1247 1105 1370 1138 patrihus
1386 1111 1491 1136 eorum,
1516 1105 1562 1139 qui
1587 1109 1740 1138 genuerunt
1764 1111 1809 1130 eos
1826 1104 1851 1130 iti

1067 1155 1138 1177 terra
1155 1149 1203 1177 hac
1220 1159 1226 1177 :
1247 1150 1273 1177 ι.
1297 1150 1323 1176 lu
1348 1153 1436 1176 morte
1457 1150 1623 1176 vehementis
1640 1149 1779 1175 cruciatus
1797 1156 1852 1175 tito-

1068 1195 1172 1222 rientut'
1197 1204 1204 1222 :
1234 1204 1286 1222 non
1314 1196 1486 1230 plancentur,
1512 1202 1600 1230 neque
1616 1195 1782 1229 seprlientur
1801 1203 1808 1220 :
1826 1195 1852 1221 in

1068 1241 1213 1269 ludibrium
1230 1249 1312 1274 super
1335 1241 1404 1268 facie
1426 1246 1504 1267 terra:
1520 1246 1601 1268 erunt
1625 1249 1631 1266 :
1651 1240 1676 1266 in
1695 1240 1786 1274 gladio
1809 1247 1853 1266 ca-

1066 1282 1140 1320 dent,
1158 1293 1185 1314 et
1200 1288 1226 1314 in
1250 1287 1321 1314 fante
1337 1291 1535 1314 consumculur
1552 1295 1558 1312 :
1574 1291 1601 1313 et
1621 1290 1702 1312 erunt
1721 1286 1853 1312 cadavera

1066 1340 1161 1361 eorum
1178 1333 1204 1360 in
1219 1333 1309 1360 cibum
1327 1332 1484 1360 volucribus
1504 1332 1577 1363 cteli,
1592 1336 1619 1359 et
1633 1332 1671 1366 (ι)
1689 1332 1787 1359 bestiis
1802 1337 1855 1358 ter-

1066 1386 1112 1406 rm.
1128 1379 1154 1406 Β.
1168 1378 1206 1413 (α)
1225 1378 1286 1405 lla-c
1297 1379 1362 1405 dicit
1376 1377 1506 1404 Dominus
1521 1386 1527 1405 :
1546 1377 1585 1404 Ne.
1601 1377 1764 1412 ingrediaris
1778 1377 1815 1411 (ὁ)
1828 1377 1852 1403 iu

1065 1430 1181 1452 turmam
1197 1431 1302 1456 eorum,
1319 1432 1407 1458 neque
1418 1425 1499 1451 abeas
1512 1425 1544 1451 ad
1557 1424 1750 1459 plangendum,
1767 1432 1852 1457 neque

1065 1471 1157 1506 lugras
1175 1477 1223 1498 eos
1242 1480 1248 1497 :
1268 1470 1331 1505 quia
1354 1470 1456 1497 removi
1473 1477 1566 1504 pacem
1594 1477 1681 1496 meam
1714 1477 1729 1496 a
1754 1470 1854 1504 populo

225 1516 252 1542 in
270 1515 340 1542 bona
355 1515 365 1549 ζ
383 1515 514 1542 adversus
527 1515 678 1542 inimicum.
698 1516 741 1542 12.
762 1516 800 1550 (u)
816 1515 843 1542 Si
861 1524 1008 1552 cognosee-
1024 1526 1045 1554 ε
1065 1518 1115 1545 hoc
1143 1517 1196 1544 hoc
1226 1517 1269 1551 ('),
1302 1516 1367 1543 dicit
1400 1515 1543 1546 Dominus,
1569 1518 1602 1549 ῖς(
1623 1516 1854 1548 misericordiam,

224 1562 315 1596 tur(o)
332 1560 445 1594 ferrum,
461 1566 487 1588 et
501 1562 699 1596 operimentum
718 1563 780 1590 aeris
806 1561 890 1590 robur
914 1565 1010 1591 tuum?

226 1607 269 1634 15.
289 1606 321 1632 Et
341 1606 484 1633 thesauros
507 1611 568 1634 tuos
590 1607 616 1633 in
633 1606 815 1642 direptionem
833 1607 915 1639 dabo.
934 1616 1010 1636 cont-

224 1653 402 1680 mutationem
417 1657 526 1687 propter
538 1653 627 1679 omnia
643 1657 752 1687 peccata
765 1658 821 1684 tua.
834 1659 861 1680 et
877 1655 904 1680 in
919 1654 1009 1681 omni-

223 1698 275 1725 bus
290 1698 413 1724 terminis
427 1697 490 1724 tuis.
518 1697 560 1724 Η.
588 1697 620 1725 Et
646 1698 749 1725 servire
772 1704 798 1726 te
824 1697 921 1726 faciam
940 1699 1010 1727 inter

224 1742 351 1770 inimicos
369 1748 441 1776 tuos,
470 1743 497 1770 in
523 1747 607 1775 terra,
625 1751 706 1778 quam
728 1751 781 1771 non
809 1745 907 1772 novisti
923 1755 929 1772 :
945 1747 1008 1780 quia

223 1790 294 1823 ignis
313 1796 444 1816 accensus
471 1797 501 1815 ex
529 1788 622 1816 furore
640 1796 710 1822 meo,
728 1797 810 1824 super
831 1798 880 1818 vos
893 1791 1008 1818 ardebit.

224 1835 267 1863 l5.
285 1836 318 1869 »ξ
334 1834 374 1862 Tu
388 1835 497 1867 novisti,
515 1833 629 1862 Domine
643 1835 654 1869 ζ
672 1843 678 1862 :
695 1835 840 1863 recordare
856 1836 918 1868 mei,
933 1841 961 1863 et
973 1836 1011 1864 vi—

223 1882 274 1908 sita
293 1887 345 1913 nte,
360 1881 398 1916 (p)
426 1885 453 1908 et
477 1880 615 1916 impunem
641 1881 746 1908 dimitte
769 1889 812 1909 me
828 1882 862 1909 ab
879 1882 932 1914 his,
961 1884 1008 1917 qui

222 1931 425 1962 persequuntur
439 1934 482 1953 me
498 1936 504 1953 :
523 1934 576 1953 non
596 1926 622 1953 in
635 1926 867 1962 longanimitatem
885 1930 917 1960 )a(
935 1933 1007 1956 tuam

221 1972 356 2008 suscipias
374 1979 417 2000 me
433 1974 456 2008 ζ.
483 1974 568 2005 Scito,
595 1972 667 2009 quod
685 1973 776 2008 accepi
795 1980 844 2008 pro
859 1978 886 2001 te
908 1982 1008 2009 oppro-

222 2019 310 2046 brium
340 2018 383 2046 16.
409 2020 443 2047 ab
467 2019 520 2051 his.
536 2019 572 2054 (η)
587 2020 632 2055 qui
650 2018 820 2055 prtevaricati
834 2025 898 2047 sunt
914 2020 940 2047 in
954 2028 1009 2047 scr-

221 2072 316 2093 moues
330 2070 392 2093 lllOS
409 2073 416 2092 ζ
434 2073 595 2093 consumma
610 2073 667 2093 εοε.
688 2064 720 2092 Εἰ
740 2065 792 2093 erit
805 2066 917 2093 VOI‘DUIII
931 2071 1006 2093 ὶιιιιῐιι

221 2111 287 2138 mihi
303 2111 330 2137 in
345 2112 485 2146 gaudium,
512 2115 539 2138 et
561 2110 588 2138 in
606 2109 726 2138 laetitiam
745 2111 835 2138 cordis
853 2111 923 2144 mei;
944 2111 1007 2146 quia

219 2157 377 2184 invocatum
392 2162 434 2184 est
451 2164 549 2184 nomen
564 2160 639 2183 tuum
661 2163 743 2191 super
766 2164 819 2189 me,
845 2156 958 2185 Domine
972 2159 1006 2192 Χ

1061 1567 1089 1591 ct
1125 1563 1389 1591 comtniserationem
1420 1572 1426 1590 :
1463 1562 1489 1589 6.
1523 1567 1550 1589 et
1583 1563 1736 1589 morientur
1772 1569 1855 1597 gran-

1060 1608 1108 1636 des
1135 1612 1162 1635 et
1190 1608 1263 1642 parri
1291 1608 1316 1634 io
1348 1612 1418 1634 terra
1450 1607 1510 1639 hac,
1543 1613 1596 1633 non
1628 1605 1798 1641 sepelientur
1825 1607 1855 1640 ζ,

1061 1661 1149 1689 neque
1178 1654 1305 1688 plangent
1337 1661 1418 1688 super
1448 1654 1499 1685 eis,
1534 1659 1622 1687 neque
1651 1652 1752 1679 facient
1788 1653 1857 1679 inci-

1061 1706 1160 1730 suras,
1189 1706 1277 1734 nequc
1311 1700 1347 1734 (ε)
1379 1698 1492 1730 radent,
1521 1700 1555 1732 )t(
1592 1705 1681 1732 neque
1712 1699 1856 1725 delielmut

1059 1751 1118 1777 eos,
1140 1751 1193 1771 non
1224 1743 1390 1778 sepelientur
1407 1743 1436 1776 ζ,
1454 1743 1481 1770 7.
1501 1750 1588 1777 neque
1611 1743 1752 1777 frangetur
1774 1744 1858 1777 patris

1060 1789 1087 1817 in
1115 1788 1189 1816 luctu
1210 1796 1304 1816 eorum
1326 1790 1352 1816 in
1377 1789 1592 1816 consolationem
1615 1795 1697 1823 super
1719 1794 1854 1816 mortuo:

1060 1842 1113 1862 non
1132 1834 1263 1869 potabunt
1280 1842 1342 1861 cum
1360 1835 1444 1862 calice
1461 1835 1660 1862 consolationis
1676 1842 1759 1869 super
1774 1840 1856 1870 patre

1059 1881 1129 1916 ejus,
1145 1885 1172 1907 et
1190 1884 1277 1908 matre
1292 1881 1361 1915 ejus.
1380 1881 1406 1907 8.
1424 1881 1452 1908 In
1469 1881 1580 1908 domum
1596 1880 1715 1908 comivii
1734 1888 1791 1907 non
1810 1881 1855 1907 in-

1060 1926 1204 1962 gredieris,
1217 1930 1246 1952 ιιι
1261 1927 1357 1953 sedeas
1371 1934 1432 1953 cum
1449 1927 1491 1953 eis
1509 1926 1541 1953 ad
1560 1926 1706 1958 edendum,
1720 1931 1747 1953 et
1762 1926 1799 1953 ad
1818 1926 1857 1953 bi-

1059 1973 1188 2000 bendum.
1206 1972 1232 1999 9.
1250 1972 1318 2005 Quia
1338 1972 1394 1999 haec
1408 1972 1471 1999 dicit
1490 1972 1620 1999 Dominus
1633 1973 1766 1999 virtutum
1781 1972 1857 2000 Deus

1059 2017 1167 2046 lsraelis
1185 2027 1190 2045 :
1207 2016 1274 2045 Erce
1284 2025 1334 2053 ego
1351 2018 1455 2045 irritam
1475 2018 1546 2045 facio
1560 2018 1668 2046 deloco
1684 2019 1737 2045 hoc
1753 2026 1856 2046 coram

1059 2065 1146 2092 mulis
1161 2063 1270 2096 vestris,
1293 2068 1321 2091 et
1337 2064 1364 2090 in
1379 2064 1476 2091 diebus
1496 2065 1604 2097 vestris,
1630 2071 1724 2092 vocem
1741 2066 1856 2099 gaudii,

1058 2114 1084 2137 et
1097 2117 1189 2136 vocem
1208 2109 1314 2142 iustitiae,
1337 2116 1431 2136 vocem
1453 2109 1559 2144 sponsi,
1575 2114 1602 2136 et
1617 2116 1711 2136 vocent
1725 2117 1856 2144 sponsae.

1060 2156 1101 2183 l0.
1123 2155 1153 2182 Et
1168 2156 1230 2187 erit,
1246 2155 1355 2190 quando
1372 2156 1577 2182 annuntiaveris
1590 2155 1690 2190 populo
1704 2155 1774 2183 huic
1790 2163 1858 2182 om-

220 2202 317 2238 Deus:
336 2202 517 2237 omnipotens.
535 2203 578 2229 i7.
596 2201 654 2229 Non
677 2203 733 2230 sedi
759 2203 785 2230 iu
807 2210 938 2231 consessu
956 2210 1004 2230 eo-
1024 2192 1045 2219 D
1059 2203 1102 2228 nia
1125 2201 1206 2228 verba
1229 2201 1295 2233 haec,
1322 2204 1350 2227 et
1378 2201 1494 2228 dixerint
1510 2201 1543 2227 ad
1560 2205 1608 2228 te:
1627 2200 1718 2233 Quare
1737 2201 1860 2228 locutus

219 2255 290 2282 rum,
307 2255 368 2276 cum
382 2247 487 2281 ludunt,
502 2248 548 2276 sed
561 2248 596 2283 (γ)
606 2247 703 2275 erubui
722 2255 736 2274 a
746 2247 818 2275 facie
829 2255 928 2276 manus
938 2254 1000 2276 tuae.

253 2328 292 2370 (ιι)
310 2335 355 2367 Α..
374 2336 400 2362 in
416 2336 617 2363 et‘lbrationem.
637 2334 677 2367 8.,
697 2335 722 2362 in
746 2342 829 2362 unum
842 2335 967 2369 (errorem
982 2321 1024 2361 Ilii:
1040 2334 1183 2369 suspicor).

1056 2251 1099 2274 est
1117 2246 1247 2273 Dominus
1262 2254 1343 2280 super
1365 2252 1415 2273 nos
1435 2246 1527 2272 omnia
1550 2245 1620 2272 maia
1644 2253 1744 2279 magum
1771 2245 1859 2272 haec?

1236 2334 1272 2368 (b)
1293 2334 1337 2365 Α.,
1353 2334 1441 2361 lassus
1457 2341 1517 2360 sum
1538 2335 1755 2362 consolationem
1777 2338 1860 2363 acri-

218 2369 292 2409 pere.
311 2371 512 2409 Etntiispergatn
525 2378 582 2409 eos.
600 2370 642 2409 S_._.
659 2371 748 2409 Lassus
759 2378 819 2397 sum
835 2378 868 2397 eo
879 2371 949 2409 quod
957 2371 1104 2409 transfero.
1143 2371 1179 2405 (c)
1187 2369 1219 2396 Et
1236 2370 1388 2409 dispergam
1402 2377 1449 2396 eos
1460 2369 1647 2409 inflesertum.
1687 2372 1727 2409 td)
1739 2370 1857 2409 Tert'n'.

218 2404 254 2442 (ε)
276 2407 320 2436 Α..
342 2405 415 2442 S.,__a
436 2407 487 2442 viis
503 2406 569 2442 suis.
608 2406 641 2440 (Ι)
655 2404 696 2435 S.,
714 2410 875 2442 vastatores.

219 2439 345 2468 utilitate.
385 2440 421 2475 (k)
439 2439 497 2467 Non
517 2440 659 2472 ftBneravi,
676 2448 725 2467 nee
741 2441 909 2467 l'renerarunt
925 2441 1000 2466 mihi.

219 2485 271 2504 neu
298 2477 319 2503 si
337 2474 475 2503 residuum
494 2480 570 2502 tuum
584 2481 642 2503 erat
668 2475 733 2501 mihi
752 2475 778 2501 in
800 2475 910 2506 boumu,
928 2476 950 2502 si
967 2483 1020 2502 non
1037 2476 1145 2502 occurri
1165 2474 1211 2501 tibi
1227 2475 1253 2500 in
1271 2479 1389 2508 tetnpore
1405 2475 1550 2501 maiorum.

808 2510 845 2545 (0)
867 2511 910 2540 A..
930 2510 1029 2545 ferrum
1047 2510 1119 2537 ferro
1130 2511 1164 2536 ab
1175 2509 1311 2544 aquilone,
1326 2513 1353 2535 et
1370 2510 1427 2536 aes?
1442 2509 1535 2537 Robur
1551 2515 1637 2542 tuum,
1653 2516 1680 2538 et
1695 2509 1860 2539 thesauros

217 2511 430 2539 eoi-soriabitur.
446 2510 488 2543 8.,
503 2510 633 2545 numquid
653 2510 768 2536 nocebit.

928 2405 964 2439 (g)
985 2405 1026 2437 S.,
1043 2403 1181 2432 civitatem
1197 2410 1224 2431 et
1242 2403 1440 2431 festinationes.

1051 2440 1082 2473 (Ι)
1103 2439 1224 2472 Quisque
1243 2439 1377 2466 maledicit
1396 2439 1474 2470 mibi,
1488 2440 1553 2466 dicit
1570 2439 1712 2468 Dotttinus.

1479 2404 1653 2440 (II)A..litis.
1693 2406 1860 2440 (i,A.,sine

1754 2444 1764 2474 (
1770 2447 1812 2475 ιιι)
1828 2443 1858 2469 Si

1590 2480 1630 2509 (ιι)
1650 2477 1694 2505 Α..
1709 2478 1858 2511 ttttlnquid

217 2552 279 2574 tuos
293 2547 319 2573 iu
334 2546 511 2580 dit-cptionem
527 2543 608 2577 dabo,
626 2552 678 2572 non
696 2545 723 2571 in
742 2543 968 2572 commutatione.
990 2543 1032 2576 S.,
1050 2547 1150 2572 ierrmn
1168 2543 1240 2571 ferro
1253 2545 1286 2570 ab
1304 2545 1442 2577 aquilone,
1467 2550 1493 2570 et
1517 2546 1572 2572 a-s?
1590 2545 1684 2572 Robur
1709 2551 1809 2578 tuum.
1830 2554 1860 2574 εἰ

217 2583 362 2609 thesauros
377 2584 440 2608 tuos
455 2581 481 2608 iu
499 2582 615 2616 praedam
632 2580 703 2607 dabo
723 2586 771 2614 pro
789 2580 882 2607 nihilo.

934 2581 972 2614 (ρ)
993 2581 1036 2612 Αη

1055 2580 1097 2612 8.,
1114 2580 1156 2606 fac
1173 2579 1249 2606 nobis
1267 2580 1422 2606 vindictam.
1461 2581 1498 2614 (ty)
1519 2582 1562 2612 Α..
1579 2581 1680 2608 inventi
1701 2587 1773 2609 sunt
1793 2591 1860 2610 scr-

218 2624 313 2644 tnories
326 2617 376 2647 tui,
391 2621 417 2643 et
432 2614 536 2643 comedi
549 2623 606 2648 eos,
620 2621 646 2643 et
661 2616 761 2642 factum
774 2621 817 2642 est
831 2615 941 2642 verbum
956 2620 1032 2642 tuum
1050 2616 1114 2642 nnhi
1132 2616 1158 2642 in
1178 2615 1317 2649 gaudium.
1335 2614 1376 2646 S.,
1393 2614 1492 2641 inventi
1510 2615 1619 2642 fuerunt
1641 2624 1796 2645 sermoqu
1815 2618 1858 2645 tui

217 2652 377 2678 alimentum
394 2652 470 2683 mihi,
487 2656 514 2678 et
531 2651 632 2678 factum
645 2656 687 2678 est
707 2650 818 2678 verbum
834 2655 909 2677 tuuttt
925 2651 990 2676 Inibi
1009 2650 1035 2676 in
1048 2651 1188 2684 gaudium.

890 2685 925 2718 (δ)
945 2685 1012 2717 A.,.‘

1070 2686 1178 2712 robore.
1217 2685 1250 2718 (ι)
1271 2683 1312 2714 S.,
1328 2691 1414 2718 quare
1436 2683 1486 2711 fuit
1508 2685 1585 2712 dolor
1600 2693 1678 2714 meus
1694 2693 1858 2717 constans.

217 2686 259 2718 S.,
271 2691 297 2714 et
316 2688 421 2714 iactatus
436 2694 496 2713 sum
511 2692 622 2722 propter
638 2689 747 2713 manum
765 2690 851 2712 tuam.

216 2727 243 2756 et
256 2722 333 2756 plaga
350 2729 409 2748 mea
425 2721 483 2749 sine
503 2719 655 2752 curatione,
675 2728 729 2748 non
755 2727 835 2756 passa
853 2725 896 2747 est
909 2726 1015 2747 moram
1033 2719 1070 2756 ad
1085 2720 1272 2756 accipiendum
1286 2719 1464 2756 curationem.

960 2755 998 2790 (y)
1021 2755 1065 2787 Α..
1081 2754 1122 2787 8.,
1138 2760 1165 2781 et
1176 2754 1277 2781 factum
1293 2758 1334 2781 est
1351 2754 1462 2781 verbum
1478 2754 1584 2782 Domini
1605 2758 1638 2783 ad
1657 2765 1711 2787 me.
1732 2758 1856 2785 dicens.

216 2789 256 2826 (ξ)
274 2791 319 2820 Α..
333 2790 578 2822 Tlt.,auimaliims.
615 2789 652 2826 (ἐι)
685 2789 944 2826 Iie!iqui,quotiiam
963 2791 1028 2817 lucc.

216 2754 288 2791 5.,a
303 2754 427 2791 mendico
446 2758 588 2785 obscwuo.
626 2757 665 2791 (cr)
683 2756 727 2787 Α..
746 2754 909 2791 validorum.

216 2824 276 2853 titio
300 2829 390 2853 textus
406 2827 519 2861 Syriaci.
536 2824 647 2854 Daacnj
677 2827 701 2861 θ)
721 2827 764 2859 Α.,
782 2825 943 2860 giabrahuut
954 2833 992 2852 se.

1227 2650 1262 2683 (ν)
1285 2650 1326 2680 Αιι
1344 2654 1371 2676 et
1387 2650 1524 2683 superbivi
1540 2658 1554 2676 a
1572 2652 1641 2677 fat-ie
1658 2659 1763 2679 manus
1784 2658 1858 2680 mai.

1503 2721 1542 2753 (κ)
1562 2720 1607 2753 Α.,
1634 2723 1669 2748 ιώ
1691 2723 1856 2750 obsunt-0.

1069 2791 1106 2824 (b)
1128 2791 1172 2822 .4.,
1190 2790 1223 2817 ad
1240 2790 1349 2817 domum
1369 2790 1533 2824 epulationis
1550 2797 1658 2819 eorum.
1698 2795 1733 2827 Γ)
1754 2791 1861 2828 Rape.
