1919 3077
107 116 169 145 2329

716 109 874 139 ,ΙΕΒΕΜΗΕ
893 109 1009 138 CAPUT
1030 109 1111 138 XVII.

1659 108 1729 138 2550

107 174 163 206 Quae
180 172 308 208 iniquitas
328 176 434 204 nostra.
447 171 563 206 etquod
585 175 725 205 peceatum
751 174 885 199 nostrum.
903 172 925 199 Α
941 173 1051 204 peccata
1068 172 1113 194 tua
1132 168 1159 194 in
1181 167 1310 195 omnibus
1329 168 1428 195 finibus
1453 169 1516 195 tuis.
1535 169 1560 195 4.
1586 169 1619 196 Et
1645 170 1728 197 relin-

108 220 170 254 quod
185 219 358 254 peccavimus
370 226 463 246 coram
476 217 592 244 Domino
607 216 661 243 Deo
674 215 787 243 nostro?
804 216 845 242 il.
858 214 890 241 Et

107 266 172 293 dices
186 266 219 299 γε
235 265 267 292 ad
287 272 335 292 eos
351 265 362 298 ζ
382 273 389 292 :
406 264 460 291 Pro
474 269 506 291 eo
525 263 597 298 quod
620 263 822 296 dereliquerunl
843 269 889 296 pa-

109 315 155 340 tres
170 310 250 337 vestri
269 317 321 342 me,
338 309 406 337 dicit
417 309 562 342 Dominus,
575 313 601 336 cl
614 309 740 336 abierunt
753 313 813 342 post
824 308 889 335 deos

107 357 212 387 alienos,
227 361 254 383 et
271 357 416 384 coluerunt
432 356 572 383 servitium
595 355 645 387 cis,
666 361 693 382 ct
708 355 889 382 adoravcrunt

107 411 157 434 cos,
173 407 200 430 et
217 411 260 430 tne
276 403 492 438 dereliqueruut,
511 407 537 429 et
553 402 638 436 legem
657 409 743 428 nteant
769 409 822 427 non
838 407 888 427 eu-

106 448 269 475 stodivcrunt
286 457 293 476 :
317 448 360 476 l2.
376 453 403 475 et
417 454 464 475 vos
485 449 554 475 tnale
578 448 671 482 egistis
687 447 720 480 >2<
736 447 768 473 ad
785 445 887 473 facien-

106 494 161 521 dum
180 494 192 527 ζ
213 495 274 528 plus
292 501 373 528 quam
391 499 483 528 patres
499 494 593 521 vestri.
607 493 638 520 Et
654 500 718 520 ecce
732 500 779 520 vos
795 493 888 519 ambu-

106 540 161 567 latis
183 540 374 574 unusquisque
389 546 451 574 post
468 541 506 575 (Δ)
522 548 564 572 ea,
591 547 653 574 quin
681 539 788 573 placent
812 539 886 566 cordi

105 591 188 613 vestro
203 586 286 618 malo,
304 591 333 613 ut
357 594 390 613 ne
405 579 540 621 obediatis
556 585 633 612 mihi.
649 585 692 611 15.
712 585 744 612 Et
759 585 885 619 ubjiciatn

106 637 148 657 \os
162 637 194 657 ex
209 636 280 657 terra
297 631 348 658 hac
363 630 389 657 in
404 636 516 662 terram,
530 638 612 665 quarti
626 638 679 656 non
695 629 810 657 novistis
826 637 884 661 vos,

104 681 127 703 et
139 682 226 710 patres
243 677 336 707 vestri,
352 681 378 703 et
393 677 487 703 coletis
502 676 642 703 servitium
661 676 696 702 ibi
714 675 766 702 diis
778 675 838 702 aliis
853 677 886 710 >ε<

103 722 142 749 die
154 727 179 749 et
190 727 270 749 nocte
283 722 293 755 ζ
307 742 313 753 ,
330 722 365 756 (ε)
380 722 427 756 qui
448 729 501 748 non
518 721 621 748 dabunt
639 721 715 747 vobis
731 721 886 747 miscricor—

103 768 180 794 diatn.
198 768 241 794 14.
260 767 375 801 Propter
385 768 435 794 hoc
450 772 513 794 ecce
530 768 588 794 dies
608 767 732 797 veniunt,
750 766 816 793 dicit
832 766 884 793 Do-

103 812 188 839 minus
205 821 211 838 :
230 817 257 839 et
274 820 327 839 non
343 812 434 839 dicent
449 811 578 846 amplius,
597 810 663 837 vivit
678 809 820 841 Dominus,
837 809 884 843 qui

102 858 190 884 eduxit
204 858 274 884 iilios
289 856 397 884 lsraelis
407 865 439 884 ex
457 861 526 883 terra
544 855 669 891 Egypti;
687 855 730 881 iii.
755 855 802 882 sed
821 855 886 882 vivit

103 903 240 935 Domintts,
255 903 301 938 qui
316 903 407 930 eduxit
425 904 459 936 χ(
477 906 504 929 et
521 902 594 928 ducit
614 901 625 935 ζ
644 902 712 928 ﬁlios
731 901 839 928 lsraclis
853 909 884 928 ex

101 954 169 976 terra
185 949 332 984 aquilonis,
347 952 373 975 et
388 957 420 975 ex
437 948 565 975 omnibus
578 948 746 982 regionibus,
764 955 820 981 quo
834 953 887 974 ‘cx-

100 995 167 1030 pulsi
183 999 246 1022 sunt
261 995 307 1021 ibi.
326 994 356 1021 Et
370 999 490 1021 revertar
507 999 579 1021 stare
591 993 687 1020 faciam
703 1001 750 1020 eos
765 993 791 1020 in
813 997 885 1020 terra

100 1049 158 1074 sua,
174 1049 255 1076 quam
270 1041 330 1068 dedi
343 1041 465 1075 patribus
476 1048 582 1067 eorum.
603 1039 644 1067 l6.
661 1039 734 1067 Ecce
743 1047 794 1074 ego
808 1039 886 1067 mitto

100 1087 247 1122 piscatores
272 1087 385 1119 multos,
401 1087 467 1114 dicit
488 1086 631 1118 Dominus,
656 1090 682 1113 ct
707 1086 886 1120 piscabuntur

99 1141 155 1166 eos,
176 1138 203 1161 et
219 1137 280 1168 post
298 1133 354 1160 huic
368 1133 474 1160 mittam
489 1138 632 1159 venatores
645 1133 756 1163 multos,
768 1137 795 1158 et
808 1139 885 1158 vena-

99 1179 200 1206 bunlur
222 1186 270 1206 eos
295 1178 413 1212 desuper
436 1177 509 1204 onmi
533 1177 564 1211 (‘)
585 1181 687 1209 monte,
709 1182 737 1203 et
768 1177 885 1210 desuper

96 1224 170 1251 omni
193 1224 272 1257 colle,
295 1228 322 1250 et
347 1223 380 1250 de
407 1222 532 1250 cavernis
557 1226 694 1256 petrarqu
724 1231 730 1249 ε
753 1222 795 1248 l7.
820 1222 883 1256 quia

96 1271 168 1297 oculi
192 1270 245 1296 mei
271 1275 354 1304 super
378 1276 474 1296 omnes
504 1269 561 1295 vias
587 1275 692 1300 eorum,
720 1269 753 1302 )t(
786 1269 830 1294 ubi
855 1275 883 1295 se

96 1315 326 1343 abscondiderunt
339 1322 354 1341 a
367 1314 436 1341 facie
448 1322 507 1341 mea
521 1315 544 1348 ζ,
560 1318 586 1341 et
597 1321 650 1340 non
667 1318 730 1340 sntit
741 1312 884 1340 abscondi-

97 1365 130 1388 tae
155 1360 311 1394 iniquitates
331 1367 427 1387 eorum
445 1360 479 1386 ab
493 1364 556 1386 ante
570 1360 665 1386 oculos
686 1364 771 1386 meos.
791 1359 832 1385 l8.
849 1356 884 1385 Et

94 1407 246 1434 retribuam
276 1407 393 1440 primum
410 1405 533 1440 duplices
548 1405 698 1440 injustitias
722 1412 830 1436 eorum,
857 1411 884 1431 et

94 1457 204 1488 peccata
240 1460 356 1485 eorum,
390 1451 417 1479 in
451 1452 563 1487 quibus'
588 1452 746 1486 polluerunt
782 1456 882 1478 terram

96 1507 184 1526 meam
210 1500 236 1526 in
263 1499 443 1526 cadaveribus
464 1498 699 1526 abominationum
718 1505 841 1531 suarum,
857 1503 883 1524 et
897 1505 918 1533 α
935 1506 1067 1534 aquarum

94 1545 129 1581 (ί)
160 1547 185 1572 in
213 1545 406 1580 iniquitatibus
434 1545 502 1576 suis,
527 1545 554 1571 in
578 1544 678 1579 quibus
703 1544 884 1579 impleverunt

94 1592 280 1619 litereditateut
313 1598 412 1618 meam.
443 1591 488 1617 i9.
514 1590 640 1621 Domine,
665 1590 749 1616 robur
781 1597 882 1621 meum.

94 1637 134 1672 (9)
159 1641 186 1664 et
211 1637 343 1664 auxilium
367 1644 470 1670 meum,
493 1640 519 1663 et
542 1636 676 1670 refugium
696 1644 784 1662 incum
800 1636 826 1662 in
842 1636 885 1663 die

94 1684 242 1715 malorum,
270 1683 303 1710 ad
326 1688 351 1710 te
369 1688 462 1718 genitus
482 1683 590 1709 νειιίι-ιιι
607 1683 642 1708 ab
657 1686 780 1709 extremo
796 1687 883 1715 terrae,

92 1733 121 1756 et
135 1729 236 1761 dicent,
253 1729 326 1763 quod
343 1729 414 1756 idola
433 1726 501 1755 falsa
523 1729 703 1763 possederunt
727 1734 817 1763 patres
835 1737 885 1754 nn-

92 1775 157 1808 stri,
172 1779 199 1802 ct
218 1782 271 1801 non
287 1779 328 1802 est
349 1774 375 1801 in
398 1774 437 1801 eis
454 1774 567 1801 utilitas.
598 1774 642 1800 20.
671 1774 699 1800 Si
725 1774 806 1800 faciet
832 1774 884 1801 sibi

92 1820 178 1847 homo
192 1820 267 1851 deos,
281 1823 308 1846 ct
321 1819 370 1854 ipsi
386 1827 439 1846 non
456 1824 520 1846 sunt
537 1818 600 1845 Dii?
618 1819 663 1846 2L
691 1819 804 1854 Pr0ptcr
833 1819 885 1847 huc

91 1874 159 1894 ecce
174 1873 225 1900 ego
237 1865 379 1892 ostendam
394 1866 434 1892 eis
449 1866 486 1900 (Ιι)
506 1865 533 1892 in
557 1870 678 1899 tempore
700 1866 750 1891 hoc
773 1870 883 1891 manum

91 1918 196 1941 meam,
211 1913 238 1936 et
253 1910 336 1936 robur
353 1916 441 1936 meum
454 1914 548 1936 notum
568 1908 667 1935 faciam
680 1909 730 1940 eis,
746 1913 773 1936 et
785 1910 882 1942 scient,

89 1956 168 1991 quod
183 1961 281 1982 nomen
294 1955 359 1982 mihi
375 1955 515 1982 Dominus.

128 2001 197 2035 Cap.
210 1999 292 2027 XVII.
306 2015 342 2020 —
352 2000 376 2026 i.
397 2001 430 2034 Χ
443 1999 585 2027 Peccatum
601 1999 677 2026 Jntiae
698 2000 829 2033 scriptum
844 2004 886 2027 est

90 2048 125 2083 (ξ)
148 2048 175 2074 itt
190 2046 263 2073 ferro
276 2047 302 2073 in
316 2046 421 2081 ouycha
434 2045 621 2078 adamantina,
639 2045 773 2079 sculptum
790 2044 824 2080 (Ιί)
836 2050 884 2072 su—

89 2100 142 2128 per
158 2097 269 2126 pectore
283 2091 375 2118 cordis
389 2099 495 2123 eorum,
522 2095 548 2117 et
567 2098 649 2125 super
672 2090 803 2117 cornibus
818 2089 885 2116 alta-

91 2140 167 2166 rium
180 2146 289 2165 eorum.
304 2138 331 2164 2.
349 2138 416 2165 Cum
436 2137 571 2165 recordati
595 2137 699 2164 fuerint
720 2137 768 2163 tilii
788 2143 882 2163 eorum

88 2186 222 2213 altarium
251 2192 376 2216 suorum,
390 2189 417 2211 et.
433 2184 628 2219 plumariorum
651 2190 775 2214 suorum,
802 2189 883 2216 super

88 2233 184 2266 ligno.
196 2231 338 2263 frondosa,
368 2235 395 2258 et.
421 2237 502 2264 super
524 2230 640 2256 collibus
660 2230 785 2256 excelsis.
807 2228 832 2255 '5.
851 2228 884 2255 Et

88 2284 204 2306 montes
221 2279 247 2304 in
266 2285 342 2312 agro,
362 2277 446 2304 robur
470 2281 556 2309 tuum,
573 2281 599 2303 et
622 2284 718 2302 otttttes
739 2276 884 2302 thesauros

87 2331 159 2353 tuos
180 2325 208 2352 in
225 2325 404 2359 direptionem
421 2324 504 2356 dabo,
529 2329 555 2350 et
578 2323 683 2350 excelsa
707 2328 752 2350 tua
773 2327 884 2357 propter

128 2479 172 2515 (αι
194 2478 239 2512 Α.,
255 2479 458 2514 perversitatem
473 2477 561 2506 cordis
573 2477 626 2506 sui.

666 2477 700 2512 (ε)
722 2476 766 2509 A.,
780 2477 825 2504 ubi
842 2483 896 2503 non
911 2477 982 2504 dabo
993 2475 1071 2504 vobis
1087 2477 1182 2511 gratis.

941 215 1033 248 qtteris
1050 214 1093 248 (Ι),
1111 219 1137 241 et
1152 213 1314 248 dcprimeris
1341 215 1375 241 ab
1392 215 1548 242 haereditate
1571 220 1626 247 tua,
1644 222 1727 251 quam

940 261 1002 288 dedi
1021 261 1078 291 tibi,
1107 260 1154 295 (ιιι)
1174 265 1201 287 et
1226 260 1372 287 ascendere
1390 259 1488 287 faciam
1509 264 1535 287 te
1558 260 1583 287 in
1608 261 1728 289 inimicis

941 307 996 333 tuis
1015 307 1041 334 in
1065 310 1148 339 terra,
1167 313 1249 341 quant
1269 313 1321 332 non
1336 306 1407 333 nosti
1425 315 1431 333 :
1449 307 1513 340 quia
1539 307 1609 341 ignis
1633 313 1728 334 ascen-

940 359 987 379 sus
1014 352 1040 378 in
1071 351 1165 379 furore
1193 359 1265 383 meo,
1287 358 1373 385 usque
1389 352 1415 378 iu
1432 352 1560 379 saeculum
1581 352 1686 380 ardebit
1702 353 1726 387 ξ.

940 398 968 425 5.
986 398 1050 425 Ηωο
1069 398 1136 426 dicit
1148 398 1280 425 Dominus
1295 405 1302 424 :
1319 397 1478 425 Maleilictus
1494 398 1585 430 homo.
1605 398 1648 426 cui
1665 404 1728 433 spes

939 450 980 472 est
993 452 1076 479 super
1088 444 1237 475 hominem,
1257 445 1295 478 (ιι)
1311 448 1338 470 et
1356 444 1475 471 ﬁrmabit
1492 450 1603 471 carnem
1620 445 1727 472 brachii

939 490 992 521 sui,
1011 494 1036 517 et
1051 498 1065 516 a
1083 490 1198 517 Domino
1215 490 1336 517 discedet
1349 496 1397 517 cor
1409 490 1478 524 ejus.
1505 490 1530 517 ϐ.
1562 490 1594 518 Et
1623 491 1675 518 erit
1697 495 1727 517 ut

938 536 1041 570 myrica
1054 536 1169 570 agrestis
1186 537 1223 570 (ο)
1241 536 1266 562 ἰιι
1285 536 1403 569 deserto,
1425 542 1520 564 etnon
1537 537 1648 569 videbil,
1664 544 1726 564 eutn

937 581 1048 608 venient
1064 583 1133 608 bona
1150 587 1195 609 :et
1207 582 1340 609 habitabit
1352 582 1390 618 (ρ)
1405 583 1474 609 ittter
1489 583 1587 610 herbas
1600 584 1686 610 salsas
1699 584 1725 609 in

937 628 1045 655 deserto
1061 631 1138 656 terra:
1156 629 1246 660 salsae,
1262 630 1334 664 quod
1357 636 1412 656 non
1426 628 1575 657 habitatur.
1595 630 1618 657 7.
1636 629 1669 658 Et
1684 630 1728 657 be-

938 675 1062 702 nedictus
1081 675 1173 706 homo,
1188 675 1234 709 qui
1253 676 1366 703 conlidit
1379 682 1460 711 super
1479 675 1606 707 Domino,
1632 679 1658 703 et
1674 676 1727 703 erit

938 721 1071 748 Dominus
1084 729 1146 756 spes
1162 722 1232 757 ejus.
1249 722 1277 749 8.
1294 722 1325 749 Et
1349 723 1400 749 erit
1416 726 1445 750 ut
1462 723 1563 758 lignum
1581 722 1618 758 (ιΙ)
1637 722 1726 750 fertile

936 772 1122 801 supcraquas,
1134 772 1158 794 et
1170 774 1249 802 super
1263 768 1407 795 lmmorem
1421 768 1510 795 mittet
1524 767 1630 795 radices
1641 775 1705 795 suas
1717 778 1724 796 :

937 815 964 837 ct
978 818 1032 838 non
1051 812 1168 843 timebit,
1184 819 1245 839 cum
1266 812 1372 839 venerit
1386 814 1479 845 aaslus,
1496 815 1524 839 et
1542 815 1623 839 erunt
1643 813 1669 839 in
1692 820 1726 839 eo

937 855 1006 883 rami
1019 857 1141 884 umbrosi
1159 857 1185 884 in
1207 865 1290 890 anno,
1306 858 1352 892 qui
1369 859 1428 884 sine
1444 858 1545 892 pluvia,
1571 865 1624 884 non
1643 857 1725 885 time»-

938 902 986 934 bit,
1002 907 1029 930 ct
1044 910 1097 930 non
1116 903 1236 930 cess-bit
1249 903 1352 931 faciens
1368 904 1484 932 fructus.
1502 905 1529 932 9.
1547 903 1582 939 (r)
1604 905 1639 940 (al
1660 902 1726 931 Pro-

938 946 1052 974 fundum
1065 956 1112 975 cor
1125 949 1185 984 plus
1200 957 1282 984 quam
1305 950 1397 977 nantia
1422 959 1429 976 :
1446 954 1473 977 et
1486 950 1517 985 (ι)
1536 950 1618 977 ltomo
1634 955 1685 983 est,
1699 955 1726 977 et

936 994 999 1028 quis
1016 1000 1164 1028 cognoscet
1187 996 1267 1021 eunt?
1285 995 1328 1022 10.
1350 995 1407 1030 Ego
1430 994 1562 1022 Dominus
1576 995 1724 1030 (u)nume—

936 1044 1001 1064 rans
1012 1038 1105 1070 corda,
1121 1042 1147 1065 et
1160 1039 1278 1073 probans
1292 1046 1383 1071 rencs,
1396 1040 1428 1067 ad
1444 1040 1564 1067 dandum
1578 1040 1726 1074 unicuique

936 1085 1088 1111 secundum
1107 1085 1166 1112 vias
1192 1085 1264 1120 ejus.
1287 1089 1314 1112 et
1330 1086 1481 1113 secundum
1500 1085 1607 1113 fruetus
1620 1086 1725 1112 studio-

936 1138 996 1157 rum
1011 1131 1082 1164 ejus.
1099 1131 1142 1158 Η.
1158 1130 1237 1158 Dedit
1257 1137 1351 1158 vocem
1369 1131 1473 1165 perdix,
1486 1132 1526 1166 (ω)
1540 1131 1724 1166 congregavit,

935 1184 997 1211 qua:
1010 1184 1064 1203 non
1082 1177 1197 1211 peperit,
1210 1176 1316 1204 iaciens
1329 1177 1439 1204 divitias
1452 1183 1516 1204 suas
1526 1183 1588 1204 cum
1600 1177 1723 1211 judicio:

936 1223 963 1250 in
984 1223 1098 1249 dimidio
1121 1223 1227 1249 dierum
1248 1223 1308 1257 ejus
1324 1223 1478 1257 relinquent
1500 1230 1575 1254 eum.
1592 1226 1618 1249 et
1633 1223 1660 1249 in
1674 1228 1723 1250 ex-

936 1273 1021 1295 tremo
1033 1276 1082 1294 suo
1093 1268 1145 1295 erit
1156 1269 1194 1303 (ιι)
1210 1269 1318 1296 stultus.
1343 1268 1386 1295 i2.
1405 1268 1508 1295 Solium
1526 1269 1620 1303 glorim
1635 1268 1724 1295 eleva-

936 1319 993 1342 tutn
1009 1316 1042 1348 »ζ
1059 1322 1073 1341 a
1093 1315 1235 1349 principio,
1263 1314 1367 1348 locus:
1388 1315 1536 1342 sanctuarii
1557 1315 1655 1348 nostri,
1678 1314 1724 1342 i3.

934 1361 1100 1394 exspectatio
1129 1359 1246 1392 ist-aclis,
1274 1360 1406 1392 Domine,
1430 1368 1534 1391 omnes,
1564 1360 1610 1395 qui
1628 1361 1725 1388 dereli-

935 1405 1044 1439 querint
1067 1409 1102 1436 te,
1128 1406 1290 1433 erubescent
1305 1414 1312 1432 :
1329 1407 1365 1439 (π.)
1382 1406 1429 1440 qui
1453 1406 1625 1439 recesserint,
1643 1414 1725 1441 super

937 1458 1006 1480 terra
1020 1454 1190 1487 scribentur;
1205 1454 1268 1488 quia
1289 1453 1491 1488 dct'eliquerunt
1516 1452 1553 1489 (ιι)
1570 1453 1672 1480 fontem
1691 1454 1724 1487 »ζ

1093 1500 1104 1533 ζ
1126 1500 1287 1532 viventium,
1316 1499 1471 1526 Dominum.
1498 1499 1541 1526 Ην.
1572 1499 1644 1526 Sana
1670 1506 1724 1531 me,

937 1545 1062 1576 Domine,
1079 1549 1106 1572 et
1121 1545 1239 1572 sanabor
1264 1553 1270 1570 :
1290 1545 1365 1571 salva
1383 1552 1436 1578 me,
1452 1549 1479 1572 et
1491 1545 1618 1571 salvabor
1635 1554 1641 1572 :
1660 1545 1724 1580 quia

937 1591 974 1626 (ιι)
990 1591 1115 1625 gloriatio
1136 1598 1194 1618 mea
1211 1597 1251 1618 es.
1273 1590 1315 1617 lii.
1343 1591 1411 1618 Ecce
1433 1591 1483 1625 ipsi
1497 1590 1591 1618 dicunt
1605 1591 1638 1618 ad
1653 1598 1695 1618 me
1716 1600 1723 1618 :

937 1636 987 1664 Ubi
1002 1640 1044 1664 est
1063 1637 1175 1663 verbum
1194 1637 1311 1669 Domini,
1329 1637 1418 1665 veniat
1433 1637 1466 1671 »ζ
1484 1643 1557 1664 nunc
1572 1636 1595 1670 ζ.
1611 1636 1655 1663 16.
1669 1635 1725 1671 Ego

936 1688 1025 1710 autem
1044 1685 1079 1718 (ε)
1101 1692 1154 1710 non
1171 1684 1293 1711 defessus
1310 1691 1381 1715 sum,
1409 1682 1598 1710 adita-resectis
1612 1687 1673 1717 post
1689 1688 1724 1715 ιιι,

935 1729 1042 1756 etdietn
1060 1729 1178 1756 hominis
1189 1736 1242 1756 non
1259 1729 1411 1756 desideravi
1431 1732 1477 1755 :tu
1491 1729 1556 1756 scis.
1573 1729 1638 1761 Qua:
1652 1735 1725 1764 egue-

936 1775 1048 1802 diuntur
1062 1783 1109 1809 per
1128 1775 1199 1802 labia
1216 1782 1287 1806 mea,
1305 1777 1366 1802 ante
1384 1774 1481 1802 faciem
1499 1779 1573 1801 tuam
1593 1778 1666 1802 sunt.
1681 1775 1724 1803 l7.

935 1821 974 1848 Nc
989 1823 1027 1848 sis
1042 1821 1106 1848 mihi
1120 1821 1158 1856 ((Ι)
1178 1821 1205 1848 in
1221 1821 1424 1853 alienationem,
1439 1828 1500 1848 eum
1518 1821 1607 1855 parcis
1618 1822 1651 1855 Χ
1662 1826 1691 1848 ιιι
1710 1821 1722 1856 ζ

936 1868 1002 1894 mihi
1015 1867 1041 1894 in
1054 1867 1097 1895 die
1112 1868 1193 1895 malo.
1212 1867 1255 1894 18.
1272 1867 1451 1899 Erubescant,
1464 1868 1509 1902 qui
1525 1873 1724 1902 persequuntur

936 1922 989 1946 nte,
1014 1919 1041 1941 ct
1066 1921 1118 1940 non
1147 1914 1305 1941 erubescam
1323 1922 1373 1948 ego
1400 1922 1407 1940 :
1429 1919 1544 1948 paveant
1561 1913 1608 1947 illi,
1627 1919 1653 1940 et
1668 1919 1723 1940 non

936 1965 1047 1992 paveam
1064 1964 1114 1992 ego
1135 1968 1141 1985 :
1167 1958 1249 1985 induc
1272 1966 1354 1993 super
1372 1966 1420 1985 eos
1445 1959 1515 1985 diem
1535 1958 1635 1985 malum
1651 1967 1657 1985 :
1672 1958 1724 1985 fra-

936 2003 1025 2029 ctione
1042 2003 1122 2037 dupla
1145 2003 1238 2037 frange
1257 2011 1316 2030 eos.
1335 2003 1376 2030 i9.
1393 2003 1454 2030 llaec
1467 2005 1532 2030 dicit
1547 2002 1677 2032 Dominus
1689 2005 1722 2031 ad

937 2056 980 2075 tne
999 2057 1005 2075 :
1025 2048 1105 2080 Vade,
1126 2054 1153 2075 et
1172 2053 1212 2076 sta
1234 2049 1260 2075 in
1277 2049 1363 2083 portis
1386 2049 1502 2076 liliorunt
1519 2051 1609 2084 populi
1626 2051 1676 2082 tui,
1693 2051 1721 2077 in

936 2094 1036 2128 quibus
1055 2095 1243 2129 ingrediuntur
1258 2101 1289 2122 -ε-
1310 2095 1335 2121 in
1357 2095 1424 2130 eis:
1448 2103 1524 2129 reges
1540 2095 1626 2128 Judze,
1649 2100 1675 2122 ct
1694 2097 1720 2122 in

936 2140 1033 2174 quibus
1054 2140 1229 2175 egrediuntur
1249 2141 1276 2166 in
1288 2139 1339 2172 cis,
1353 2145 1380 2167 et
1396 2141 1422 2167 in
1437 2140 1563 2168 ontnibus
1578 2142 1663 2175 portis
1678 2141 1723 2169 ,ἴοι

937 2186 1054 2213 rusalem
1068 2197 1074 2214 :
1090 2185 1134 2212 20.
1149 2190 1176 2212 et
1193 2186 1267 2213 dices
1288 2185 1328 2213 eis
1348 2196 1354 2213 :
1369 2186 1468 2214 Audite
1479 2187 1588 2214 verbunt
1603 2187 1719 2220 Domini,

935 2238 1014 2265 reges
1030 2229 1116 2263 Judte,
1130 2236 1156 2257 et
1169 2231 1258 2258 on‘tuis
1272 2230 1377 2262 Judasa,
1401 2236 1428 2258 et
1442 2238 1537 2259 omnes
1551 2232 1568 2259 ii
1585 2232 1630 2267 qul
1648 2232 1726 2259 habi-

937 2282 995 2304 tant
1012 2276 1211 2308 inJerusaletn,
1226 2277 1243 2303 ii
1255 2278 1301 2312 qui
1318 2277 1504 2312 ingredientur
1524 2278 1550 2305 in
1569 2279 1654 2312 portis
1668 2279 1719 2306 hia.

936 2321 982 2348 2i.
1001 2321 1062 2349 Haec
1078 2321 1143 2349 dicit
1162 2322 1293 2350 Dominus
1311 2331 1318 2349 :
1332 2320 1473 2350 Custodite
1484 2323 1590 2350 animas
1607 2328 1722 2355 vestras,.

1222 2477 1253 2512 (‘)
1275 2477 1345 2504 Ante
1361 2483 1454 2504 vocem
1473 2482 1560 2504 monte
1581 2477 1678 2512 legitur
1696 2479 1723 2505 in

89 2531 173 2554 textu
198 2526 311 2561 Syriaco
334 2517 426 2556 κῌπι.
448 2524 524 2551 colle.
544 2524 595 2550 Sed
618 2523 770 2561 delendum
781 2523 852 2549 haud
873 2522 1040 2561 dubit_atnt_t_s.
1065 2521 1188 2561 ljot'lierg
1213 2523 1530 2561 vero_vertit,_de_sttpgr
1554 2532 1636 2561 omne
1657 2525 1724 2551 coIle

89 2567 195 2593 monte,
218 2554 276 2587 ἶιοιι
297 2554 515 2586 animadvertetis
530 2567 592 2586 mox
607 2559 693 2593 sequi.
713 2564 736 2585 et
752 2558 863 2590 desuper
880 2559 950 2593 omni
968 2557 1048 2593 rulle.»
1064 2557 1105 2584 Cf.
1126 2554 1226 2585 Tex'tus
1250 2557 1374 2593 Hebraet
1387 2554 1390 2555 ν
1401 2557 1471 2584 LXX
1485 2554 1601 2586 'Gr:ece.
1621 2559 1722 2586 Drmcu.

88 2597 128 2631 (θ’)
153 2591 200 2627 Αί,
222 2595 263 2626 8.,
289 2591 683 2631 abominationumsuarum.“
715 2594 752 2629 (g)
774 2592 818 2624 Α..
840 2593 882 2623 8.,

938 2591 1153 2631 fortitudontea'1
1205 2593 1243 2626 (It)
1263 2593 1307 2631 4.,
1323 2592 1384 2631 _Tlt.,
1400 2601 1454 2620 una
1469 2593 1527 2631 vice
1545 2594 1605 2631 hac.
1645 2595 1675 2629 (ὁ)
1694 2595 1722 2621 in

87 2626 181 2667 ξιξ-ιο.
195 2626 198 2627 ⁷
221 2630 256 2665 (k)
277 2631 328 2667 A7,,»
345 2629 388 2667 S.._
407 2637 488 2664 super
504 2629 593 2667 tabula
610 2629 701 2656 cordis
717 2626 828 2667 eorum.
865 2663 870 2667 _

938 2626 1009 2667 Sola.
1063 2626 1113 2667 (ιιι)
1128 2626 1181 2667 ,8.,1
1192 2633 1218 2654 et
1232 2628 1375 2667 subjiciam
1392 2633 1428 2667 te;
1466 2628 1584 2667 ‘(n)_.4._,
1600 2634 1626 2656 et
1643 2626 1726 2667 ptinet

86 2661 210 2694 ca'rnem
226 2661 331 2692 brachii
347 2665 400 2691 sui.
441 2661 491 2699 ’(ο)
513 2667 558 2694 Λ..
573 2665 599 2690 in
620 2672 699 2698 aequo
717 2664 784 2690 loco.
801 2663 891 2699 8.,7in
911 2662 1020 2699 Arabia.
1051 2662 1097 2699 7(p)
1117 2661 1161 2694 A.,
1177 2663 1246 2689 inter
1260 2663 1393 2699 excisum.
1408 2662 1449 2694 S.,
1465 2661 1492 2690 in
1512 2661 1650 2691 Siet-State.»
1663 2664 1723 2695 Th.,

88 2702 120 2729 in
144 2702 243 2728 foveis.
282 2700 320 2735 (q)
340 2700 384 2731 Α..
405 2699 553 2734 plantatunt
572 2707 654 2734 super
671 2707 767 2734 aquas.

88 2750 248 2784 cognoscat
261 2746 345 2784 illud?

88 2779 197 2820 νίἷιιε).
214 2818 218 2820 ἢ
235 2781 336 2820 (z)__-S.,
348 2785 375 2808 et
387 2779 518 2820 increduli
539 2779 625 2820 super
643 2786 713 2820 terra
737 2780 902 2820 scribentur.
941 2779 950 2815 (

819 2698 942 2725 rtGrave.

382 2721 384 2729 ,
405 2700 553 2734 plantatunt
572 2707 654 2734 super
671 2707 767 2734 aquas.
806 2700 942 2733 (r)Grave.
983 2700 1016 2733 (ε)
1038 2700 1082 2728 Α.,
1099 2703 1222 2724 curvum.
1262 2700 1293 2732 (ι)
1313 2700 1355 2731 5.,
1372 2700 1411 2725 \ir
1424 2703 1513 2725 autem
1529 2700 1590 2733 quis
1605 2705 1656 2730 est,
1677 2700 1724 2734 qui

382 2746 420 2780 (ιι)
441 2746 487 2775 Α..
502 2746 676 2781 investigans.
716 2746 755 2779 (ξι)
776 2745 820 2781 Α),
859 2745 1041 2781 coacervavit.
1080 2745 1117 2778 ly)
1138 2743 1192 2781 A_.,_
1205 2744 1366 2778 liquescens.
1390 2744 1456 2772 Hel).
1472 2744 1556 2773 Nabal
1576 2738 1632 2779 ('72:
1653 2747 1724 2773 desi-

983 2698 1016 2733 (s)
1038 2698 1082 2728 Α.,
1099 2703 1222 2724 curvum.
1262 2699 1293 2732 (ι)
1313 2696 1355 2731 S.,
1372 2698 1411 2725 \ir
1424 2703 1513 2725 autem
1529 2700 1590 2733 quis
1605 2705 1656 2730 est,
1677 2700 1725 2734 qui

954 2784 980 2813 ιι)
1003 2777 1044 2810 8.,
1064 2777 1256 2816 scaturiginein
1274 2786 1349 2816 aquae
1365 2780 1489 2808 viventis.
1538 2782 1576 2816 ib)
1597 2783 1642 2815 Α.,
1666 2783 1725 2809 laus

89 2813 183 2847 inea.’
209 2813 246 2853 (ε)
264 2813 307 2851 3.,
327 2824 380 2843 non
397 2816 522 2844 detentus
536 2813 624 2844 factus
643 2818 703 2843 su'm
716 2823 731 2843 a
747 2815 849 2842 malitia
864 2819 926 2850 post
939 2813 973 2842 te.
1012 2815 1051 2849 (ti)
1072 2816 1115 2845 A..
1134 2813 1174 2845 5.,
1192 2814 1283 2847 pavori
1299 2813 1303 2841 Ξ
1323 2822 1384 2849 spes
1400 2823 1457 2842 mea
1475 2821 1512 2843 ιιι.
