1919 3077
223 137 292 165 9555

806 138 920 166 (ῘΟΒΕΧ
942 137 1279 168 SYRO—IIEXAPLARIS.

1785 146 1850 175 9356

221 194 408 223 delensionem
436 202 534 222 meam.
562 195 604 223 15.
639 195 726 224 Dicite
755 196 881 230 DominoI
906 199 1013 226 laudate
1027 204 1049 231 Α
1063 198 1150 230 Judze.
1166 201 1259 228 audite
1273 201 1387 229 verbum
1410 202 1526 235 Domini.
1550 205 1593 232 12.
1609 205 1709 234 domus
1723 206 1850 236 Davidis:

221 248 283 267 cum
347 240 383 275 (lt)
399 240 542 268 Demittunt
557 242 580 276 ζ,
596 243 659 276 qttia
676 242 801 270 liberavit
814 244 932 270 animam
945 252 1008 278 pau-

221 286 294 321 peris
307 294 339 314 ex
353 295 435 314 mautt
457 287 652 314 maleficoruni.
671 288 713 315 Η.
725 287 885 316 Maledictus
898 289 967 319 dies.
983 290 1009 316 in

221 340 276 366 quo
292 337 373 360 nat-ts
386 341 457 365 sntit;
475 334 545 366 dies,
560 334 586 360 in
599 341 654 367 qtto
666 336 768 368 peperit
782 342 825 362 me
839 341 926 363 mater
938 344 1008 369 mea,

221 387 274 404 non
290 379 325 405 sit
338 379 372 413 (τ)
384 379 423 413 (ιι)
436 379 606 405 benedictus.
626 379 669 405 15.
684 379 842 407 Maledictus
859 381 951 412 homo,
963 382 1010 416 qui

221 425 354 451 nuntiavit
367 425 434 459 patri
451 416 523 455 meo,
535 423 630 451 dicens
645 432 652 451 :
668 424 754 453 Natus
764 431 805 453 est
817 427 863 453 tibi
875 429 908 461 βε(
922 427 1008 462 titius:

220 470 371 502 maseulus,
389 469 424 504 (ε)
440 469 603 498 lmtilicando
614 472 647 506 >εί
657 472 800 499 Ιειξιίίῑρειηδ
809 479 882 499 eum.
898 473 941 500 l6.
954 472 1007 508 Et:

219 517 255 543 sit
270 517 352 544 homo
368 517 423 549 ille,
437 523 465 544 ut
479 518 571 551 urbes,
589 526 658 553 quas
672 519 822 546 eradicavit
834 520 964 547 Dominus
976 527 1008 548 -ξ-

219 563 246 588 in
266 561 357 589 furore
379 563 403 597 ζ,
423 567 450 590 ct
472 570 526 590 non
542 563 575 598 (Γ)
589 571 650 590 eum
668 564 818 598 pte-nituit:
842 564 934 591 audiat
954 564 1010 592 cla-

219 615 321 635 morem
337 608 364 634 lu
381 608 528 642 matutino,
540 613 567 636 et
581 609 714 636 ululatum
727 610 760 643 λ(
778 609 804 635 in
817 613 938 644 tempore
953 616 1010 636 me-

219 655 297 681 ridit-i
313 655 342 688 1;
360 655 402 682 l7.
426 654 462 691 (ῃ)
484 656 546 689 quia
569 663 624 682 non
645 655 747 682 occidit
767 663 810 682 me
829 655 856 682 in
877 659 965 686 utero,
983 658 1010 682 et

218 700 288 728 facta
298 705 340 728 est
352 701 417 728 mihi
430 707 516 728 mater
527 709 586 728 mea
599 702 753 736 sepulcrum
766 708 867 733 meum,
878 705 905 727 et
914 705 1008 728 uterus

217 747 405 782 conceptionis
415 752 533 775 :eternze.
550 747 592 774 l8.
610 747 701 780 Quare
715 747 766 774 ltoc
782 755 815 774 ex
831 752 908 775 utero
921 756 1008 784 egres-

217 802 265 821 sus
280 802 352 826 sum,
373 795 406 821 ad
424 794 568 821 videndum
586 794 705 825 labores,
721 798 748 821 et
764 793 882 826 dolores,
896 800 923 822 et
944 794 1008 822 facti

216 845 280 868 situt
297 842 324 868 in
339 840 444 876 pudore
458 840 518 868 dies
535 840 605 867 mei?

1063 245 1119 272 hmo
1132 246 1198 273 dicit
1214 246 1347 275 Dominus
1361 257 1367 275 :
1380 247 1504 277 Judicate
1519 251 1546 277 in
1565 252 1851 287 malutinojudicinm,

1063 297 1091 317 -ξ
1107 296 1135 318 et
1145 292 1253 327 dirigite
1267 294 1291 328 ζ,
1303 298 1329 321 et
1341 294 1594 331 libcratedireptuiu
1609 306 1624 325 e
1641 307 1723 326 manu
1735 300 1805 335 ejus.
1818 302 1849 335 (t)

1061 339 1107 372 qui
1126 339 1226 374 injuria
1241 339 1323 368 afﬁcit
1342 348 1415 374 eum,
1434 347 1465 369 ut
1479 350 1512 370 ne
1527 344 1705 377 accendatur,
1727 350 1757 373 ut
1772 346 1849 381 ignis.

1061 385 1102 411 ira
1116 392 1187 417 mea,
1204 389 1232 412 et
1252 387 1368 418 ardebit.
1387 392 1414 415 et
1435 395 1488 415 non
1512 389 1573 422 erit,
1599 390 1648 424 qui
1667 392 1823 426 exstinguat
1836 400 1851 420 a

1061 430 1281 466 facieinjttstitite
1295 434 1447 461 studiorum
1463 437 1497 469 ἓ(
1512 441 1663 464 vestrorum
1683 437 1707 472 ζ.
1725 438 1767 466 15.
1784 438 1851 466 Ecee

1060 483 1111 511 ego
1128 477 1161 504 ad
1177 482 1202 504 te
1221 478 1387 506 habitantem
1411 480 1438 507 in
1458 481 1594 514 profundo
1608 483 1647 518 (ιι)
1672 484 1733 516 Sor,
1753 485 1779 510 in
1794 485 1850 519 pla-

1061 522 1138 554 nitie,
1153 523 1219 551 dicit
1235 523 1377 558 Dominus,
1389 526 1437 561 qui
1450 527 1557 555 dicitis:
1575 528 1643 561 Quis
1661 530 1773 557 terrebit
1791 538 1849 563 nos,

1060 573 1108 596 aut
1133 570 1195 604 quis
1223 570 1390 606 ingredietur
1426 573 1453 600 in
1488 573 1674 603 habitaculum
1710 577 1850 604 nostrum?

1061 615 1106 642 14.
1123 615 1157 649 Χ
1168 615 1200 642 Ει
1220 617 1338 644 visitabo
1355 625 1437 652 super
1450 626 1500 647 vos
1513 621 1662 648 secundum
1677 621 1768 649 studia
1781 623 1850 649 mata

1060 666 1159 695 vestra,
1176 662 1243 690 dicit
1257 662 1389 692 Dominus
1403 665 1426 699 ζ.
1438 664 1470 692 Et
1480 667 1626 694 accendant
1645 668 1734 702 ignem
1746 669 1774 696 in
1785 670 1850 697 silva

1059 708 1129 744 ejus,
1147 713 1173 736 et
1184 709 1327 737 devorahit
1338 711 1430 737 omnia
1448 711 1475 738 in
1490 711 1604 739 circuitu
1620 712 1691 747 ejus.

1094 755 1152 790 Cap
1178 755 1263 783 XXII.
1283 756 1310 786 l.
1322 755 1385 784 Haac
1396 757 1461 785 dicit
1479 757 1626 786 Dominus:
1646 766 1678 787 -t-
1692 759 1778 792 Vade,
1791 766 1818 788 et
1835 763 1847 797 ζ

1059 800 1193 829 descende
1205 802 1232 829 iu
1248 803 1358 830 domum
1373 805 1446 837 regis
1461 803 1548 836 ludat,
1562 808 1590 831 et
1605 804 1726 839 loqueris
1736 805 1773 832 ibi
1792 814 1848 833 rer-

1061 847 1124 874 bunt
1141 847 1204 881 hoc,
1222 848 1250 875 2.
1275 853 1303 876 et
1319 849 1413 877 dices:
1438 849 1510 877 Audi
1524 849 1637 877 verbum
1660 849 1782 884 Domini,
1801 859 1847 879 rex

250 886 329 914 CAP.
351 886 503 913 XXl.—l.
532 885 662 917 Verbum,
689 885 761 920 quod
786 884 887 913 factum
908 891 951 914 est
976 887 1004 914 ad

1061 893 1147 926 Judae,
1169 894 1215 929 qui
1242 895 1321 922 sedes
1338 902 1421 930 super
1441 895 1511 922 solio
1528 894 1649 927 Davidis,
1672 900 1712 929 ιιι,
1729 901 1757 923 et
1775 881 1847 924 servi

215 931 361 959 Larentiam
378 939 392 959 a
412 932 538 965 Domino,
549 939 611 959 cum
628 931 703 959 misit
715 932 747 959 ad
760 939 822 959 eum
835 940 881 959 rex
898 932 1009 961 Sedecia

216 978 322 1005 Pashor
347 978 516 1006 sacerdotem
536 977 620 1005 filium
641 977 776 1009 ltlelcliire.
794 983 820 1005 et
840 978 1009 1014 Sophoniam

217 1025 301 1052 lilium
333 1024 452 1057 lllaasire,
481 1025 575 1052 dicens
606 1033 613 1051 :
642 1024 668 1052 2.
689 1024 826 1060 Interroga
854 1032 902 1059 pro
931 1025 1008 1054 nobis

218 1069 380 1102 hominum;
399 1069 463 1104 quia
488 1070 521 1103 >ε<
545 1068 797 1097 Nabuchodonosor
819 1077 866 1097 rex
892 1069 1008 1105 Babylo-

218 1115 261 1143 nis
277 1115 313 1150 (Ιι)
332 1115 451 1142 surrexit
465 1123 547 1150 super
561 1123 626 1148 nos;
645 1115 666 1143 si
684 1115 752 1143 forte
772 1115 855 1143 faciat
877 1115 1008 1144 Dominus

218 1161 360 1188 nobiscum
377 1161 387 1195 ζ
405 1160 555 1189 secundum
571 1161 663 1188 omnia
676 1161 809 1188 mirabilia
820 1169 880 1193 sua,
891 1165 918 1188 et
928 1161 1008 1188 abeat

214 1215 229 1234 a
251 1207 348 1234 nobis?
365 1208 392 1235 5.
410 1207 443 1234 Et
460 1207 529 1234 dixit
538 1206 656 1234 Jeremia
671 1207 704 1234 ad
719 1214 766 1235 eos
783 1216 790 1234 :
809 1206 846 1234 lta
861 1206 957 1234 dicetis
972 1206 1006 1233 ad

215 1254 356 1282 Sedeciam
371 1263 377 1280 :
394 1254 421 1281 4.
436 1252 498 1281 11ἶΙὌ
511 1253 578 1280 dicit
592 1252 725 1280 Dominus
736 1253 770 1288 Χ
783 1252 857 1280 Deus
870 1252 1004 1287 lsraelis1:

214 1299 284 1327 Ecce
299 1307 349 1335 ego
366 1303 459 1326 averto
479 1306 554 1326 arma
572 1298 679 1331 bellica,
699 1299 733 1332 )t(
754 1306 815 1334 quae
836 1298 863 1325 in
880 1298 1005 1326 manibus

213 1349 312 1376 vestris
332 1348 356 1381 ζ,
372 1347 473 1382 quibus
490 1355 538 1374 vos
555 1346 594 1374 eis
610 1347 737 1381 pugnatis
760 1348 793 1380 >ε<
817 1353 899 1381 super
915 1353 1005 1381 regem

214 1394 359 1430 Babylonis
381 1393 405 1427 ζ,
419 1397 445 1420 et
457 1401 520 1420 cum
537 1393 684 1424 Chaldaeis,
702 1392 734 1427 (ἰ)
748 1392 794 1427 qui
811 1392 1006 1420 concluserunt

213 1447 262 1467 vos
281 1443 357 1466 extra
373 1446 503 1471 murum;
524 1439 557 1472 >ε<
581 1437 616 1473 (k)
636 1442 663 1465 et
680 1438 853 1473 congregabo
868 1445 916 1465 eos
939 1437 951 1471 ζ
978 1438 1004 1464 in

213 1486 303 1513 medio
321 1485 397 1512 urbis
417 1484 507 1519 hujus,
526 1485 552 1512 5.
574 1490 601 1512 et
623 1484 750 1519 pugnabo
773 1491 824 1519 ego
844 1488 940 1512 contra
957 1491 1004 1511 vos

214 1533 240 1559 in
263 1540 345 1559 manu
368 1535 490 1564 extensa,
518 1535 546 1558 et
573 1530 599 1558 iti
621 1530 733 1558 brachio
756 1530 787 1565 (I)
811 1530 920 1558 excelso
941 1538 1002 1557 cum
1017 1549 1039 1579 ο

214 1580 315 1611 furore,
329 1582 357 1606 et
374 1578 424 1610 ira,
437 1582 464 1605 et
477 1577 628 1605 irritatioue
643 1584 750 1612 magna.
764 1576 791 1603 6.
805 1575 838 1603 Et
853 1576 1002 1610 percutiam

212 1633 308 1652 omnes
324 1624 479 1651 habitantes
497 1623 524 1651 in
543 1623 610 1651 urbe
625 1623 685 1656 hac,
701 1623 826 1650 homines
838 1626 865 1650 et
879 1623 1002 1658 iumenta

213 1671 260 1705 (ni)
277 1671 303 1697 iit
322 1675 408 1697 morte
425 1677 533 1705 magna,
547 1673 573 1697 ct
590 1669 749 1696 morientur.
767 1668 793 1694 7.
811 1667 844 1696 Et
862 1673 923 1703 post
934 1668 1001 1702 haec,

213 1717 248 1743 ita
263 1715 329 1743 dicit
351 1715 494 1748 Dominus,
527 1716 631 1742 tradatn
657 1714 797 1742 Sedcciam
812 1722 900 1750 regem
915 1714 1002 1747 Judre,

211 1767 238 1789 et
251 1769 345 1789 servos
361 1761 431 1796 ejus,
450 1765 477 1789 et
491 1761 631 1796 populum,
646 1761 685 1797 (tt)
697 1761 744 1796 qui
758 1761 868 1788 relictus
880 1761 962 1788 fuerit
975 1762 1002 1789 in

212 1810 279 1838 urbe
298 1810 347 1837 hac
361 1817 375 1836 a
390 1814 488 1842 morte,
504 1813 530 1836 et
545 1816 559 1836 a
575 1809 675 1843 gladio,
692 1813 718 1835 et
734 1816 749 1835 a
764 1807 837 1836 fante
853 1809 887 1842 >ε<
902 1808 928 1836 in
943 1817 1002 1836 ma—

212 1863 277 1882 nutn
305 1853 583 1882 Nabuchodonosoris
606 1854 677 1889 regis
701 1853 865 1889 Babylonis,
894 1859 921 1881 et
942 1854 953 1888 ζ
974 1854 1002 1882 in

211 1909 309 1928 manus
331 1899 504 1927 inimicorum
525 1907 632 1932 eorum,
650 1901 683 1934 >ε<
701 1904 728 1927 et
754 1900 780 1927 in
805 1907 904 1928 manus
921 1901 932 1934 ζ
953 1907 1002 1928 eo-

211 1955 283 1980 rum,
300 1947 345 1982 qui
362 1953 489 1982 qtncruut
501 1947 608 1974 animas
632 1954 738 1977 eorum.
760 1946 797 1982 (ο)
812 1951 840 1974 et
859 1947 1003 1975 concident

211 2002 257 2022 eos
276 1994 302 2021 in
323 2001 370 2020 ore
385 1993 478 2028 gladii.
496 1991 554 2019 Non
570 2000 679 2027 parcam
698 2000 780 2026 super
794 1992 844 2023 eis,
863 1993 897 2026 ἶ(
913 1999 1002 2027 neque

210 2040 362 2068 miserebor
389 2047 484 2067 eortnn
517 2039 542 2073 ζ.
573 2046 623 2066 nec
646 2038 789 2066 clementia
816 2044 877 2066 utar
899 2037 925 2065 in
941 2045 999 2066 eos.

211 2087 238 2114 8.
256 2086 289 2114 Et
303 2086 336 2113 ad
352 2085 481 2121 populum
496 2085 568 2113 hunc
581 2085 656 2112 dices
673 2094 678 2111 :
696 2084 757 2111 llaec
774 2084 840 2111 dicit
855 2083 999 2111 Dominus:

211 2134 280 2161 Ecce
288 2140 338 2168 ego
353 2132 412 2160 dedi
427 2136 489 2158 ante
499 2131 595 2158 facient
604 2135 720 2158 vestram
731 2130 802 2157 viam
811 2130 882 2161 vitm,
891 2134 918 2157 et
930 2129 999 2156 viam

210 2180 316 2207 mortis.
345 2179 371 2206 9.
399 2177 450 2211 Qui
477 2177 579 2205 sederit
601 2177 627 2204 in
651 2176 717 2203 urbe
738 2176 798 2208 hac,
820 2175 952 2203 morietur
973 2174 998 2201 itt

209 2225 309 2260 gladio,
327 2229 353 2250 et
369 2223 405 2259 (ρ)
423 2223 448 2250 in
468 2222 591 2256 fame,)t(
605 2226 632 2249 el
648 2227 734 2249 morte
754 2222 765 2255 ζ

209 2279 256 2298 sus
272 2270 362 2301 fuerit,
386 2273 416 2296 ut
436 2276 464 2296 se
482 2268 571 2296 tradat
590 2267 735 2299 Chaldmis,
756 2267 804 2302 qtii
828 2267 865 2301 (ᾳ)
886 2266 1001 2294 circum-

209 2317 341 2343 dederunt
357 2323 414 2345 vos,
431 2315 513 2348 vivet,
534 2318 560 2341 et
579 2313 677 2347 (πίω-ι(
695 2313 718 2341 ei
742 2313 753 2347 ζ
779 2313 870 2340 anima
884 2313 944 2346 ejus
964 2311 999 2347 (r)

1062 938 1113 970 tui,
1127 942 1155 965 et
1169 938 1286 973 populus
1305 943 1381 970 tuus.
1395 945 1423 966 et
1435 939 1617 974 ingredientes
1631 940 1659 967 in
1674 941 1763 975 portis
1786 941 1846 969 his.

1060 985 1088 1012 5.
1099 984 1161 1012 ﬂare
1172 984 1238 1012 dicit
1249 985 1379 1012 Dominus
1392 994 1398 1011 :
1411 984 1503 1013 Facite
1512 985 1657 1020 judicium,
1669 986 1846 1021 etjustitiam:

1059 1034 1087 1058 et
1111 1031 1224 1058 liberate
1249 1031 1384 1065 direptum
1410 1039 1444 1058 ex
1473 1039 1555 1058 manu
1581 1031 1725 1059 aﬂicieutis
1748 1033 1847 1067 injuria

1059 1082 1141 1103 eum:
1168 1080 1194 1102 et
1214 1075 1398 1110 peregrinum,
1415 1080 1443 1103 et
1467 1075 1611 1110 pupillum,
1635 1080 1664 1104 et
1679 1076 1790 1104 viduam
1815 1085 1849 1105 ne

1059 1119 1237 1155 opprimatis:
1255 1128 1344 1155 neque
1363 1120 1446 1155 impie
1460 1120 1564 1156 agatis:
1589 1125 1617 1149 et
1628 1121 1788 1156 sanguinem
1808 1123 1849 1150 in-

1059 1171 1200 1194 nocentem
1216 1174 1250 1193 ne
1263 1165 1406 1194 eﬂ‘undatis
1421 1166 1448 1193 in
1463 1166 1524 1194 loco
1539 1159 1600 1194 hoc.
1621 1167 1649 1194 4.
1667 1166 1805 1200 Quoniam
1825 1169 1847 1196 si

1058 1211 1183 1239 faciendo
1200 1211 1317 1239 feceritis
1332 1212 1444 1239 verbum
1466 1211 1537 1244 hoc;
1553 1212 1636 1239 etiam
1661 1212 1848 1247 ingredientur

1058 1256 1085 1283 in
1102 1257 1188 1291 portis
1201 1256 1299 1285 domus
1315 1256 1397 1292 hujus
1410 1264 1487 1293 reges
1498 1257 1623 1286 sedentes
1647 1258 1742 1286 Davidi
1765 1267 1849 1295 super

1057 1302 1126 1329 solio
1139 1302 1209 1336 ejus,
1221 1306 1249 1330 et
1264 1302 1334 1330 vecti
1343 1309 1426 1337 super
1441 1302 1581 1335 curribus,
1593 1307 1621 1330 et
1634 1304 1725 1338 equis,
1735 1305 1794 1339 ipse
1808 1306 1848 1340 (π)

1057 1351 1083 1375 et
1098 1347 1169 1374 servi
1180 1347 1249 1382 ejus,
1265 1351 1293 1375 et
1309 1348 1426 1382 populus
1442 1348 1511 1384 ejus.
1537 1350 1565 1377 5.
1581 1349 1609 1378 Si
1622 1355 1714 1378 autem
1730 1359 1786 1378 non
1805 1351 1849 1380 fe-

1057 1392 1149 1420 ceritis
1164 1393 1245 1419 verba
1273 1393 1340 1426 haec,
1356 1401 1404 1428 per
1425 1401 1468 1421 me
1494 1394 1594 1429 iuravi,
1612 1395 1680 1423 dicit
1700 1396 1847 1429 Dominus,

1056 1437 1128 1472 quod
1145 1438 1170 1465 in
1196 1438 1373 1466 solitudinem
1390 1439 1441 1466 erit
1457 1439 1555 1467 domus
1573 1440 1641 1468 haec.
1657 1441 1685 1469 6.
1703 1441 1774 1474 Quia
1789 1442 1848 1470 haec

1056 1483 1122 1511 dicit
1142 1483 1271 1512 Dominus
1285 1492 1367 1520 super
1385 1485 1467 1512 domo
1485 1485 1556 1520 regis
1574 1484 1669 1513 .ludze:
1685 1485 1802 1519 Galaad,
1818 1491 1847 1514 tu

1056 1529 1121 1556 mihi
1146 1529 1309 1564 principium
1327 1529 1434 1561 Libani,
1457 1529 1510 1557 nisi
1528 1537 1644 1564 posuero
1661 1534 1689 1557 te
1711 1531 1849 1558 solitudi—

1056 1583 1127 1608 nem,
1150 1576 1245 1608 urbes,
1260 1583 1320 1610 qute
1333 1582 1387 1602 non
1407 1574 1564 1602 habitantur
1577 1584 1584 1602 :
1601 1575 1626 1602 7.
1648 1575 1687 1610 (ν)
1701 1580 1729 1602 et
1744 1577 1849 1603 sancti-

1055 1622 1141 1650 tlcabo
1164 1629 1247 1656 super
1268 1625 1293 1649 te
1309 1621 1429 1649 delentes
1448 1621 1546 1654 virum,
1578 1626 1605 1648 et
1627 1621 1746 1648 securim
1764 1621 1847 1656 ejus:

1054 1673 1080 1695 et
1090 1667 1237 1702 praeciderit
1250 1666 1364 1694 selectae
1377 1666 1522 1693 cedrorum
1534 1670 1652 1698 tuarum,
1661 1671 1688 1692 et
1700 1666 1849 1701 projicient

1054 1713 1081 1740 in
1095 1712 1194 1748 ignem.
1212 1711 1239 1739 8.
1257 1711 1290 1739 Et
1302 1711 1457 1738 transibunt
1470 1715 1563 1745 gentes
1586 1710 1680 1738 multa;
1703 1718 1788 1745 super
1804 1719 1850 1738 ur-

1054 1759 1115 1786 bem
1139 1758 1220 1791 hanc,
1245 1762 1272 1785 et
1296 1757 1389 1784 dicent
1417 1756 1607 1791 unusquisque
1625 1757 1660 1783 ad
1688 1756 1848 1791 proximum

1053 1803 1256 1836 suuszuare
1271 1803 1334 1830 fecit
1347 1801 1479 1830 Dominus
1497 1802 1537 1830 sic
1551 1801 1611 1828 urbi
1630 1808 1735 1836 magna:
1761 1801 1850 1829 huic?

1054 1849 1080 1877 9.
1098 1849 1130 1877 Et
1148 1849 1259 1877 dicent:
1286 1848 1341 1876 Pro
1365 1856 1398 1876 eo
1419 1848 1493 1883 quod
1519 1847 1727 1883 dereliquerunt
1753 1847 1849 1876 fmdus

1055 1895 1162 1923 Domini
1177 1895 1223 1922 Dei
1240 1895 1294 1928 sui,
1312 1900 1339 1922 et
1363 1895 1513 1922 adorarunt
1532 1893 1598 1921 deos
1621 1892 1658 1927 (ι)
1681 1892 1803 1925 alienos,
1820 1897 1849 1921 et

1053 1942 1197 1970 coluerttnt
1211 1941 1351 1969 servitium
1363 1941 1414 1969 eis.
1434 1940 1476 1967 ιθ.
1493 1939 1531 1966 Ne
1546 1938 1668 1966 delicatis
1684 1943 1844 1970 mortuum,

1053 1995 1141 2023 neque
1163 1987 1349 2015 lamententini
1367 1993 1429 2014 eum
1445 1993 1452 2011 :
1470 1984 1567 2012 deflete
1581 1985 1608 2011 in
1622 1983 1685 2011 ﬂetu
1701 1991 1782 2016 eum,
1797 1984 1847 2019 qui

1054 2033 1203 2069 egreditur.
1221 2033 1284 2068 quia
1308 2039 1361 2059 non
1387 2034 1540 2058 revertetur
1556 2029 1684 2063 amplius,
1703 2035 1756 2055 nec
1770 2028 1849 2055 vide-

1053 2080 1092 2106 bit
1108 2083 1206 2106 terratn
1225 2079 1318 2113 patria:
1334 2084 1401 2104 sua).
1419 2076 1462 2103 ll.
1483 2075 1552 2109 Quia
1575 2075 1633 2102 haec
1656 2074 1724 2101 dicit
1751 2073 1849 2101 Domi-

1052 2133 1103 2153 nus
1118 2133 1200 2159 super
1215 2123 1307 2151 Salum
1319 2123 1374 2150 filio
1390 2121 1483 2152 .losiae,
1500 2125 1630 2154 regnante
1644 2126 1693 2154 pro
1707 2119 1786 2146 Josia
1799 2126 1849 2154 pa-

1053 2177 1093 2199 tre
1110 2171 1181 2206 ejus,
1198 2170 1244 2205 qui
1262 2176 1387 2204 egressus
1402 2172 1443 2195 est
1462 2174 1495 2194 ex
1512 2166 1570 2193 loco
1589 2166 1653 2192 hoc:
1677 2172 1733 2191 non
1751 2172 1849 2191 rev.-r-

754 2221 765 2255 ζ
784 2230 790 2248 :
804 2225 831 2248 et
845 2222 891 2256 qui
908 2228 999 2255 cgres-
1017 2225 1038 2252 ι)
1054 2223 1125 2245 tctur
1138 2217 1202 2244 illuc
1219 2215 1353 2250 amplius;
1371 2213 1412 2240 12.
1429 2213 1493 2247 quia
1507 2212 1534 2238 in
1549 2211 1618 2242 loco,
1631 2218 1686 2245 quo
1698 2210 1850 2256 transtule

1054 2268 1120 2291 runt
1131 2270 1204 2294 cum,
1221 2261 1257 2287 ibi
1275 2260 1416 2290 morietur,
1427 2262 1454 2285 et
1467 2262 1564 2285 terram
1581 2257 1651 2284 hanc
1669 2263 1724 2283 non
1741 2255 1850 2283 videbit

1052 2309 1180 2344 amplius.
1205 2308 1245 2334 15.
1264 2306 1287 2332 0
1299 2306 1345 2341 qui
1358 2304 1474 2332 aztliftcat
1488 2304 1597 2331 domum
1613 2309 1689 2329 suam
1706 2309 1763 2328 non
1783 2308 1849 2328 cum

210 2362 236 2388 in
255 2361 384 2396 spoliant,
395 2368 426 2388 νέ-
446 2364 473 2388 et
484 2345 555 2388 vivet
566 2360 590 2394 ζ.
607 2345 650 2386 101
661 2345 730 2393 Quia
744 2345 997 2386 Vobiirmavifacie‘m
1048 2355 1167 2390 justitia,
1182 2359 1209 2382 et
1225 2352 1365 2381 coanacula
1381 2358 1430 2379 sua
1450 2357 1504 2376 non
1529 2347 1697 2396 injudicio:
1716 2346 1756 2381 (α)
1773 2345 1848 2396 apud
1874 2375 1878 2381 ,

209 2416 298 2435 tueam
310 2415 391 2442 super
408 2407 502 2434 urbem
520 2407 589 2433 hanc
606 2406 633 2432 itt
656 2406 737 2437 mala,
756 2409 783 2432 et
800 2412 854 2432 non
871 2405 897 2431 in
915 2404 997 2436 bona,

210 2453 320 2487 )tﬁdicit
339 2452 471 2479 Dominus
493 2452 516 2486 ζ.
535 2451 561 2478 ln
583 2459 680 2478 manus
698 2450 769 2484 regis
786 2448 931 2483 Babylonis
945 2452 998 2474 tra-

208 2501 295 2530 detur.
311 2505 335 2526 et
354 2500 496 2526 romburet
511 2506 570 2525 eam
585 2498 611 2525 in
622 2498 691 2533 igtte.
707 2498 749 2524 11.
765 2497 800 2531 (ε)
812 2496 914 2522 Domus
927 2495 999 2530 regis

251 2614 287 2646 (lt)
309 2613 387 2639 Eum.
427 2613 461 2645 (tr)
485 2613 527 2643 (1.,
550 2613 591 2641 5.,
612 2613 762 2637 benedicta.
794 2613 800 2634 l

209 2649 244 2683 (ε)
260 2648 305 2680 A.,
318 2649 477 2675 lat-ilicetum
491 2645 639 2683 lmtilicavit
654 2653 726 2683 eum.
766 2645 800 2678 (ί)

208 2679 251 2715 εί,
274 2688 384 2717 pugnat.
433 2682 464 2716 (ἱ)
485 2681 536 2714 Qui
560 2680 730 2717 circumdant
751 2689 799 2717 vos
821 2679 901 2717 bello.

208 2710 251 2751 (in),
265 2710 349 2750 Ᾰηυρι
366 2725 423 2746 eos.
435 2710 582 2751 quirelicti
600 2715 700 2742 fuerint
712 2716 739 2742 in
752 2715 819 2743 ttrhe
837 2715 888 2741 hac
903 2722 917 2740 a
933 2710 1096 2748 pestilentia.
1135 2710 1143 2743 (

210 2753 245 2782 (τι)
266 2754 307 2782 Α..
324 2753 493 2780 continentes
512 2759 594 2782 super
612 2758 669 2778 vos.
708 2752 744 2782 (ν)
765 2750 792 2777 1η
812 2750 927 2776 lucrutn.
969 2748 1003 2782 (sl
1021 2746 1064 2778 4.,
1082 2745 1123 2775 S.,
1141 2758 1143 2767 ι

827 2765 927 2776 ηιιιιυιιι.
969 2765 1003 2782 \q,

827 2785 868 2816 S.,
884 2790 975 2818 petrae.
995 2782 1004 2808 Ἰ

1058 2765 1278 2811 ὀῖ›·εόξέέῖ·”·ῶ
1462 2773 1502 2818 at
1566 2765 1705 2818 ett-ee:
1723 2765 1787 2818 :2;

210 2753 245 2786 (τι)
266 2754 307 2784 Α.,
324 2750 493 2780 continentes
512 2759 594 2786 super
612 2758 669 2778 vos.
708 2752 744 2785 (ν)
765 2750 792 2786 In
812 2750 927 2776 lucrutn.

208 2785 412 2826 opprimentis."
436 2787 474 2821 (u)
493 2787 536 2826 11.,
553 2788 581 2814 itt
605 2787 679 2813 arida
697 2785 800 2826 (terra).

209 2815 303 2848 fzil'sns.
341 2822 378 2854 (η)
459 2815 611 2856 proximum
631 2815 709 2849 suum
727 2815 852 2856 subjicict
872 2815 965 2855 gratis,
981 2822 1007 2844 et
1020 2824 1129 2851 operam
1144 2815 1204 2849 ejus
1220 2822 1235 2840 it

208 2863 234 2883 et
253 2858 392 2884 Cccuacula
408 2858 536 2891 spatiosa.

1052 2402 1206 2437 proximum
1230 2407 1308 2426 suum
1341 2400 1472 2432 operatur
1499 2395 1604 2430 gratis.
1630 2397 1657 2420 et
1687 2393 1848 2420 mercedem

1051 2447 1111 2481 ejus
1125 2453 1177 2472 non
1206 2444 1299 2472 reddet
1319 2442 1354 2470 ei.
1374 2442 1416 2468 ll.
1433 2442 1467 2474 >ε<
1492 2439 1543 2472 Qui
1558 2439 1624 2465 dicit
1639 2438 1670 2472 ξε
1687 2437 1850 2464 {Edifieasti

1052 2493 1158 2520 tibimet
1174 2491 1225 2526 ipsi
1242 2490 1353 2518 domum
1371 2488 1408 2521 (lt)
1422 2490 1684 2517 cornutensuratam,
1698 2488 1726 2510 et
1750 2491 1851 2511 cama-

427 2612 461 2645 (ις)
485 2612 527 2643 (1.,
550 2610 591 2641 S.,
612 2610 762 2637 benedicta.
794 2608 859 2636 lleh.
882 2607 1004 2645 benedici

1061 2641 1066 2645 .
1091 2605 1129 2645 (ά)
1153 2603 1253 2643 mea“
1274 2595 1848 2645 melitesﬁilafi‘l'l‘;damnari“

813 2644 858 2676 Α.,
872 2642 1004 2677 acquievit

1058 2631 1097 2675 (gf
1110 2631 1155 2677 Α.)
1169 2631 1214 2672 (ιῖιί
1231 2631 1282 2663 uoti
1296 2639 1385 2677 tlt‘tornte
1397 2633 1487 2677 affecit
1506 2640 1547 2677 ipe
1556 2632 1596 2677 Aab
1609 2631 1849 2677 lttpl'ginfllphﬁr

945 2677 981 2712 (It)
1008 2675 1041 2702 Et
1062 2675 1149 2712 introd
1155 2681 1231 2712 lltiitlll
1237 2693 1243 2698 .

1292 2671 1323 2705 (Ι)
1348 2669 1432 2697 Forti.
1478 2667 1531 2705 (ut).
1548 2666 1593 2705 A._.
1618 2666 1645 2705 iu
1671 2665 1849 2705 pestilentia.

1147 2710 1172 2742 ο)
1186 2709 1229 2740 Α.,
1243 2711 1270 2735 et
1282 2701 1415 2742 percutiet
1426 2711 1483 2742 eos.
1522 2702 1560 2742 (pl
1573 2701 1656 2742 A..in
1672 2701 1849 2742 pestilentia.

1141 2735 1170 2771 et
1184 2735 1288 2770 duinui'
1301 2741 1372 2776 regis
1391 2739 1473 2776 .ludze
1486 2738 1604 2776 +__tlires
1623 2736 1634 2770 ζ
1675 2735 1708 2770 (t)
1731 2736 1783 2776 Α.)
1807 2735 1851 2776 ξη

1238 2806 1360 2840 ὸιιιιιιιιὶι
1387 2811 1421 2837 ei.
1461 2809 1498 2843 (δ)
1520 2807 1565 2840 Α.,
1583 2806 1851 2838 S.,mensu.’atam,
