1919 3077
63 144 132 174 2551

676 135 834 165 JEREMIE
856 133 966 163 CAPUT
994 132 1085 160 XXIII.

1631 131 1703 160 “.358

65 206 127 233 (.ula
136 201 336 239 refrigeratoria
348 200 384 236 (c)
395 199 523 228 distincta
536 197 674 229 fenestris,
688 201 715 224 et
725 195 855 223 demensa
872 197 893 225 Α
908 192 1003 220 Scribe
1020 192 1056 227 (r)
1073 192 1162 219 virum
1179 191 1263 223 hunc,
1281 189 1419 218 hominem
1442 193 1652 226 proclamalum,
1669 201 1702 221 ατ-

66 252 94 278 in
106 250 199 280 cedro.
221 252 249 276 et
261 247 339 274 linita
356 244 492 280 sinopidc.
511 243 554 270 I5.
573 242 644 269 Num
658 241 797 276 regnabis,
817 241 857 276 (ἀ)

66 296 130 330 quia
142 299 169 322 ιιι
187 295 274 322 iratus
287 301 318 320 es
332 293 359 319 in
375 292 451 318 Ahaz
465 298 547 325 super
566 294 643 325 patre
656 289 722 316 luo?
739 295 792 315 non
812 295 858 314 eo-

67 342 187 373 medent,
204 347 292 374 neque
320 339 431 366 bibent:
447 341 474 365 et
490 336 579 364 facere
593 335 726 371 judicium
744 333 860 368 etjusti-

68 388 134 415 tiam
154 388 187 420 Χ
211 386 246 420 (ε)
259 391 324 412 tunc
347 385 359 419 ζ
379 390 411 411 +
427 383 528 411 bonum
541 389 593 409 non
609 381 684 408 novit
699 381 722 415 ζ.
743 380 784 407 I6.
801 378 858 406 Non

66 432 199 466 judicavit
210 431 342 466 judicium
356 429 496 464 pauperis.
513 427 705 462 necjudicimn
723 426 813 462 egeni.
826 426 859 459 Χ

69 485 135 506 tunc
152 479 252 505 bonum
266 477 289 504 ei
309 477 333 512 ζ.
351 475 447 502 Nonne
461 474 514 502 hoc
536 479 588 506 est,
613 473 687 508 quod
714 476 861 508 cognoscet

69 531 124 555 me,
150 523 217 550 dicit
239 521 387 549 Dominus?
407 520 450 547 I7.
468 519 537 547 Ecce
558 527 612 547 non
629 523 692 546 sunt
714 518 786 546 oculi
808 518 860 549 tui,

69 577 158 604 neque
170 576 217 596 cor
230 572 306 595 tuum
320 573 350 594 -ι-
367 566 468 593 bonum
485 565 508 599 ζ,
525 565 571 592 sed
585 564 612 591 in
625 564 860 592 defraudationem

68 618 157 646 tuam,
174 618 201 640 et
216 613 242 639 in
254 611 414 646 sanguinem
431 609 614 640 innocentem,
626 609 660 636 ad
668 608 862 636 eﬂ‘undendum

69 668 145 691 eum,
162 659 195 695 (ι’)
216 662 243 686 et
259 658 286 684 in
303 657 487 692 iniquitatem,
504 659 533 682 et
558 655 584 682 in
607 654 741 687 dolorem,
767 653 801 681 ad
821 653 863 680 fa-

70 706 215 734 ciendum.
231 703 276 730 I8.
290 702 405 737 Propter
419 702 471 728 hoc
485 701 542 728 haec
552 699 619 727 dicit
631 699 764 726 Dominus
781 706 863 734 super

70 751 175 779 Joacim
196 749 280 777 lilium
298 747 380 776 JOSIiE
400 753 490 782 regem
507 745 598 773 Iudae:
615 746 648 779 Χ
662 744 721 774 Non
735 744 865 779 plaugeut

73 798 110 832 (ῃ)
125 803 205 823 eum:
230 793 275 822 Vae
290 794 366 826 mihi,
384 792 467 820 frater
484 791 533 824 mi,
548 791 630 818 etiam
654 797 695 818 vae
712 789 790 823 mihi,
807 789 864 816 fra-

72 849 114 872 ter
134 842 170 869 mi
189 842 214 876 ζ.
241 839 299 867 Non
326 839 455 874 plangant
479 845 553 870 eum,
571 836 616 864 Vae
635 836 713 867 mihi,
739 836 862 867 Domine,

71 888 155 914 etiam
173 894 213 913 va:
238 884 315 916 mihi,
337 883 376 918 (Ir)
390 883 475 910 frater
492 883 539 910 mi.
567 882 611 910 I9.
635 881 768 916 Sepulero
788 881 861 908 asini

73 930 241 966 sepelietur:
266 928 296 963 (i)
318 928 464 955 confossus
486 926 646 962 projieietur
664 926 734 953 ultra
756 930 862 960 portam

73 976 236 1004 Jerusalem.
253 974 299 1002 ΞΟ.
316 973 439 1001 Aseeude
454 973 482 1000 in
501 972 647 1005 Libanum,
664 975 692 999 et
707 972 813 999 clama:
837 975 865 998 et

74 1024 102 1049 in
120 1021 209 1049 Basan
224 1021 258 1047 da
273 1027 366 1047 vocem
384 1024 470 1050 tuam,
484 1023 512 1046 et
530 1018 653 1045 exclama
679 1022 753 1045 trans
769 1024 862 1050 mare;

75 1069 139 1103 quia
155 1066 266 1095 contriti
286 1069 350 1093 sunt
372 1072 469 1092 omnes
489 1068 626 1092 amatores
644 1064 694 1091 tui.
710 1063 757 1091 2|.
775 1063 865 1090 Locu-

75 1117 121 1140 tus
139 1119 200 1140 sum
223 1111 256 1138 ad
277 1115 303 1138 te
317 1111 343 1137 in
360 1109 397 1143 (lt)
415 1109 537 1144 lapsibus
552 1109 616 1142 tuis,
635 1113 663 1136 et
677 1108 788 1136 dixisti:
803 1107 862 1136 Non

75 1159 196 1187 audiam.
213 1157 276 1185 Ilzec
292 1157 335 1184 via
363 1161 409 1184 tua
425 1156 460 1183 ab
473 1155 657 1183 adolescentia
680 1159 737 1188 tua,
754 1154 785 1190 (ι)
809 1162 864 1182 non

75 1203 177 1232 audisti
191 1211 284 1230 vocem
297 1210 397 1230 meam.
411 1201 456 1228 22.
468 1201 570 1228 Omnes
592 1200 640 1236 (ιη)
657 1205 781 1235 pastores
802 1205 865 1228 tuos

76 1254 172 1286 pascet
186 1253 303 1276 ventus:
320 1252 347 1276 et
360 1252 499 1275 amatores
518 1248 558 1274 tul
570 1254 602 1274 -ι-
616 1254 713 1274 omnes
727 1247 739 1281 ζ
755 1247 782 1274 in
800 1254 866 1281 cap-

77 1296 211 1324 tivitatem
224 1294 261 1330 (η)
276 1294 390 1322 abibunt
403 1303 410 1321 :
429 1293 492 1328 quia
509 1298 576 1321 tunc
587 1293 744 1324 erubesces,
757 1297 785 1320 et
801 1300 867 1320 con-

77 1341 208 1368 temneris
225 1339 260 1366 ab
276 1339 404 1366 omnibus
419 1337 576 1365 amantibus
587 1343 622 1365 te.
649 1337 693 1365 25.
711 1336 778 1370 Quae
793 1337 868 1364 habi-

76 1389 120 1412 tas
138 1385 164 1411 in
190 1383 305 1416 Libano,
322 1390 383 1418 qua
407 1382 533 1410 nidificas
555 1382 582 1409 in
594 1382 695 1414 cedris,
720 1382 754 1416 Χ
771 1382 834 1417 quid
853 1382 864 1416 ζ

77 1430 257 1466 ingemisces,
276 1437 337 1456 cum
361 1428 485 1456 venerint
504 1428 551 1455 tibi
569 1427 606 1463 (ο)
623 1428 740 1459 dolores,
757 1428 867 1455 dolores

77 1480 108 1505 ut
123 1474 318 1510 parienti5.2I.
333 1474 401 1500 Vivo
415 1473 552 1508 ego,dieit
567 1472 698 1500 Dominus
709 1482 716 1500 ε
729 1473 751 1500 si
765 1474 798 1507 Χ
813 1472 868 1499 fac-

78 1526 123 1548 tus
137 1522 148 1556 ζ
161 1519 380 1548 fueritJechonia
396 1519 467 1546 filius
479 1517 583 1546 Joaeim
596 1526 643 1546 rex
660 1518 737 1546 Iudae
750 1518 868 1546 annulus

78 1574 162 1601 Super
172 1573 253 1593 manu
264 1565 359 1594 dextra
371 1566 480 1599 mea,x
491 1565 555 1599 quia
568 1564 651 1598 :inde
658 1565 771 1592 evellam
781 1564 867 1597 te;‘25.

77 1618 105 1642 et
126 1613 231 1640 tradam
251 1616 276 1639 te
289 1612 315 1639 in
332 1619 429 1639 manus
440 1611 621 1646 quaerentium
638 1611 758 1639 animam
781 1616 868 1644 tuam,

80 1661 114 1693 Χ
131 1663 158 1685 et
171 1658 197 1684 in
213 1665 311 1684 manus
327 1658 338 1692 ζ
357 1664 463 1689 e0rum,
482 1664 600 1692 quorum
612 1656 754 1684 erubescis
771 1664 787 1684 a
802 1656 870 1685 facie

77 1712 195 1732 eorum:
217 1704 286 1737 )(ct
311 1704 337 1729 in
362 1709 473 1729 manum
496 1701 776 1731 Nabuchodonosoris
799 1702 870 1738 regis

78 1750 236 1785 Babylonis,
253 1754 280 1776 et
296 1750 306 1784 ζ
326 1749 352 1775 in
369 1756 467 1776 manus
483 1748 672 1776 Chaldaeorum
686 1756 692 1775 :
706 1748 750 1776 26.
766 1753 793 1776 et
806 1756 871 1783 pro-

77 1796 175 1831 jiciam
214 1801 259 1826 te,
286 1800 314 1822 et
339 1799 454 1822 matrem
484 1798 580 1826 tuam,
604 1802 666 1829 quae
696 1795 800 1829 reperit
827 1799 870 1826 te,

79 1842 106 1869 in
138 1846 238 1869 terram
263 1842 296 1875 Χ
324 1840 469 1874 alienam:
498 1840 543 1867 ubi
572 1848 626 1868 non
659 1845 738 1868 natus
761 1848 791 1868 es
815 1840 869 1867 ibi:

78 1891 108 1914 et
140 1887 177 1914 ibi
203 1887 383 1914 moriemini:
411 1886 456 1913 27.
492 1885 519 1913 in
548 1890 647 1914 terram
675 1893 740 1913 vero
757 1906 765 1918 ,
788 1894 869 1920 quam

79 1933 133 1966 ipsi
171 1931 209 1966 υ»)
240 1935 386 1966 precantur
420 1931 565 1958 animabus
596 1931 654 1958 suis
691 1932 725 1963 Χ
754 1930 787 1957 ad
827 1938 865 1957 re-

83 1977 244 2003 vertendum
276 1976 287 2010 :
315 1975 403 2008 illuc,
439 1975 504 2002 illuc
536 1982 589 2001 non
624 1979 803 2002 revertentur.
836 1975 872 2002 28

82 2024 116 2056 Χ
136 2024 174 2056 (q)
199 2021 236 2049 Os
259 2021 417 2056 reprohum,
433 2027 579 2048 excussum
597 2020 629 2054 ξε
648 2024 805 2046 contemtus
830 2024 873 2047 est

80 2067 125 2095 hic
138 2066 281 2097 Jechonia,
296 2071 325 2093 ut
340 2074 398 2094 vas.
412 2066 484 2100 quod
508 2074 561 2093 non
581 2067 615 2099 Χ
629 2065 693 2092 utile
708 2069 750 2092 est
763 2074 769 2092 :
787 2072 873 2099 quare

79 2112 183 2140 effusus
198 2116 240 2138 est
252 2112 319 2146 ipse,
336 2115 363 2138 et
379 2118 471 2138 semen
484 2110 545 2144 ejus
562 2110 588 2144 ξε
604 2115 631 2136 et
645 2109 872 2137 extuleruntcum

81 2158 109 2185 in
124 2162 236 2187 terram,
254 2164 336 2191 quarti
348 2156 498 2183 nonuovit.
511 2156 557 2183 ‘29.
576 2155 672 2186 Terra,
685 2160 766 2185 terra.
788 2160 871 2185 terra.

910 240 974 273 quia
993 239 1004 272 ζ
1032 240 1065 272 Χ
1081 245 1133 265 non
1160 237 1296 271 crescet:
1322 245 1356 264 ex
1383 238 1487 265 semine
1506 239 1565 273 ejus
1579 240 1629 273 vir,
1655 239 1703 274 qui

910 287 1004 313 sedeat
1011 293 1093 320 super
1102 284 1171 312 solio
1183 284 1304 315 Davidis.
1317 284 1444 319 princeps
1452 284 1569 319 amplius
1582 284 1609 311 in
1622 283 1701 312 Iuda.

945 331 1011 366 Cap.
1029 326 1167 358 XXIII.'—
1178 331 1204 358 I.
1224 330 1246 357 0
1259 336 1393 365 pastores,
1419 330 1467 365 qui
1484 330 1609 365 perditis.
1626 335 1652 358 et
1665 330 1705 358 di-

910 377 1039 413 spergitis
1049 384 1114 404 oves
1132 377 1226 412 pascui
1257 376 1320 408 mei,
1342 377 1375 410 Χ
1396 376 1462 403 dicit
1484 375 1616 404 Dominus
1631 376 1654 410 ζ.
1672 375 1702 403 2.

913 422 1027 457 Propter
1042 421 1094 450 hoc
1112 422 1168 449 haec
1183 421 1250 449 dicit
1262 421 1391 449 Dominus
1413 422 1446 455 Χ
1465 421 1536 449 Deus
1558 421 1666 449 Israelis
1690 422 1702 456 ε

912 474 995 501 super
1010 466 1178 501 pastoribus,
1190 466 1236 502 qui
1252 470 1372 501 pascunt
1384 466 1514 501 populum
1523 473 1633 493 meum:
1648 465 1704 494 Vos

912 512 1083 548 dispersistis
1097 519 1162 540 oves
1177 519 1261 544 meas,
1282 511 1317 547 (ε)
1333 516 1361 540 et
1377 512 1521 547 expulistis
1533 519 1589 544 eas,
1608 516 1636 539 et
1649 519 1705 539 non

912 558 1046 586 visitastis
1061 566 1118 587 eas.
1134 557 1203 586 Ecce
1223 566 1273 593 ego
1299 558 1417 586 ulciscar
1433 565 1516 592 super
1531 565 1580 585 vos
1605 565 1705 585 secun-

913 606 978 633 dum
995 605 1086 633 studia
1102 609 1192 632 vestra
1209 605 1290 636 mala,
1304 605 1338 638 Χ
1350 604 1417 631 dicit
1434 603 1566 631 Dominus
1582 604 1606 637 1:
1622 603 1649 629 ὅ.
1669 602 1703 637 (ι)

912 657 940 680 et
958 653 1040 680 etiam
1056 659 1107 688 ego
1121 651 1250 686 recipiam
1266 649 1390 678 residuos
1405 649 1498 684 populi
1516 649 1567 676 mei
1579 657 1613 676 ex
1626 649 1704 675 omni

913 703 996 730 terra,
1017 698 1056 733 (ιι)
1071 705 1127 732 quo
1153 697 1244 732 expuli
1265 703 1313 723 eos
1333 695 1414 723 illuc:
1433 700 1459 722 et
1476 694 1641 722 constituam
1657 702 1706 722 eos

914 744 954 779 (τι)
971 744 998 771 in
1015 750 1153 779 pascuum
1172 749 1278 773 eorum,
1297 745 1324 768 et
1343 744 1478 774 crescent,
1493 745 1519 767 et
1541 739 1706 774 multiplica-

915 790 1029 818 buntur.
1047 789 1074 816 Δ.
1090 789 1122 816 Et
1141 787 1306 816 constituam
1323 787 1362 814 eis
1376 791 1512 822 pastores,
1529 787 1575 821 qui
1593 789 1706 821 pascent

915 842 981 863 eos:
1005 838 1094 861 etnon
1110 832 1243 860 timebunt
1266 831 1392 865 amplius,
1410 839 1498 866 neque
1509 831 1655 866 pavebunt,
1672 831 1706 866 Χ

914 888 1002 915 neque
1017 881 1055 914 (υ)
1081 879 1233 906 invisentur
1249 877 1274 912 ζ,
1290 877 1357 905 dicit
1367 877 1511 905 Dominus.
1529 877 1556 904 5.
1567 876 1635 904 Ecce
1646 877 1706 904 dies

915 926 1037 958 veniunt,
1049 926 1115 952 dicit
1135 924 1277 954 Dominus.
1295 928 1323 951 et
1336 923 1463 951 excitabo
1479 922 1574 950 Davidi
1591 923 1626 958 (ι)
1645 930 1707 958 εει-ε

914 980 975 1000 men
988 972 1108 1006 justum:
1128 974 1154 997 et
1169 969 1292 1005 regnabit
1306 977 1365 1002 rex,
1379 973 1406 996 ct
1421 968 1560 1004 intelliget,
1573 973 1598 996 et
1625 968 1706 996 faciet

913 1017 1057 1052 judicium,
1086 1020 1113 1042 et
1132 1015 1267 1050 justitiam
1286 1022 1369 1049 super
1386 1019 1469 1042 terra.
1500 1014 1528 1041 6.
1552 1013 1581 1041 In
1609 1014 1706 1041 diebus

913 1062 975 1097 ejus
988 1061 1138 1090 salvabitur
1153 1060 1235 1093 Juda.
1253 1065 1280 1088 et
1295 1060 1376 1088 Israel
1402 1060 1537 1087 habitabit
1551 1059 1706 1088 conlidens.

916 1107 949 1134 Et
964 1107 1016 1134 huc
1029 1114 1128 1134 nomen
1144 1106 1215 1141 ejus,
1230 1106 1302 1141 quod
1317 1106 1427 1133 vocabit
1441 1113 1503 1133 eum
1521 1105 1652 1133 Dominus
1667 1105 1705 1140 (ιι)

914 1151 1040 1180 Josedcc.
1059 1152 1096 1187 (ὁ)
1112 1158 1143 1180 -ε-
1170 1151 1199 1179 In
1215 1151 1356 1187 prophetis
1375 1152 1398 1186 ζ.
1418 1151 1443 1178 7.
1471 1153 1503 1186 Χ
1525 1151 1639 1186 Propter
1655 1151 1707 1179 hoc

915 1205 981 1225 ecce
1011 1198 1081 1230 dies,
1097 1198 1163 1225 dicit
1178 1197 1321 1230 Dominus,
1343 1202 1370 1225 et
1392 1205 1446 1224 non
1472 1198 1562 1225 dicent
1579 1197 1706 1232 amplius,

917 1243 990 1271 Vivit
1005 1244 1147 1277 Dominus,
1162 1244 1207 1279 qui
1223 1243 1316 1271 eduxit
1331 1244 1442 1270 domum
1459 1243 1566 1272 Israelis
1587 1252 1620 1271 ex
1635 1249 1708 1271 terra

917 1290 1045 1326 Egypti;
1062 1290 1089 1318 8.
1107 1290 1155 1318 sed
1180 1290 1246 1318 vivit
1274 1290 1417 1323 Dominus,
1431 1291 1477 1326 qui
1499 1291 1602 1323 eduxit,
1629 1290 1664 1327 (ε)
1680 1297 1709 1320 et

917 1337 1113 1372 congregavit:
1129 1343 1160 1364 -t-
1178 1344 1259 1364 omne
1276 1337 1289 1372 ζ
1307 1338 1340 1371 Χ
1354 1344 1445 1364 semen
1461 1337 1500 1372 (ἀ)
1513 1337 1612 1365 domus
1624 1338 1709 1365 Israc-

917 1382 952 1409 Iis
970 1390 1002 1410 ex
1020 1385 1092 1409 terra
1118 1382 1268 1416 aquilonis,
1284 1386 1312 1409 et
1337 1389 1370 1409 ex
1394 1382 1521 1409 omnibus
1538 1382 1708 1417 regionibus,

918 1435 973 1463 quo
998 1427 1138 1462 expulerat
1152 1434 1199 1454 eos
1224 1426 1299 1458 illuc,
1312 1426 1348 1462 (ε)
1363 1430 1390 1454 et
1406 1427 1525 1454 restituit
1545 1428 1632 1455 eosin
1653 1432 1710 1456 ter-

919 1481 978 1500 ram
997 1480 1102 1500 eorum.
1118 1472 1152 1508 (Γ)
1171 1472 1258 1507 Super
1274 1472 1414 1508 prophetis
1429 1473 1439 1508 ζ
1458 1472 1484 1500 9.
1503 1474 1650 1500 contritum
1666 1479 1710 1502 est

919 1527 968 1546 COI‘
982 1526 1073 1547 meum
1086 1518 1113 1546 in
1129 1526 1189 1546 me:
1205 1523 1342 1546 commota
1363 1522 1426 1546 sunt
1439 1519 1530 1546 omnia
1546 1527 1610 1547 ossa
1629 1527 1706 1548 mea:

920 1564 1009 1592 factus
1035 1572 1096 1592 sum
1120 1565 1191 1592 sicut
1214 1565 1255 1592 vir
1277 1565 1422 1597 contritus,
1450 1570 1476 1593 et
1491 1566 1528 1601 (g)
1542 1565 1613 1593 sicut
1629 1567 1709 1594 homo

920 1614 1016 1644 captus
1044 1617 1060 1637 a
1077 1609 1141 1636 vino
1163 1610 1197 1637 ab
1213 1614 1276 1637 ante
1296 1610 1392 1638 faciem
1408 1610 1526 1643 Domini,
1543 1615 1570 1638 et
1589 1611 1623 1638 ab
1647 1616 1710 1639 ante

921 1655 1018 1682 faciem
1036 1654 1075 1688 (Ii)
1088 1654 1195 1689 pulchri
1206 1654 1313 1683 decoris
1326 1656 1421 1690 gioriae
1433 1656 1510 1691 ejus:
1526 1656 1569 1683 I0.
1586 1657 1620 1690 Χ
1635 1657 1710 1691 quod

921 1699 1051 1727 adulteris
1064 1700 1174 1734 impleta
1193 1705 1235 1727 est
1249 1705 1320 1728 terra
1339 1701 1349 1735 ζ
1365 1710 1373 1735 ;
1389 1702 1454 1736 quia
1481 1702 1515 1729 ab
1537 1707 1600 1730 ante
1610 1702 1710 1730 faciem

921 1746 951 1780 (i)
963 1746 1181 1781 juramentorum
1197 1746 1266 1774 luxit
1281 1751 1363 1779 terra,
1376 1753 1540 1776 exaruerunt
1558 1748 1593 1784 (Ir)
1610 1756 1710 1784 pascua

921 1792 1020 1820 deserti
1034 1801 1041 1820 :
1055 1797 1082 1820 et
1093 1792 1180 1821 factus
1191 1797 1232 1820 est
1248 1801 1346 1821 cursus
1362 1801 1456 1821 eorum
1475 1794 1574 1826 malus,
1587 1799 1616 1822 et
1631 1795 1711 1822 forti-

922 1838 988 1865 tudo
1002 1846 1096 1866 eorum
1116 1846 1170 1866 non
1187 1839 1236 1866 sic.
1254 1839 1298 1866 Il.
1314 1839 1383 1872 Quia
1396 1840 1528 1874 propheta
1542 1845 1569 1868 et
1581 1841 1710 1868 sacerdos

923 1884 954 1919 (ι)
969 1884 1064 1919 polluti
1077 1888 1150 1917 sunt,
1165 1889 1193 1912 et
1210 1885 1237 1912 in
1256 1885 1339 1913 domo
1352 1893 1412 1912 mea
1426 1886 1473 1920 (ιη)
1491 1886 1580 1913 inveni
1594 1886 1710 1914 malitias

923 1936 1029 1961 eorum,
1047 1931 1081 1963 Χ
1095 1929 1161 1956 dicit
1172 1929 1303 1957 Dominus
1317 1930 1340 1964 ζ.
1359 1930 1403 1957 I9..
1421 1930 1533 1964 Propter
1548 1931 1599 1958 hoc
1613 1932 1648 1958 sit
1666 1931 1711 1958 via

923 1982 1018 2001 eorum
1029 1975 1069 2002 eis
1085 1975 1112 2001 iu
1130 1975 1264 2002 lubricum
1279 1976 1306 2002 in
1321 1976 1447 2011 caligine,
1458 1980 1485 2003 et
1499 1976 1712 2011 supplantabun-

923 2024 978 2052 tur,
990 2025 1017 2046 et
1031 2020 1129 2047 cadent
1141 2020 1168 2046 in
1185 2028 1236 2047 ea:
1253 2021 1317 2054 quia
1332 2021 1465 2048 adducam
1481 2029 1562 2056 super
1577 2030 1625 2049 eos
1641 2022 1710 2049 mala

924 2065 950 2092 in
967 2072 1040 2092 anno
1063 2065 1229 2092 visitatiOnis
1254 2073 1360 2097 eorum,
1381 2066 1447 2093 dicit
1462 2065 1604 2094 Dominus.
1621 2068 1664 2094 I5.
1680 2068 1711 2094 lit

924 2111 951 2138 in
971 2111 1110 2145 prophetis
1126 2109 1257 2138 Samaria:
1270 2111 1325 2138 vidi
1345 2111 1383 2146 (η)
1397 2111 1567 2146 iniquitates,
1591 2113 1628 2148 (ο)
1645 2121 1712 2147 pro-

924 2156 1072 2190 phetarunt
1090 2164 1137 2190 per
1148 2155 1222 2188 Baal,
1239 2161 1266 2183 et
1287 2157 1454 2184 seduxerunt
1470 2158 1599 2193 populum
1621 2167 1710 2186 meum

83 2203 147 2231 audi
173 2203 285 2230 verbum
301 2201 415 2229 Domini.
432 2202 476 2229 50.
494 2203 528 2235 Χ
540 2200 602 2229 Ilaec
619 2201 686 2229 dicit
701 2200 832 2228 Dominus
848 2201 871 2237 ξς
890 2209 911 2236 ι)
926 2201 1018 2228 Israel.
1036 2201 1079 2229 I4.
1106 2201 1140 2229 Et
1156 2202 1183 2228 in
1199 2203 1338 2237 prophetis
1354 2202 1506 2230 Jerusalem
1526 2204 1580 2231 vidi
1594 2205 1631 2240 (ρ)
1648 2205 1712 2232 bor-

117 2316 152 2351 (c)
172 2316 216 2348 Λ.,
229 2320 255 2343 et
270 2316 316 2350 qui
331 2315 447 2351 perfodit
462 2317 486 2343 ei
503 2317 646 2351 fenestras,
661 2323 687 2344 et
703 2322 802 2344 tectum
821 2317 943 2349 cedrum,
957 2322 985 2344 et
1001 2317 1080 2351 ungit
1102 2316 1237 2351 sinopidc.
1260 2316 1328 2344 Num
1347 2318 1482 2351 regnabis.
1505 2319 1569 2352 quia
1596 2324 1622 2345 tu
1638 2319 1711 2346 litem

79 2360 174 2388 moves
188 2351 269 2378 cedro
283 2352 439 2388 patristui?
463 2351 558 2388 Nonne
570 2355 636 2382 edit,
651 2358 677 2379 rt
695 2354 770 2385 bibit,
785 2359 812 2379 et
825 2353 888 2380 fecit
899 2353 1051 2387 judicium?
1088 2353 1126 2387 (ἀ)
1144 2352 1186 2388 8.,
1206 2352 1269 2386 quia
1284 2359 1364 2379 vocas
1379 2353 1412 2379 ad
1427 2351 1537 2380 cedrum
1557 2355 1640 2388 patris
1655 2356 1714 2381 tui?

80 2387 163 2424 Nnur
177 2394 231 2413 non
250 2388 316 2417 edit,
331 2391 358 2413 et
366 2387 450 2424 bibit,
467 2393 493 2414 et
508 2387 570 2414 fecit
585 2388 739 2422 judicium?
776 2389 815 2424 (αλ
830 2389 876 2419 Α..
892 2389 1070 2424 ιυιιενὺοιιιῃιι
1085 2389 1110 2414 ei
1127 2396 1133 2414 :
1147 2387 1279 2424 judicavit
1291 2387 1421 2424 judicium
1437 2387 1564 2422 pauperis
1581 2395 1607 2416 et
1624 2391 1711 2424 egeni,

81 2427 147 2449 tunc
159 2422 259 2457 bonum
277 2427 335 2448 erat
349 2421 384 2448 ei.
410 2420 452 2453 3.,
470 2426 534 2449 tunc
549 2420 649 2449 bonum
664 2428 724 2449 erat
744 2423 769 2450 ei
780 2420 792 2449 ἐ
801 2420 938 2457 judicavit
957 2423 1091 2457 judicium
1109 2423 1235 2457 pauperis
1252 2427 1278 2449 et
1292 2420 1389 2457 egeni,
1409 2420 1473 2449 tunc
1489 2420 1589 2450 bonum
1605 2420 1711 2452 er'atei.

81 2457 174 2493 (n.1,,
187 2456 231 2493 _S.,
254 2461 281 2483 et
301 2464 384 2493 super
407 2458 622 2491 oppressionem.
646 2462 673 2484 et
692 2466 774 2493 super
796 2456 906 2485 cursum
929 2456 963 2485 ad
982 2456 1145 2485 faciendum.
1158 2491 1170 2493 _
1184 2459 1211 2492 (ῃ

81 2496 126 2521 δ..
141 2491 256 2518 inclusa.

81 2534 135 2554 non
160 2526 270 2552 audisti.
309 2527 356 2561 (in)
371 2526 415 2558 Α..
433 2526 474 2557 8.,

80 2563 187 2588 elevant
206 2561 325 2587 animam
347 2569 437 2587 suam.

495 2528 585 2554 socios
603 2533 675 2554 tuos.

1213 2457 1221 2492 )
1239 2457 1332 2484 Virmn
1352 2458 1433 2484 hunc.
1472 2458 1510 2493 (h)
1529 2459 1572 2491 A.,
1594 2459 1710 2486 laudata.

295 2492 324 2525 (i)
340 2490 552 2529 S.,_ut'_stcreus,
563 2500 625 2519 cum
640 2490 863 2529 captusefttpri

917 2493 993 2520 ietur.
1030 2493 1066 2528 (Ic)
1082 2494 1127 2525 A.,
1152 2490 1201 2523 3.,"
1213 2490 1383 2529 abundantia
1400 2498 1456 2520 tua.
1477 2490 1515 2527 ’(Ι)
1531 2490 1576 2525 Αέ,
1591 2494 1633 2526 8.,
1647 2495 1711 2529 quia

715 2526 858 2564 autem

939 2529 976 2563 (ο)
993 2526 1039 2560 A.,
1058 2526 1192 2562 parturies
1212 2527 1320 2564 dolores
1335 2529 1415 2564 quasi
1432 2526 1572 2562 parientis.
1606 2526 1710 2564 (1))“Α.,

479 2563 516 2597 (ιη
535 2564 580 2593 Α..
599 2570 670 2598 nunr
682 2563 863 2596 colaphizatio
881 2562 1018 2596 despecta,
1039 2563 1173 2598 dispersa.
1196 2564 1237 2589 vir
1264 2563 1307 2589 hic
1330 2562 1478 2590 Jeehouia?
1508 2563 1542 2598 (r)
1559 2562 1648 2597 A.,”vi

1508 2563 1542 2598 (r)
1559 2565 1576 2590 Α
1585 2584 1602 2597 .,
1624 2565 1712 2592 virum

81 2597 141 2623 sine
155 2597 291 2631 progenie,
302 2603 355 2622 non
368 2603 494 2633 prospere
506 2602 639 2632 agentem.
652 2596 693 2629 8.,
709 2597 816 2625 inanem
830 2598 927 2625 virum.
942 2605 994 2624 non
1012 2596 1140 2632 prospere
1160 2602 1293 2632 agentem.
1328 2598 1361 2633 (ε)
1381 2598 1411 2624 ΕΙ.
1425 2596 1581 2626 seduxistis.

80 2633 162 2658 etiam
181 2638 231 2664 ego
252 2632 579 2667 congregaboﬁresiduum
602 2633 691 2667 gregis
711 2634 763 2659 mei
785 2640 818 2660 ex
838 2632 965 2659 omnibus
982 2633 1073 2660 terris.

80 2668 206 2693 decorem
219 2669 324 2693 eorum.
364 2670 401 2701 (y)
419 2666 461 2696 8..
477 2667 648 2694 dissentient.

83 2701 123 2733 5.,
151 2702 271 2735 justitiea
292 2709 351 2727 nos.
391 2700 427 2735 (II)
455 2701 508 2728 Illc.

83 2743 154 2764 terra
180 2744 238 2762 sua.
283 2736 315 2770 (f)
340 2735 402 2768 TIL,
421 2736 464 2763 ab.

81 2773 185 2799 vinum.
231 2771 326 2805 (Ii).I.,
349 2770 390 2803 8.,
415 2770 569 2799 verborum.

82 2808 130 2841 (in)
147 2805 216 2845 Vidi.
260 2806 298 2841 (η)
313 2807 356 2839 Α.,
379 2806 570 2834 insuisitatem.
590 2805 635 2840 8.,
657 2808 809 2835 stultitiam.

83 2846 235 2870 IIICIIIIRICIO.

1112 2605 1140 2624 re
1160 2602 1293 2632 agentem.
1328 2600 1361 2638 (ρ)
1381 2600 1411 2624 ΕΙ.
1425 2600 1581 2639 seduxistis.
1616 2600 1653 2661 λι)
1666 2600 1712 2630 Α..

1112 2633 1151 2668 (ιι)
1168 2633 1230 2660 lude
1246 2641 1301 2668 quo
1318 2634 1433 2667 dispchI
1459 2642 1516 2661 eos.
1562 2636 1601 2669 (λ’)
1641 2655 1659 2665 ..
1679 2635 1714 2661 ad

683 2668 719 2701 (ι)
734 2669 778 2700 Α.,
797 2675 906 2703 germen
929 2668 1006 2701 justi.
1021 2667 1067 2703 β..
1085 2667 1194 2702 germen
1209 2667 1323 2702 justum.
1359 2669 1394 2703 (α)
1416 2669 1461 2702 11.,
1487 2667 1594 2703 justitia'
1610 2676 1712 2697 nostra.

549 2703 585 2736 (ε)
609 2701 639 2739 Et
667 2701 812 2739 ascendere
836 2702 908 2729 fecit.
947 2703 986 2735 td)
1015 2701 1117 2737 Reliqui
1141 2713 1147 2729 :
1169 2701 1248 2739 filios.
1287 2704 1322 2738 (e)
1343 2701 1389 2735 A.,
1413 2709 1439 2730 et
1454 2701 1608 2731 residebunt
1634 2713 1715 2739 super

503 2737 540 2772 (ῃ)
554 2738 599 2768 Α.,
613 2737 686 2775 sicut
704 2738 792 2775 fortis,
810 2745 890 2775 quem
906 2739 1052 2775 superavit
1071 2739 1176 2775 viuum.
1207 2737 1248 2775 S._.
1264 2737 1295 2765 et
1313 2737 1450 2775 Vsicul’vir,
1475 2747 1554 2773 quem
1577 2737 1715 2774 superatit

610 2773 640 2806 (i)
662 2772 706 2803 A.,
729 2773 938 2799 maledictionis.
954 2772 1065 2800 Ilorum.
1103 2773 1140 2807 (k)

1160 2774 1204 2802 Α..
1226 2773 1336 2800 decora.
1380 2773 1411 2808 (ί)
1433 2775 1479 2807 Α.,
1497 2773 1713 2802 tnurnmrm'uul.

853 2809 890 2843 (ο)
910 2807 950 2834 Ili.
989 2809 1026 2843 (ρ)
1042 2808 1086 2840 Α.,
1113 2808 1261 2844 exemplar,
1282 2807 1456 2841 adulterium,
1477 2815 1502 2837 et
1531 2810 1661 2838 malitiam
1688 2811 1714 2837 in
