1919 3077
222 147 295 176 2559

807 149 920 178 CODEX
942 147 1118 176 SYRO-HEX
1124 152 1141 177 .\
1147 149 1188 176 Pl.
1197 152 1209 175 \
1215 149 1277 178 RIS.

1786 153 1854 179 23.10

223 201 323 236 ribilia,
341 202 534 236 adulterantes,
560 209 586 232 et
609 205 779 233 ambulantes
795 207 822 233 iu
849 207 1009 238 mendaciis,
1027 208 1046 235 Α
1074 206 1214 240 proferunt
1236 207 1391 241 proplietias
1407 207 1516 242 linguae,
1541 213 1567 235 et
1582 208 1728 235 dorniitant
1751 207 1854 234 dormi-

223 249 262 280 (q)
276 252 302 274 et
317 248 477 283 adjuvautes
494 257 590 277 manus
607 251 702 282 malas,
726 257 756 278 tit
785 261 818 279 ne
835 257 1017 280 reverteretur

224 293 413 328 unusquisque
424 302 439 321 a
451 295 492 322 via
509 303 557 322 sua
571 296 650 322 mala.
666 296 739 323 Facti
752 303 815 325 sunt
830 299 895 325 mihi
910 306 1016 330 omnes,

224 343 252 364 ut
273 339 385 372 Sodom,
415 344 442 367 et
460 341 613 368 habitantes
641 342 667 368 in
687 350 729 375 ea,
755 347 784 370 ut
802 343 946 371 Gomorra.
972 345 1015 371 15.

207 408 210 411 λ
225 384 336 420 Propter
350 386 402 414 hoc
425 387 481 414 lucc
497 388 562 414 dicit
587 387 718 415 Dominus
733 389 767 423 >ε<
790 390 919 416 virtutum
937 398 1018 424 super

224 431 370 465 prophetas
386 433 408 466 :z
429 432 497 460 Ecce
513 440 564 467 ego
588 433 721 460 edendum
738 435 810 462 dabo
830 436 871 463 cis
888 436 922 470 (r)
938 436 1016 463 dolo-

224 485 294 510 rem,
312 482 338 505 ct
363 478 465 512 potabo
487 485 534 505 eos
550 485 620 513 aqua
637 480 672 513 (si
689 487 801 508 amara:
818 481 882 515 quia
898 489 930 508 ex
947 489 1017 516 pro-

206 523 314 557 .phetis
333 521 484 550 Jerusalem
508 531 616 558 egressa
645 530 687 552 cst
708 526 740 561 (ι)
762 526 875 560 pollutio
897 527 924 553 in
941 527 1016 554 omni

225 573 306 596 terra.
322 567 364 594 16.
379 568 425 595 Sic
440 568 505 596 dicit
517 568 648 597 Dominus
662 571 700 606 (ιι)
716 572 846 598 virtutum
859 581 864 598 :
879 571 917 598 Ne
928 572 1019 600 audia-

224 614 260 640 tis
273 615 352 640 vcrba
372 614 578 649 prophetarum,
597 617 642 650 qui
662 617 826 651 prophetant
842 618 934 650 vobis,
954 619 1016 653 quia

225 660 288 686 vani
305 661 338 693 Ἀ
350 660 427 687 vobis
446 661 519 694 :illi,
539 661 671 691 visionem
689 663 779 690 cordis
800 663 842 690 sui
855 663 1017 698 loquuntur,

223 711 250 733 ct
263 714 315 733 non
331 714 363 733 ex
379 714 426 734 ore
441 707 549 734 Domini
563 717 569 734 :
583 708 625 735 l7.
643 708 758 735 dicendo
770 710 804 742 >κ
823 709 919 736 dicunt
938 709 948 743 ζ
972 709 1015 742 iis,

223 753 270 786 qui
297 752 431 787 repellunt
457 753 569 780 verbum
596 753 720 781 Domini:
737 754 792 781 Pax
813 755 867 782 erit
880 755 974 782 vobis:
991 761 1018 783 et

223 797 353 825 omnibus
370 798 575 827 ambulantibus
599 800 625 827 in
647 800 833 827 voluntatibus
854 802 922 833 suis,
942 801 1016 828 omni

223 843 374 871 ambulanti
391 844 418 871 in
434 851 527 872 errore
543 851 573 872 -ε-
589 846 700 880 cordis:
716 846 755 880 (ιτ)
767 853 862 873 eorum
873 847 1014 874 dixerunt:

223 889 282 916 Non
300 890 408 917 venient
421 898 503 925 super
523 896 549 918 te
568 892 648 918 mala.
666 892 708 918 18.
725 891 859 925 Quoniam
879 893 941 927 quis
955 899 1012 920 ste-

196 969 201 972 _
223 935 255 962 tit
270 934 307 970 ty)
324 935 351 962 in
367 935 543 963 subsistentia
563 937 680 968 Domini,
697 938 730 971 3K
748 942 774 963 et
789 938 856 964 vidit
873 938 896 971 ζ.
918 943 944 965 cl
965 947 1013 965 au-

222 981 291 1008 divit
311 988 466 1008 scrmonem
496 981 574 1016 ejus?
592 983 654 1016 quis
679 983 845 1010 auscultavit
873 985 906 1018 )s(
932 985 1013 1011 verba

223 1027 260 1061 (ι)
277 1035 336 1054 mea
352 1027 376 1062 ζ,
389 1032 416 1054 et
429 1027 548 1055 audivit?
567 1029 609 1056 l9.
627 1028 695 1056 Ecce
711 1029 748 1064 (α)
763 1031 910 1057 commotio
926 1038 939 1057 a
963 1029 1014 1057 Do-

223 1073 308 1104 mino,
327 1077 353 1100 et
369 1073 405 1108 (b)
421 1073 461 1100 ira
475 1074 639 1109 egredietur,
656 1083 717 1109 qua:
730 1075 756 1102 in
777 1076 884 1103 turbine
898 1077 1015 1103 circum-

223 1119 282 1145 ieus
297 1126 379 1154 super
397 1119 496 1154 impios
512 1120 612 1152 veniet,
636 1120 681 1148 20.
699 1129 752 1148 nou
773 1126 922 1148 revertetur
942 1122 1016 1149 furor

223 1164 342 1197 Domini.
361 1165 449 1193 donec
460 1165 555 1192 fecerit
567 1166 644 1198 illud,
664 1170 690 1192 vl
704 1167 791 1194 donec
805 1168 930 1194 statuerit
946 1168 1012 1195 illud

223 1210 259 1245 (c)
270 1211 304 1237 ab
313 1211 530 1245 apprehensiuue
543 1212 634 1239 cordis
646 1212 700 1239 sui.
716 1214 743 1239 lu
757 1213 810 1240 line
822 1213 927 1240 dierum
938 1214 1017 1240 intel-

223 1256 306 1290 ligent
319 1264 352 1284 ea
369 1257 396 1284 in
414 1257 454 1284 eis
469 1258 502 1291 γ(
520 1257 546 1284 in
562 1258 737 1292 intelligentia
757 1258 767 1292 ί
783 1258 828 1285 2|.
846 1258 904 1286 Non
925 1259 1016 1286 mitte-

224 1302 456 1337 h.im'prophetas,
473 1307 500 1330 et
515 1303 554 1330 illi
572 1304 740 1331 currebant:
764 1312 816 1331 non
839 1304 944 1332 locutus
956 1314 1015 1332 sum

223 1343 331 1380 ad‘eos,
349 1351 376 1375 et
391 1348 429 1375 illi
448 1349 656 1383 prophetabaut.
676 1349 721 1375 22.
736 1349 767 1376 Et
782 1350 804 1377 si
826 1350 965 1377 stetissent
978 1351 1016 1386 (d)

224 1391 252 1418 in
273 1392 449 1419 subsistentia
467 1400 537 1424 mea,
552 1398 580 1419 et
597 1393 692 1420 audire
708 1393 836 1420 fecissent
858 1395 939 1421 verba
957 1402 1016 1421 mea

224 1436 355 1471 populum
370 1445 473 1471 meum,
488 1441 515 1464 et.
538 1438 705 1465 avertissent
720 1446 767 1466 eos
782 1440 815 1472 >θ<
827 1446 842 1465 a
865 1439 907 1466 via
921 1447 1016 1467 eorum

224 1483 307 1516 mala,
330 1483 411 1510 etiam
429 1484 440 1518 ζ
456 1492 471 1511 a
489 1484 587 1511 studiis
610 1484 690 1511 malis
707 1492 811 1512 eorum.
829 1486 874 1512 23.
891 1486 926 1521 (ε)
945 1485 1017 1513 Dens

1069 258 1171 280 tionem
1189 262 1276 280 suam.
1293 254 1336 280 52.
1363 253 1430 280 Eeec
1449 262 1498 288 ego
1521 254 1553 280 ad
1579 254 1736 289 prophetas,
1761 260 1792 281 -ι-
1809 254 1853 287 qui

1070 299 1231 332 proplietaut
1251 299 1261 332 ζ
1279 299 1385 326 somnia
1408 299 1488 330 falsa,
1504 301 1537 332 3K
1550 299 1617 326 dicit
1644 299 1778 326 Dominus
1794 300 1819 333 ζ.
1830 305 1854 325 et

1071 350 1182 371 uariant
1194 354 1236 377 ea,
1249 349 1276 372 ct
1290 346 1457 372 seduxerunt
1474 345 1602 380 populum
1622 353 1711 372 mcum
1736 345 1763 372 in
1780 352 1855 372 men-

1068 390 1155 417 daciis
1178 391 1245 421 suis,
1273 395 1300 418 et
1329 391 1365 425 (k)
1380 391 1405 418 in
1419 391 1559 418 erroribus
1578 391 1646 423 suis,
1672 395 1700 417 et
1726 398 1779 424 ego
1802 399 1854 417 non

1069 438 1130 464 misi
1148 444 1205 467 eos,
1227 444 1275 464 nec
1291 437 1404 471 prtecepi
1429 437 1480 466 cis.
1496 441 1524 464 ct
1537 437 1681 464 utilitatem
1708 436 1856 463 adferendo

1069 490 1122 509 non
1138 482 1282 509 utilitatem
1297 482 1422 509 adferent
1438 483 1538 517 populo
1559 482 1669 516 liuic,x
1683 483 1751 509 dicit
1767 482 1856 509 Domi-

1068 528 1154 562 ηυδε.
1170 528 1216 554 55.
1239 527 1271 554 Et
1292 528 1314 555 si
1328 528 1534 562 interrogaverit
1556 533 1582 556 te
1606 529 1724 563 populus
1745 528 1802 559 hic,
1819 529 1855 554 τρι

1067 573 1211 607 propheta,
1227 572 1269 599 vel
1294 572 1433 606 sacerdos,
1451 573 1564 600 dicens:
1580 571 1652 606 Quid
1667 573 1698 607 (Ι)
1713 580 1786 600 onus
1809 573 1858 599 Do-

1068 618 1134 644 niiui
1145 617 1156 644 ?
1167 623 1195 644 et
1208 618 1282 644 dices
1292 618 1331 645 eis
1343 627 1349 645 :
1361 617 1417 645 Vos
1431 619 1497 645 estis
1507 626 1588 650 onus,
1600 618 1648 654 (ut)
1664 623 1690 645 et
1701 618 1858 645 dilacerabo

1068 671 1128 694 vos,
1140 663 1207 690 dicit
1219 663 1362 691 Dominus.
1376 664 1420 690 54.
1436 664 1469 690 Et
1482 664 1623 698 propheta,
1637 668 1664 691 et
1678 664 1824 694 sacerdos,
1834 668 1858 689 et

1068 709 1198 743 populus,
1222 709 1389 744 quicumque
1414 709 1550 736 dixerint:
1577 710 1652 737 Ouus
1677 709 1808 736 Domini:
1834 713 1859 735 et

1069 755 1187 782 ulciscar
1204 756 1236 789 κ(
1252 762 1335 789 super
1352 756 1363 790 ζ
1388 755 1523 781 hominem
1546 755 1631 786 illum,
1650 756 1684 788 >Δ<
1701 759 1729 781 et
1743 761 1829 788 super
1846 753 1856 787 ζ

1069 798 1183 826 domum
1199 799 1270 834 ejus.
1292 799 1337 827 55.
1353 798 1422 832 Quia
1443 799 1483 826 sic
1507 799 1603 826 dicetis
1618 799 1812 834 unusquisque
1827 799 1858 825 ad

1068 845 1223 880 proximum
1239 853 1330 878 suum,
1347 850 1373 872 et
1385 844 1571 879 unusquisque
1585 844 1617 871 ad
1632 843 1744 871 fratrem
1760 851 1856 871 suum:

1070 891 1135 924 quid
1147 891 1287 925 respondit
1296 890 1467 921 Dominus,et
1475 889 1539 924 quid
1549 889 1655 916 locutus
1663 888 1859 917 estDomiuus?

1065 937 1109 964 56.
1121 936 1153 963 Et
1164 944 1233 963 onus
1241 936 1345 963 Domini
1357 943 1391 962 ne
1402 935 1548 962 nominetis
1559 935 1691 970 amplius;
1706 935 1775 969 quia
1790 943 1858 961 onus

1065 982 1172 1009 Domini
1186 982 1238 1010 erit
1251 982 1352 1009 homini
1366 989 1456 1010 sermo
1469 981 1501 1015 Χ
1514 981 1573 1015 ejus
1589 982 1612 1016 ζ.
1627 980 1660 1007 Ει
1674 981 1857 1015 perturbastis

1067 1028 1100 1060 )t(
1115 1028 1196 1054 verba
1211 1027 1256 1054 Dei
1269 1027 1396 1060 viventis,
1416 1027 1522 1054 Domini
1537 1027 1678 1058 virtutum,
1692 1025 1740 1053 Dei
1757 1026 1855 1053 nostri.

1065 1074 1109 1100 57.
1125 1073 1171 1100 Sic
1185 1073 1280 1100 dicetis
1303 1073 1336 1100 a~l
1361 1073 1538 1107 prophetam:
1553 1072 1623 1105 Quid
1650 1073 1796 1106 respondit
1811 1072 1855 1098 tibi

1066 1118 1210 1151 Dominus,
1231 1123 1259 1146 et
1273 1119 1338 1153 quid
1357 1119 1464 1146 locutus
1480 1123 1522 1145 est
1541 1118 1692 1145 Dominus?
1705 1117 1751 1145 '58.
1770 1117 1811 1150 (η)
1827 1117 1858 1143 Et

1066 1166 1088 1193 si
1105 1173 1175 1193 onus
1191 1166 1296 1193 Domini
1312 1165 1436 1192 dixeritis
1458 1166 1488 1199 :;
1506 1169 1615 1199 propter
1642 1165 1695 1191 hoc
1715 1164 1774 1190 haec
1793 1164 1858 1190 dicit

1069 1211 1217 1238 Dominus:
1236 1211 1289 1238 Pro
1310 1218 1342 1238 eo
1366 1210 1438 1246 quod
1463 1210 1572 1237 dixistis
1594 1217 1748 1237 sermonem
1775 1209 1858 1239 hunc.

1066 1265 1136 1285 onus
1153 1257 1272 1289 Domini,
1287 1263 1315 1284 et
1327 1257 1389 1284 misi
1403 1257 1436 1283 ad
1457 1264 1515 1288 vos,
1533 1256 1640 1283 dicens:
1667 1254 1727 1282 Non
1749 1255 1857 1283 dicetis.

1067 1311 1137 1331 onus
1153 1303 1270 1330 Domini.
1299 1303 1343 1330 59.
1366 1302 1480 1336 Propter
1502 1302 1553 1329 hoc
1571 1308 1635 1329 ecce
1652 1308 1703 1335 ego
1722 1308 1807 1328 sumo
1827 1301 1858 1334 Χ

1068 1357 1117 1376 vos
1131 1356 1216 1376 onere
1231 1349 1256 1382 ζ,
1279 1353 1306 1375 et
1333 1348 1489 1374 dilacerabo
1511 1354 1568 1379 vos,
1593 1351 1621 1373 et
1645 1345 1755 1378 urbem,
1778 1353 1859 1380 quam

1067 1394 1128 1421 dedi
1148 1395 1235 1425 vobis,
1255 1399 1281 1421 et
1303 1394 1424 1429 patribus
1449 1393 1557 1424 vestris,
1579 1394 1613 1426 X
1627 1399 1643 1418 a
1667 1392 1737 1419 facie
1762 1398 1824 1418 mea
1837 1391 1858 1425 ζ.

1069 1440 1113 1467 40.
1132 1440 1164 1467 Et
1184 1440 1255 1467 dabo
1271 1447 1354 1474 super
1374 1446 1422 1466 vos
1444 1438 1620 1472 opprobrium
1645 1437 1858 1470 soiiipitcrnum.

1069 1491 1096 1514 et
1122 1486 1297 1520 ignominiam
1323 1485 1536 1519 sempiternam,
1561 1490 1622 1519 qua:
1643 1491 1697 1511 nou
1725 1482 1859 1510 oblivioni

225 1529 395 1564 propinquus
423 1537 484 1565 ego,
509 1529 576 1557 dicit
601 1529 744 1563 Dominus,
762 1535 789 1558 et
810 1539 863 1558 non
888 1531 961 1558 Deus
982 1532 1015 1559 dc
1032 1543 1053 1570 ρ
1071 1532 1205 1559 tradetur.

224 1576 316 1610 longe.
328 1576 374 1605 24,
392 1575 421 1604 Si
443 1584 473 1603 se
493 1577 575 1604 abdat
591 1577 653 1612 quis
669 1577 695 1604 in
712 1577 823 1609 abditis,
841 1583 868 1605 et
890 1586 941 1613 ego
964 1586 1017 1606 non

225 1621 322 1648 videbo
332 1628 394 1648 eum
407 1621 462 1655 νὴ(
476 1621 541 1648 dicit
556 1620 688 1648 Dominus
704 1622 729 1656 ζε
748 1623 878 1657 numquid
894 1630 947 1650 non
962 1631 1017 1650 cce—

225 1665 283 1692 lum
293 1670 321 1693 et
331 1670 431 1693 terram
451 1674 501 1701 ego
518 1666 629 1700 impleo.
646 1666 712 1693 dicit
731 1667 888 1694 Dominus?
905 1668 949 1694 25.
964 1669 1019 1695 Au-

226 1711 293 1743 divi,
305 1718 365 1745 quae
380 1712 531 1746 loquuntur
546 1713 693 1746 prophetia,
710 1720 771 1746 quat
796 1713 957 1747 prophetaut
970 1721 1018 1740 su-

226 1764 275 1791 per
287 1758 398 1785 nomine
416 1764 487 1790 meo,
503 1757 646 1785 mendacia
667 1758 807 1786 dicentes:
822 1758 856 1793 (r)
883 1759 1017 1786 somniavi

206 1823 209 1824 ν
226 1803 429 1831 somnium.26.
441 1802 588 1838 Usquequo
600 1808 681 1830 erunt
693 1804 719 1830 iu
732 1803 814 1831 corde
824 1805 1018 1838 prophetarum

227 1848 447 1883 prophetantium
459 1849 538 1882 falsa,
553 1854 581 1876 et
600 1849 664 1876 dum
686 1849 850 1884 prophetarit
866 1850 1018 1877 voluntates

227 1895 319 1922 cordis
340 1895 394 1926 sui,
407 1895 452 1922 27.
465 1895 656 1929 cogitantium,
675 1900 705 1922 ut
728 1896 904 1923 obliviscatur
917 1896 949 1930 γε
970 1903 1017 1930 po-

228 1942 309 1977 pulus
323 1948 400 1968 meus
417 1941 428 1975 ξ
447 1941 485 1976 (g)
501 1940 569 1975 legis
585 1948 651 1968 mete
668 1941 695 1968 in
709 1941 823 1968 somniis
837 1949 944 1973 eorum,
958 1949 1019 1976 quae

227 1991 374 2015 narrarunt
388 1987 579 2022 unusquisque
598 1988 725 2019 proximo
744 1994 805 2020 suo,
823 1992 852 2014 ut
865 1987 942 2014 obliti
955 1992 1019 2015 sunt

227 2038 321 2069 patres
332 2041 428 2061 eorum
454 2033 574 2061 nominis
587 2034 639 2060 mei
658 2033 685 2060 iu
709 2033 792 2060 Baal?
812 2033 857 2060 28.
871 2033 1017 2068 Propheta,

228 2079 256 2106 iu
272 2087 328 2114 quo
342 2083 385 2107 est
400 2078 549 2111 somnium,
562 2084 655 2106 narret
670 2078 808 2106 somnium
823 2086 916 2110 suum,
931 2084 958 2106 et
971 2081 1018 2113 qui

227 2132 319 2152 sermo
344 2132 422 2152 incus
449 2125 482 2152 ad
498 2132 573 2157 eum,
592 2128 685 2151 narret
699 2132 853 2152 sermonem
871 2132 961 2152 meum
990 2126 1017 2153 ill

227 2171 352 2198 veritate.
370 2171 440 2204 Quid
454 2171 530 2206 palea
550 2171 583 2198 ad
602 2170 782 2204 triticum?x
801 2170 868 2198 dicit
884 2171 1017 2199 Dominus

1105 1577 1170 1612 Cap.
1187 1576 1353 1604 XXIV.—l.
1369 1576 1491 1604 Ostendit
1506 1575 1571 1602 mihi
1587 1574 1721 1602 Dominus
1736 1574 1810 1602 duos
1825 1574 1860 1608 (at

1069 1623 1192 1651 calathos
1217 1622 1327 1655 iicuum,
1347 1623 1451 1656 positos
1462 1627 1524 1649 ante
1541 1621 1637 1648 faciem
1651 1621 1746 1655 templi
1770 1621 1862 1648 Domi-

1071 1671 1110 1701 ni,
1125 1674 1269 1705 postquam
1282 1669 1420 1696 transtulit
1438 1667 1689 1695 Nabuchodonosor
1706 1674 1755 1693 rex
1775 1667 1863 1702 Baby-

1070 1717 1141 1743 lonis
1163 1715 1322 1742 Jrchoniam
1353 1715 1437 1741 lilium
1461 1713 1564 1741 Joacim
1597 1721 1687 1747 regem
1719 1711 1812 1746 Iudae,
1838 1718 1864 1740 et

1071 1762 1210 1797 principes
1236 1762 1270 1795 λ(
1299 1760 1376 1787 Judte
1394 1761 1418 1794 ζ,
1441 1760 1477 1795 (p)
1503 1764 1531 1787 ct
1551 1760 1680 1792 artiﬁces,
1701 1764 1729 1786 et
1756 1759 1864 1786 vinctos

1069 1814 1095 1834 et
1107 1807 1203 1834 divites
1213 1815 1245 1834 ex
1268 1806 1430 1837 Jerusalem,
1444 1810 1471 1832 et
1485 1805 1598 1832 adduxit
1618 1813 1666 1832 eos
1691 1805 1719 1832 in
1746 1805 1863 1840 Babylo-

1069 1860 1141 1879 nem.
1155 1852 1182 1878 2.
1195 1852 1328 1879 Calatinus
1343 1859 1414 1878 unus
1427 1851 1527 1878 ficuum
1542 1851 1708 1885 elegantium
1722 1851 1817 1881 valde,
1835 1856 1864 1878 ut

1069 1899 1138 1925 ficus
1158 1905 1309 1933 pneeoces:
1327 1901 1354 1924 et
1369 1897 1491 1924 calathus
1508 1896 1575 1923 alter
1599 1897 1699 1923 licuum
1724 1897 1861 1924 malarum

1068 1944 1156 1975 valde,
1170 1951 1230 1978 quae
1246 1951 1299 1970 non
1315 1946 1491 1970 comedentur
1504 1949 1558 1977 prae
1576 1942 1679 1968 malitia
1694 1950 1756 1969 sua.
1780 1943 1808 1969 5.
1832 1942 1863 1968 Et

1069 1990 1138 2017 dixit
1153 1990 1283 2016 Dominus
1296 1989 1327 2016 ad
1345 1996 1405 2016 me:
1419 1987 1490 2021 Quid
1510 1993 1538 2015 tu
1562 1988 1649 2019 vides,
1672 1986 1816 2015 Ieremia?
1833 1988 1863 2014 Et

1068 2035 1138 2062 dixi;
1153 2034 1242 2067 Ficus,
1258 2035 1291 2068 >ε<
1302 2033 1369 2061 ficus
1386 2033 1397 2067 ζ
1415 2033 1551 2067 elegantes
1561 2032 1648 2064 valde,
1670 2033 1705 2065 Ἀ(
1720 2036 1749 2058 et
1764 2033 1835 2058 licus
1851 2033 1861 2066 ζ

1069 2081 1167 2112 malas,
1184 2087 1244 2114 qua
1265 2079 1343 2106 mala:
1356 2083 1422 2106 sunt
1434 2078 1523 2111 valde,
1536 2085 1597 2112 qua:
1610 2085 1664 2104 non
1680 2077 1864 2104 comedentur

1069 2134 1123 2161 pra:
1141 2125 1242 2152 malitia
1259 2132 1318 2152 sua.
1331 2125 1357 2151 4.
1383 2123 1415 2150 Et
1430 2123 1534 2150 factum
1551 2128 1593 2150 est
1617 2123 1731 2150 verbum
1752 2122 1862 2149 Domini

1069 2173 1103 2199 ad
1119 2180 1174 2203 me,
1187 2171 1300 2198 dicens:
1319 2171 1345 2197 5.
1362 2169 1425 2197 Haec
1439 2169 1506 2196 dicit
1524 2169 1655 2196 Dominus
1675 2168 1747 2195 Deus
1774 2167 1865 2195 Israe-

230 2217 255 2250 ζ.
266 2217 311 2245 29.
321 2216 415 2244 Nonne
431 2224 496 2244 ecce
510 2216 592 2243 verba
608 2224 679 2248 mea,
694 2220 724 2243 ut
737 2216 818 2251 ignis,
838 2217 906 2245 dicit
924 2218 1017 2245 Domi-
1035 2211 1056 2239 ι)
1071 2220 1118 2246 lis:
1134 2217 1169 2245 Ut
1181 2218 1248 2245 licus
1261 2217 1302 2244 hae
1313 2217 1460 2251 elegantes,
1474 2216 1510 2242 ita
1527 2222 1722 2250 recognoscant
1739 2221 1806 2245 eos,
1818 2213 1864 2248 qui

229 2270 291 2294 nus,
304 2267 331 2289 et
344 2267 374 2290 ut
386 2263 425 2297 (In)
439 2262 544 2290 securis
559 2261 667 2289 credens
691 2262 818 2296 petram?
839 2263 884 2290 30.
901 2262 1016 2298 Propter

230 2308 281 2335 hoc
293 2315 356 2335 ecce
371 2315 420 2342 ego
437 2307 471 2335 ad
487 2307 643 2342 prophetas,
657 2307 725 2334 dicit
751 2307 893 2340 Dominus,
907 2309 954 2344 qui
973 2309 1017 2336 fu-

229 2359 325 2381 rantur
338 2354 421 2381 verba
447 2361 507 2381 mea
526 2354 673 2388 unicuique.
697 2361 732 2380 ex
756 2354 880 2388 proximo
896 2361 954 2382 suo.
970 2355 1015 2382 5|.

230 2400 299 2427 Ecce
311 2407 362 2434 ego
376 2400 410 2427 ad
430 2399 588 2435 prophetas,
609 2400 643 2433 Χ
654 2399 721 2427 dicit
737 2399 870 2427 Dominus
887 2400 912 2434 ζ,
926 2401 956 2436 (ἰ)
970 2402 1016 2436 qui

265 2457 302 2491 (ᾳ)
314 2456 356 2489 S.,
371 2462 398 2484 et
408 2457 587 2485 extenderunt
597 2465 695 2486 manus
707 2458 795 2485 malis.

230 2528 340 2554 latione.

1071 2264 1299 2299 transmigrarunt
1320 2262 1406 2295 Judw,
1434 2269 1503 2296 quos
1518 2261 1579 2288 misi
1605 2267 1639 2287 ex
1668 2260 1729 2286 loro
1755 2260 1812 2286 hoc
1838 2259 1863 2285 iu

1071 2317 1170 2338 terram
1181 2309 1372 2337 Chaldaeorum
1392 2308 1417 2335 in
1433 2308 1517 2334 bona.
1529 2306 1556 2334 6.
1579 2305 1611 2332 Et
1633 2305 1751 2332 lii-tuabo
1767 2304 1864 2332 oculos

1070 2364 1147 2384 meos
1161 2363 1243 2391 super
1256 2363 1304 2382 eos
1315 2355 1341 2382 in
1357 2354 1425 2382 bona
1436 2362 1442 2379 :
1455 2357 1482 2380 et
1497 2353 1635 2381 restituam
1649 2359 1697 2378 eos
1716 2351 1742 2378 in
1760 2356 1862 2378 terram
1884 2373 1886 2378 .

1071 2402 1152 2435 hanc,
1164 2406 1192 2429 et
1207 2400 1376 2428 rezedilicabo
1392 2406 1451 2432 eos,
1474 2403 1502 2426 et
1525 2405 1578 2425 non
1599 2398 1740 2424 destruant
1766 2397 1823 2431 (q):
1838 2400 1863 2422 et

729 2458 795 2501 etis-
831 2457 1393 2501 (ν),Α.-νέιι>είειιιιίυηι·δι’βειειτίιυαὲηςιῑι·
1415 2454 1448 2495 (ε)
1461 2452 1861 2501 r‘mEaR‘t‘S-t'°‘2;°EPEPJ§Q-

229 2492 262 2526 (ι)
278 2493 323 2521 Λ..
345 2500 465 2520 crassus.
482 2491 524 2525 S.,
545 2493 664 2528 pollutus
683 2491 839 2527 lapidibusj
866 2493 904 2528 (ιι)
919 2493 1107 2529 Omnipotens.
1140 2494 1178 2529 (π)
1193 2492 1267 2525 Ejus.
1308 2491 1345 2526 (υ)
1360 2491 1403 2520 Α..
1422 2491 1447 2516 in
1462 2491 1600 2516 iuell'ahili.
1620 2491 1661 2519 5.,
1679 2491 1706 2514 in
1724 2491 1862 2515 confabu-

230 2528 346 2568 ιυρίυιιςκ
388 2528 511 2568 mritis
551 2528 599 2568 ..(~>
619 2528 664 2568 Αιι
684 2532 846 2568 tempestas.
863 2525 1135 2568 δυηρηιαοιιεμτιπψ
1151 2535 1199 2568 ιιρπ
1210 2528 1307 2562 iam
1325 2525 1388 2568 mihi
1406 2525 1530 2568 "sies-
1543 2523 1862 2568 ,mrgaéswe'ﬁrae

1308 2491 1345 2526 (υ)
1360 2491 1403 2520 Α..
1421 2487 1447 2516 in
1462 2487 1600 2526 ineffabili.
1620 2487 1661 2519 S.,
1679 2488 1706 2514 in
1724 2488 1862 2515 confabu-

231 2562 325 2589 mirari
340 2558 411 2590 hanc
425 2558 571 2600 No'rbergii'
587 2558 801 2600 ceiifession'em.
814 2558 972 2600 “Notissima
988 2558 1066 2592 enini
1079 2558 1276 2600 tritissimaipic
1301 2565 1410 2600 esth\'0X_
1427 2564 1522 2599 Nam)
1541 2559 1610 2592 8W“|
1629 2558 1716 2600 53’”)?
1732 2563 1863 2600 ³,ιιεεξπδ

230 2605 281 2624 nec
295 2605 347 2634 non
363 2593 578 2634 :qmdirahbinus
589 2597 658 2634 Syro
678 2601 783 2624 utentes
794 2597 932 2634 idioniate.
949 2599 1099 2634 Significat,
1115 2598 1206 2634 turba:
1214 2593 1322 2634 Boreas.
1334 2595 1440 2621 leies
1455 2595 1568 2634 insuper
1578 2599 1720 2634 epiiiparet
1746 2593 1864 2634 inﬁgit-0

231 2637 305 2659 textu
319 2632 351 2659 V.
367 2627 398 2659 'l‘.
412 2632 455 2660 Cf.
471 2631 522 2659 Job
538 2640 594 2665 im,
611 2627 666 2663 '18;
689 2632 842 2665 xxvti;20;
862 2641 965 2666 xxxvii,
980 2627 1013 2662 ἶ).
1030 2627 1134 2662 Nalmiu
1156 2642 1174 2665 i,
1192 2633 1218 2659 5.
1236 2632 1319 2658 llavlix
1338 2636 1380 2657 est
1393 2634 1445 2658 73:.
1462 2627 1617 2666 Dracli.](bl
1635 2627 1679 2666 Ira
1690 2628 1862 2666 egredietur,

230 2672 257 2694 et
272 2667 350 2694 turbo
365 2675 447 2702 super
461 2671 542 2702 caput
559 2667 715 2702 impiorum.

745 2662 781 2701 (ε)
797 2662 843 2704 11.,
857 2662 1012 2704 cogitationi

1072 2670 1110 2704 (d)
1129 2662 1175 2704 34.,
1196 2665 1419 2704 iuriiieﬂ‘abilibus
1432 2665 1509 2704 meis.
1546 2662 1579 2695 (ὁ)
1601 2663 1644 2704 ᾼ..
1660 2662 1702 2694 8.,
1725 2662 1862 2704 numquid

232 2702 303 2729 Deus
315 2702 349 2729 de
365 2701 535 2737 propinquo?
574 2702 607 2736 (r)
627 2703 672 2732 Α..
687 2701 728 2733 S.,
741 2702 873 2730 somniavi

574 2697 607 2736 (r)
627 2703 672 2732 Α..
687 2701 728 2733 S.,
741 2697 1015 2733 ἐοίιιιιίἁνὶξδυιιιηὶιιι

1074 2697 1111 2738 ig}
1127 2702 1260 2729 Nominis.
1300 2701 1337 2734 (Ιι)
1356 2700 1401 2731 Α..
1419 2699 1532 2738 ιιιιλιιινιξις
1547 2697 1726 2738 confringcns
1741 2701 1861 2738 peti-aui.

233 2736 324 2775 (i)_A.,
339 2732 544 2775 quiassutiiunt
557 2732 676 2775 linguam
692 2732 780 2775 suam,
807 2741 833 2775 et
849 2732 952 2766 dicunt.
984 2739 1025 2772 S.,
1039 2732 1263 2775 etpracparaiites
1284 2732 1446 2775 sei-inuitem.
1477 2733 1520 2775 με)
1666 2733 1693 2775 in
1720 2732 1866 2775 miraculis

232 2767 302 2809 suis.
318 2767 323 2770 ⁷
339 2767 369 2809 ('1)
383 2773 427 2804 A.,
439 2780 547 2809 currus.
589 2767 697 2809 (tua.
710 2777 736 2799 et
750 2772 935 2809 derelinquam
949 2782 1005 2802 vos.

1069 2767 1090 2809 η’
1101 2767 1216 2800 Ιίιόιιυς
1231 2770 1336 2798 Domitii
1352 2779 1403 2797 non
1413 2770 1520 2796 dicetis.
1552 2770 1589 2803 (0)
1604 2768 1650 2800 .i.,
1666 2768 1710 2800 8.,
1733 2767 1864 2795 ﬁscellas.

233 2805 270 2839 (p)
287 2807 331 2836 Α..
344 2805 388 2838 ’8η
402 2812 429 2833 et
443 2805 599 2842 principem
613 2807 762 2836 fabrorum.
806 2807 841 2842 (q)
859 2805 922 2835 Eos.

266 2853 297 2884 (‘)
310 2854 363 2879 Vox
376 2855 450 2880 ltebr.
463 2857 529 2882 ΨΝἺ
541 2855 580 2880 hic
592 2855 674 2888 potius
682 2855 748 2888 fellis
762 2857 892 2882 vertenda.
905 2857 993 2882 Drach.
