1919 3077
70 128 135 158 25M

680 131 840 160 JEREMIAL
863 133 978 161 CAPL'T
998 133 1044 161 ΧΧ
1052 134 1094 162 ιν.

1623 141 1693 168 E342

68 185 262 221 plantaboeos,
284 190 311 213 et
325 193 383 212 non
392 185 558 221 exstirpaho.
575 187 600 214 7.
617 187 648 214 Ει
664 188 736 215 dabo
749 189 788 216 eis
800 197 858 219 cor,
875 198 895 225 Α
911 190 974 223 pleti
1000 190 1099 218 fuerint
1123 191 1149 218 bi
1175 191 1344 227 septuaginta
1369 193 1443 224 anni,
1465 194 1497 228 ἓ(
1520 198 1557 230 (gt
1579 197 1694 225 ulciscar

67 231 100 258 ad
116 231 334 265 cognoscendum
352 238 404 262 me,
431 232 564 266 quodego
583 239 642 259 stltn
660 232 808 261 Dominus:
828 239 857 261 «ι

66 282 147 304 erunt
173 277 238 304 tnibi
256 277 282 304 iu
300 277 439 312 populum,
464 282 491 304 et
506 286 556 311 ego
579 285 627 305 ero
649 278 731 306 eisin
751 279 852 313 Deum;

67 323 130 357 quia
145 330 174 350 se
185 328 344 350 convcrtent
354 331 387 350 ex
397 327 453 350 toto
467 324 548 352 corde
561 332 622 352 suo.
640 324 666 352 8.
685 324 717 352 Et
741 329 770 352 tit
787 326 802 352 ti
816 334 854 353 us

67 368 155 397 malai.
175 375 236 402 quae
260 376 314 395 tton
341 370 519 396 cotnedentur
531 378 586 404 pra:
603 371 704 398 malitia
723 380 781 398 sua.
799 372 855 399 Inee

65 414 132 441 dicit
149 413 291 446 Dotninus,
316 414 357 441 sic
373 415 477 442 tradam
501 414 640 443 Sedeciam
664 425 752 451 regem
766 417 852 449 Juda»,

65 464 93 486 et
108 459 142 493 (r)
159 464 298 494 magnates
318 460 390 493 ejus,
416 465 443 487 et
469 461 607 488 residuum
626 461 789 495 Jerusalem,
807 464 853 498 qui

66 505 168 531 residui
191 509 257 532 sunt
283 505 309 532 in
338 511 409 533 terra
437 507 497 538 hac,
521 514 581 539 eos,
611 508 657 542 qui
681 509 804 536 habitant
826 510 852 536 itt

67 550 194 585 [Egyptm
228 551 253 578 9.
282 550 314 577 Et
337 551 406 578 dabo
434 552 530 585 θυεμ)
551 553 577 578 in
601 553 799 587 dispersione-ti
827 556 853 583 in

67 596 157 621 omnia
172 602 253 630 regna
274 599 361 627 terrm,
379 600 405 622 et
423 595 451 622 itt
466 596 653 630 opprobrium,
674 603 701 624 et
725 597 750 624 iu
776 597 854 624 fabu-

66 641 131 673 lam,
156 645 182 669 et
197 641 228 676 (ι)
244 642 271 668 ln
286 650 303 668 ο
314 642 390 674 lium,
412 647 439 669 et
453 642 479 669 in
497 643 713 670 maledictionem
739 643 765 670 in
779 644 853 670 omni

67 686 137 718 loco,
163 694 218 721 quo
243 688 373 721 expellam
400 695 448 715 eos
471 688 545 715 illuc.
578 689 620 715 10.
643 687 676 716 Ει
700 689 803 715 mittam
827 690 852 716 in

65 739 113 758 eos
127 731 257 766 gladium,
272 737 299 759 et
317 732 426 764 famem,
445 734 522 767 ct(u)
537 738 661 762 mortem.
681 734 768 761 donec.
789 743 853 762 cott-

67 782 212 804 sumantur
228 777 262 804 de
278 782 360 810 terra,
387 786 470 813 quatn
490 778 551 806 dedi
568 779 618 812 eis,
634 780 667 812 >ε<
683 784 710 806 et
731 781 853 814 patribus

66 830 108 848 c0!
117 829 161 848 um
177 822 200 855 ζ.

906 243 989 270 super
1003 244 1091 270 regem
1110 236 1253 273 Babylonis
1266 257 1273 270 ,
1295 243 1323 265 et
1345 239 1356 272 ζ
1377 247 1458 273 super
1480 245 1586 275 gentem
1608 243 1693 276 illam,

905 279 972 306 dicit
988 280 1128 312 Dominus,
1146 281 1304 316 iniquitates
1319 290 1412 309 eorum
1425 304 1432 312 .
1449 288 1475 310 et
1491 292 1573 318 super
1592 289 1693 313 terram

905 324 1113 357 Chaldzeorum,
1135 331 1165 353 et-
1181 334 1278 361 poutuu
1298 335 1345 355 eos
1370 329 1395 355 in
1417 329 1530 356 exitium
1553 337 1694 365 senlplll‘l"

905 377 970 397 nutu
989 370 999 404 ζ
1013 392 1022 403 ,
1040 371 1082 398 l3.
1097 377 1126 398 et
1143 371 1269 399 inducam
1285 380 1366 407 super
1379 379 1477 401 terram
1491 375 1584 402 omnia
1601 376 1693 408 verba,

905 423 966 450 qute
980 416 1087 443 loculus
1100 424 1160 444 sum
1175 425 1256 451 super
1267 425 1317 449 ear;
1331 419 1433 448 omnia,
1446 427 1507 454 quze
1517 419 1617 454 scripta
1630 425 1694 447 sunt

905 459 931 486 in
946 460 1016 486 libro
1032 461 1093 492 hoc,
1110 469 1171 496 qua:
1190 462 1361 496 propltetavit
1379 462 1494 490 Ieremia
1510 470 1591 499 super
1606 465 1695 492 omni-

905 504 956 532 bus
973 505 1108 540 gentibus.
1135 506 1175 533 14.
1199 508 1232 540 >ε<
1249 507 1286 542 (It)
1307 508 1376 540 Quia
1396 509 1537 535 coluerunt
1553 510 1693 537 servitium

905 548 932 575 itt
946 549 987 576 eis
1011 549 1073 576 itetn
1092 550 1158 585 ipsis
1173 556 1266 585 gentes
1290 552 1398 584 multm,
1415 557 1443 578 et
1459 560 1535 586 rcges
1551 554 1651 587 magni,
1667 559 1695 580 et

905 594 1055 621 retribuam
1068 594 1108 622 eis
1125 595 1274 622 secundum
1292 603 1360 630 opus
1376 603 1481 627 eorum,
1497 600 1525 623 et
1543 598 1693 624 secundum

906 638 976 666 facta
989 647 1118 667 manuum
1134 647 1227 668 eorum
1241 640 1265 673 ζ.
1283 640 1324 666 l5.
1342 640 1410 673 Quia
1425 641 1464 668 sic
1475 641 1543 668 dixit
1564 641 1695 669 Dominus

905 685 977 712 Deus
998 686 1104 713 lsraclis
1120 685 1154 713 ad
1176 693 1219 713 me
1239 695 1246 712 :
1270 686 1353 713 Sume
1369 687 1482 713 calicem
1504 686 1559 712 vini
1584 686 1616 722 ti)
1640 695 1693 714 non

905 731 981 759 mixti
996 731 1076 766 hujus
1089 739 1122 759 ex
1141 740 1223 759 manu
1242 740 1311 764 mea,
1329 737 1354 759 et
1373 732 1451 759 dabis
1468 732 1614 760 bibendum
1631 741 1694 760 eum

905 777 1031 805 omttibus
1051 778 1188 812 gentibus,
1209 779 1242 806 ad
1261 786 1331 813 quas
1349 786 1399 813 ego
1421 778 1498 806 mitto
1521 782 1546 805 te
1566 787 1572 805 :
1608 778 1651 805 £6.
1667 784 1695 806 ct

905 823 1005 853 bibent,
1023 823 1059 858 (k)
1076 828 1103 851 et
1121 829 1255 855 evoment,
1273 829 1300 851 et
1319 824 1454 851 insanient
1468 823 1503 851 ab
1518 829 1580 851 ante
1597 823 1694 851 faciem

104 866 171 901 Cap.
190 866 351 895 XXV.—l.
369 867 401 903 (‘)
419 867 548 901 Verbum,
565 869 636 903 quod
654 869 753 897 factum
766 873 807 897 est
819 869 852 896 ad
870 873 889 900 Β
904 868 996 902 gladii,
1012 876 1094 903 quem
1113 877 1164 904 ego
1185 870 1262 896 tnitto
1285 870 1311 896 in
1334 869 1454 898 medium
1475 876 1581 897 eorum.
1600 869 1643 896 Π.
1661 870 1694 903 3K

64 911 210 939 Jeretuiam
232 920 313 947 super
336 920 445 941 omnem
471 915 599 949 populum
622 914 708 949 Juxta;
732 915 758 942 iu
782 923 855 942 anno

65 963 163 991 quarto
175 956 279 985 Joacim
295 958 340 985 ﬁlii
355 958 437 986 Josize
454 960 525 995 regis
542 959 619 987 Judae
634 968 640 986 :
658 960 681 988 is
698 961 730 994 >κ
747 965 787 987 est
806 968 854 987 att-

66 1011 118 1029 nus
148 1003 253 1036 primus
283 1002 560 1032 Nabtiehodonosoris
594 1007 665 1040 regis
696 1005 852 1041 Babylonis,

65 1048 178 1074 verbum
193 1048 218 1081 ζ.
230 1048 257 1074 2.
270 1049 341 1082 quod
354 1049 460 1077 loculus
472 1055 513 1078 est
523 1051 556 1084 x
568 1050 684 1078 Jeremia
695 1052 825 1086 propheta
839 1052 849 1086 ζ

64 1093 98 1119 ad
114 1101 222 1121 onmem
235 1095 363 1128 populum
375 1094 496 1128 Judte,ct
509 1097 541 1123 ad
557 1097 711 1124 habitantes
731 1097 756 1124 in
771 1096 853 1124 Jeru-

65 1139 161 1170 salem,
180 1139 274 1167 dicetis
290 1150 297 1168 :
315 1141 342 1168 5.
365 1142 404 1177 (π)
419 1141 447 1168 In
464 1149 537 1169 anno
553 1144 633 1170 tertlo
648 1143 754 1170 decimo
772 1142 854 1170 Josite

64 1185 111 1212 ttlii
123 1185 208 1213 Atnon
222 1187 291 1221 regis
305 1187 390 1219 Julze,
400 1193 425 1214 ct
436 1196 522 1222 usque
532 1188 564 1215 ad
578 1189 648 1215 diem
662 1189 827 1222 ltuchisti
839 1189 851 1222 ξ

67 1236 123 1259 tres
142 1236 170 1258 et
184 1232 278 1266 viginti
296 1234 370 1265 anui,
388 1235 421 1268 χ(
437 1233 537 1261 factum
557 1239 599 1261 est
617 1235 729 1262 verbum
747 1234 853 1262 Domini

65 1276 97 1302 ad
110 1283 153 1302 nte
171 1276 182 1309 ζ
201 1283 207 1302 :
228 1282 255 1303 et
267 1277 373 1305 locuttts
388 1286 448 1304 sum
461 1279 494 1305 ad
510 1286 568 1311 vos,
582 1283 754 1307 antevertens
769 1285 795 1306 et
810 1279 853 1306 di-

64 1329 140 1354 cens,
152 1322 212 1356 ﬂet
225 1330 278 1349 non
289 1323 431 1350 audivistis
443 1332 449 1350 :
461 1324 486 1350 4.
497 1324 535 1358 (y)
549 1328 575 1350 et
587 1324 648 1350 misi
658 1324 690 1350 ad
702 1332 750 1351 vos
760 1332 853 1352 omnes

65 1374 160 1394 setvos
176 1376 250 1395 turos
268 1368 424 1403 prophetas,
451 1369 477 1395 in
499 1369 632 1396 matutino
656 1370 807 1402 tuitlebant,
827 1374 854 1397 et

65 1420 119 1439 tton
143 1413 295 1444 audivistis,
314 1418 341 1440 et
364 1414 400 1449 es)
421 1422 474 1441 non
496 1415 650 1442 altendistis
669 1415 783 1442 auribus
809 1423 853 1442 ve-

64 1458 130 1484 stris
146 1459 179 1492 χ
199 1458 232 1485 ad
249 1459 412 1486 audiendum
429 1459 440 1493 ξ
455 1480 461 1492 ,
482 1459 508 1487 5.
535 1459 628 1487 dicetis
646 1470 653 1487 :
677 1460 852 1488 Revet'litnini

65 1511 138 1530 nunc
154 1504 192 1539 (α)
214 1505 402 1540 unuSquisque
423 1513 439 1532 a
461 1506 503 1533 via
517 1514 567 1533 sua
585 1507 666 1538 mala,
681 1512 708 1534 et
722 1515 736 1534 a
755 1508 852 1535 studiis

65 1549 146 1577 malis
172 1550 278 1583 vestris,
301 1554 329 1578 ct
348 1551 503 1578 ltabitabitis
528 1552 553 1578 itt
580 1557 662 1584 terra,
687 1561 769 1587 quant
792 1553 851 1580 dedi
867 1565 887 1592 ο

66 1595 153 1625 vobis.
169 1600 196 1623 et
213 1596 335 1630 patribus
351 1597 447 1624 vestris
464 1605 478 1624 a
495 1598 604 1629 szeculo,
619 1605 646 1625 et
663 1607 748 1633 usque
761 1599 787 1626 in
802 1607 853 1626 Ste-

65 1641 167 1668 culum.
182 1641 209 1668 6.
226 1640 264 1668 Ne
276 1642 420 1670 ambulctis
431 1648 493 1677 post
507 1643 572 1671 deos
589 1644 703 1675 alienos,
718 1645 750 1671 ad
764 1645 854 1672 coleu-

65 1688 129 1713 dtttu
158 1687 297 1714 servitium
321 1688 373 1720 eis,
402 1693 430 1716 et
453 1689 486 1716 ad
509 1690 677 1717 adorandum
699 1698 756 1723 eos,
774 1696 803 1717 ιιι
821 1699 854 1718 uc

63 1733 177 1760 irritetis
200 1741 243 1761 me
266 1733 292 1760 in
317 1734 446 1768 operibus
471 1743 601 1762 manuum
629 1741 791 1767 vostrarum,
817 1737 849 1764 ad

65 1779 290 1806 malefaciendum
306 1779 394 1812 vobis,
413 1780 438 1807 7.
453 1785 480 1808 et
495 1789 547 1808 non
562 1782 676 1809 audistis
694 1790 746 1816 me,
764 1784 796 1816 Χ
814 1783 854 1809 di-

65 1825 101 1851 cit
118 1825 259 1858 Dominus,
281 1830 308 1853 ut
332 1826 442 1854 irritetis
462 1835 505 1854 me
524 1827 551 1854 itt
571 1827 701 1862 operibus
723 1836 852 1855 manuum

65 1875 218 1898 vestrarum
230 1892 238 1904 ,
251 1872 285 1898 ad
301 1872 370 1898 male
386 1872 539 1899 faciendum
554 1873 631 1900 vobis
651 1873 675 1907 ζ.
698 1874 723 1901 8.
740 1873 853 1908 Propter

43 1916 48 1922 '
65 1917 118 1943 hoc
138 1917 195 1944 bare
218 1917 284 1944 dicit
305 1917 436 1944 Dominus
453 1919 487 1951 >κ
510 1919 641 1945 virtutum
664 1920 698 1953 ζ,
722 1920 789 1952 Quia
817 1920 853 1955 (b)

66 1970 120 1988 non
134 1962 288 1990 credidistis
302 1963 393 1990 verbis
406 1964 485 1995 meis,
501 1964 527 1990 9.
544 1971 607 1991 ecce
620 1965 653 1998 ‘x
669 1972 719 1999 ego
734 1965 745 1998 ζ
763 1966 852 1998 mitto,

65 2012 92 2034 et
107 2015 212 2034 sumam
224 2008 259 2041 (ι’)
274 2016 381 2035 omnem
398 2009 496 2035 tribum
513 2009 660 2043 aquilonis,
675 2010 707 2042 >ξ<
723 2009 786 2036 dicit
804 2009 855 2036 Do-

66 2053 168 2084 minus,
186 2057 214 2080 et
233 2053 266 2080 ad
283 2053 580 2081 Nabucltodonosorcm
601 2062 690 2089 regem
709 2054 854 2089 Babylonis

65 2107 174 2126 servum
202 2107 291 2126 meum
312 2101 335 2133 ξ,
363 2103 390 2126 et
416 2099 548 2126 adducam
573 2107 620 2127 eos
646 2108 727 2134 super
753 2105 852 2128 terram

67 2147 147 2176 hanc,
165 2149 192 2172 et
210 2152 291 2179 super
317 2145 471 2172 habitantes
496 2145 522 2172 in
539 2152 581 2178 ea,
604 2151 631 2172 et
654 2153 735 2180 super
758 2153 853 2173 omnes

66 2196 170 2226 gentes,
188 2199 249 2225 quze
265 2190 292 2218 in
310 2191 425 2219 circuitu
440 2192 510 2226 ejus.
529 2192 567 2227 ((1)
581 2197 607 2219 et
625 2192 737 2220 vastaho
749 2200 806 2224 eos,
827 2198 851 2219 et

1064 913 1075 925 ο

904 913 938 940 Ει
956 914 1043 941 sutnsi
1064 913 1076 948 ζ
1097 914 1207 942 calicem
1226 922 1259 941 ex
1279 923 1361 942 tnanu
1384 915 1502 948 Domini,
1524 919 1552 942 et
1571 915 1632 943 dedi
1650 916 1693 943 bi-

904 959 1021 986 bendum
1037 960 1164 988 omnibus
1181 961 1308 995 gentibus
1320 980 1327 992 .
1346 961 1379 988 ad
1396 968 1465 996 quas
1482 961 1556 988 misit
1575 969 1617 988 me
1637 961 1694 989 Do-

904 1006 994 1032 minus
1012 1007 1046 1040 ὶθ(
1063 1006 1095 1041 (ι)
1110 1006 1144 1033 ad
1159 1014 1206 1034 eas
1224 1006 1235 1041 ζ
1257 1015 1262 1032 :
1287 1006 1330 1034 18.
1350 1006 1500 1035 Jerusalem
1512 1027 1519 1039 ,
1535 1011 1564 1034 et
1579 1007 1694 1034 urbibus

903 1050 990 1083 Jndze,
1004 1055 1031 1078 et
1041 1052 1150 1087 regibus
1162 1052 1233 1086 ejus,
1246 1057 1272 1079 et
1284 1052 1453 1087 principibus
1462 1053 1532 1088 ejus,
1545 1053 1579 1080 ad
1591 1060 1694 1088 ponen-

903 1096 967 1124 dum
983 1105 1030 1124 eos
1047 1097 1074 1124 in
1095 1098 1304 1129 desolationem.
1327 1102 1354 1125 et
1371 1098 1418 1133 (nt)
1439 1098 1466 1125 itt
1484 1106 1537 1125 non
1557 1097 1691 1133 pervium,

903 1147 930 1169 et
944 1143 970 1169 in
987 1143 1108 1175 sibilum,
1123 1144 1156 1177 >ῑρ<
1173 1148 1200 1170 et
1214 1143 1240 1170 in
1254 1143 1470 1170 tnaledictionem
1485 1143 1512 1170 in
1526 1143 1570 1170 die
1586 1143 1640 1170 hoc
1653 1143 1664 1176 ζ
1683 1151 1692 1169 :

905 1188 948 1214 l9.
969 1193 995 1215 ct
1010 1187 1146 1215 Pharaoni
1163 1189 1219 1223 regi
1239 1188 1359 1223 Egypti,
1378 1193 1406 1215 et
1425 1190 1512 1216 servis
1527 1188 1598 1223 ejus,
1613 1192 1640 1215 et
1654 1188 1695 1223 (ιι)

904 1234 1074 1268 magnatibus
1085 1234 1155 1268 ejus,
1170 1234 1215 1261 ‘20.
1232 1239 1257 1261 et
1273 1235 1347 1261 omni
1362 1235 1462 1269 populo
1476 1234 1546 1268 ejus,
1562 1237 1590 1261 et
1602 1234 1693 1261 otnni~

904 1279 954 1306 bus
971 1279 1061 1306 tnixtis
1075 1279 1147 1313 ejus,
1165 1284 1192 1306 et
1209 1280 1336 1306 omnibus
1353 1280 1461 1314 regibus
1477 1279 1639 1310 insularum,
1659 1280 1694 1313 Χ

903 1329 930 1351 et
941 1324 1068 1352 ontnibus
1081 1325 1190 1359 regibus
1204 1329 1281 1352 terra:
1293 1325 1330 1360 (0)
1345 1325 1558 1359 alienigenarum
1573 1324 1597 1358 ε,
1610 1324 1696 1351 etiam

903 1369 1042 1401 Asealoui,
1066 1375 1094 1397 et
1110 1369 1199 1402 Gazze,
1221 1375 1249 1398 et
1269 1372 1401 1401 Accaron,
1424 1373 1451 1396 et
1471 1369 1580 1396 residuo
1602 1369 1694 1400 Azoti.

904 1415 948 1443 2|.
965 1420 992 1442 et
1010 1416 1143 1446 ldumwze.
1163 1422 1190 1443 et
1209 1415 1360 1449 Moabitidi,
1376 1420 1404 1443 et
1420 1415 1483 1443 tiliis
1498 1415 1626 1447 Ammon,
1645 1414 1690 1441 22.

904 1466 930 1488 et
945 1461 1072 1488 omnibus
1089 1461 1198 1496 regibus
1215 1461 1289 1497 Tyri,
1305 1466 1332 1488 et
1344 1461 1472 1489 omnibus
1489 1460 1598 1496 regibus
1612 1459 1693 1488 Sidos

905 1507 959 1538 nis,
977 1509 1010 1541 Τί(
1022 1512 1049 1534 et
1065 1508 1172 1542 regibus
1188 1507 1340 1535 insularum
1356 1507 1380 1541 ζ.
1395 1507 1440 1542 qui
1455 1512 1529 1534 trans
1546 1513 1631 1537 tnare,
1645 1505 1690 1533 25.

904 1558 931 1580 et
946 1552 1051 1585 Dadan,
1064 1558 1091 1580 et
1106 1553 1239 1587 Tltemau,
1255 1558 1279 1581 el
1295 1553 1360 1584 Boz,
1373 1557 1401 1580 ct
1415 1553 1489 1580 omni
1504 1557 1583 1580 tonso
1597 1559 1706 1579 versus.

905 1595 1001 1624 facient
1018 1603 1107 1629 suam,
1121 1597 1166 1624 24.
1182 1601 1209 1624 ct
1225 1597 1353 1624 omnibus
1370 1597 1480 1632 regibus
1492 1597 1526 1630 Χ
1541 1594 1650 1622 Arabia;
1667 1594 1692 1628 z,

904 1646 931 1669 et
949 1642 1076 1670 omnibus
1094 1643 1127 1676 >σ<
1148 1643 1258 1678 regibus
1282 1643 1461 1676 :commixtis
1472 1663 1479 1675 ,
1491 1641 1704 1671 diversantibus

905 1688 932 1714 itt
947 1688 1066 1720 deserto,
1081 1689 1126 1715 25.
1144 1690 1178 1723 >κ
1195 1692 1222 1716 et
1239 1689 1368 1716 omnibus
1387 1688 1496 1724 regibus
1511 1687 1603 1716 Zamri
1621 1687 1646 1720 ζ,
1666 1690 1696 1714 et

904 1734 1032 1761 omnibus
1047 1734 1155 1768 regibus
1175 1733 1276 1766 (Ellam,
1291 1739 1318 1762 et
1334 1735 1463 1762 omnibus
1478 1734 1586 1768 regibus
1600 1731 1693 1761 Persa;

905 1787 976 1812 rum,
993 1779 1037 1807 26.
1059 1784 1087 1807 et
1102 1780 1230 1808 ontnibus
1245 1780 1355 1814 regibus
1371 1780 1518 1815 aquilonis,
1535 1780 1581 1815 qui
1599 1786 1693 1814 prope,

904 1829 932 1852 et
948 1826 994 1859 qui
1009 1825 1097 1860 longe,
1117 1825 1266 1860 unicuique
1283 1827 1317 1852 ad
1331 1825 1445 1853 fratrem
1456 1833 1548 1857 suttm,
1564 1830 1591 1852 et
1604 1826 1693 1852 omni-

905 1871 957 1898 bus
970 1871 1061 1906 regnis
1079 1876 1168 1904 terrte,
1184 1879 1245 1905 qua:
1261 1879 1342 1906 super
1355 1871 1424 1899 facie
1444 1876 1531 1901 terrae.
1550 1872 1583 1905 >κ
1597 1875 1626 1898 et
1638 1871 1693 1905 regi

906 1915 983 1943 Sisac
1000 1917 1024 1950 ζ,
1045 1916 1118 1943 bibet
1138 1917 1176 1951 (ρ)
1193 1917 1383 1951 unusquisque
1394 1924 1426 1943 ex
1441 1916 1491 1943 eis.
1507 1915 1553 1942 27.
1574 1914 1606 1941 Et
1618 1915 1693 1943 dices

905 1962 939 1988 ad
962 1969 1034 1989 eos:
1057 1962 1102 1989 Sic
1125 1962 1193 1988 dixit
1218 1962 1348 1989 Dominus
1367 1962 1404 1996 (ᾳ)
1425 1961 1599 1994 omnipotens
1623 1960 1694 1987 Deus

906 2006 1012 2034 lsraelis
1032 2016 1038 2033 :
1064 2007 1160 2039 Bibite,
1180 2011 1207 2034 et
1226 2007 1408 2040 iuehriamiui,
1423 2012 1450 2034 et
1471 2006 1582 2037 vomite,
1602 2011 1629 2034 et
1649 2013 1693 2032 car

905 2052 984 2084 dctis,
1009 2056 1035 2079 et
1047 2060 1100 2079 non
1114 2052 1260 2087 rcsurgetis
1273 2053 1307 2079 ab
1320 2059 1382 2080 ante
1395 2053 1489 2080 [aciem
1505 2053 1597 2087 gladii,
1612 2061 1692 2087 quem

905 2100 1011 2126 mittam
1030 2099 1101 2126 inter
1119 2107 1178 2127 vos.
1194 2099 1239 2126 28.
1254 2098 1287 2125 Et
1299 2099 1352 2125 erit
1368 2098 1477 2133 quando
1492 2105 1545 2125 non
1560 2098 1705 2127 voluerint;

905 2146 1028 2181 accipere
1044 2145 1156 2173 calicem
1173 2153 1187 2172 a
1209 2153 1290 2172 manu
1307 2149 1363 2176 tua,
1383 2149 1413 2171 ut
1431 2144 1535 2176 bibant,
1554 2144 1635 2171 etiam
1649 2144 1692 2171 d't-

905 2200 950 2219 ees
964 2192 1004 2219 eis
1022 2201 1028 2218 :
1047 2191 1092 2219 Sic
1107 2191 1175 2218 dixit
1187 2190 1317 2218 Dotniuus
1334 2190 1465 2217 virtutum
1481 2198 1487 2216 :
1507 2189 1627 2217 Bibendo
1650 2189 1692 2216 bi:

66 2237 137 2263 tlultt’)
152 2244 199 2263 eos
216 2236 242 2263 in
257 2236 380 2268 exitium,
398 2241 424 2264 et
440 2238 465 2263 in
478 2238 599 2270 sibilum,
617 2237 650 2272 (ε)
666 2243 692 2265 ct
712 2238 738 2264 in
754 2246 852 2272 oppro-
871 2233 891 2260 ι)
906 2238 992 2271 betis;
1012 2238 1057 2265 29.
1075 2238 1139 2272 quia
1151 2238 1184 2270 >κ
1200 2244 1262 2264 ecce
1279 2237 1290 2271 ζ
1310 2237 1336 2263 in
1350 2237 1426 2268 urbe,
1449 2244 1510 2270 qua:
1522 2236 1705 2265 nominatum.

66 2283 155 2309 brium
173 2282 367 2317 sempiternum
387 2292 393 2309 :
420 2283 462 2310 10.
480 2288 507 2310 et
525 2284 634 2317 perdam
651 2292 683 2311 ex
701 2283 740 2310 eis
760 2291 852 2311 vocem

66 2328 168 2363 gaudii.
185 2332 211 2354 et
228 2335 320 2354 vocem
338 2327 438 2354 lmtilizc
451 2348 458 2358 .
473 2335 567 2355 vocem
586 2328 698 2362 sponsi.
717 2333 744 2355 et
759 2336 853 2355 vocem

67 2381 186 2408 sponsae,
214 2380 305 2400 vocem
332 2373 421 2404 tnolre,
443 2377 469 2400 et
492 2373 582 2400 lutnen
609 2373 734 2400 lucernae.
756 2373 799 2400 11.
821 2373 854 2399 Et

67 2419 120 2446 erit
133 2419 223 2445 omnis
237 2423 306 2446 terra
323 2420 356 2452 Ξ(
373 2419 430 2446 hiet:
445 2418 472 2446 itt
487 2418 691 2451 desolationem,
708 2419 740 2453 (1)
754 2423 780 2446 et
799 2419 809 2453 ζ
826 2419 852 2445 in

67 2465 181 2492 exilium
201 2474 207 2491 :
226 2470 254 2492 et
269 2465 358 2492 colent
373 2465 513 2492 servitium
535 2465 561 2491 in
578 2465 704 2500 gentibus
729 2466 764 2498 ΒΑ(
780 2465 823 2491 bis
840 2465 852 2498 ζ

68 2511 124 2546 regi
141 2510 286 2546 Babylonis
310 2511 481 2546 septuaginta
498 2512 587 2538 annis.
607 2510 649 2537 12.
668 2510 699 2537 Et
719 2518 781 2537 cum
804 2510 856 2537 itu-

106 2588 141 2624 (τι
158 2589 202 2621 Α..
218 2587 259 2620 S.,
279 2588 469 2650 principes“)
483 2588 526 2620 Α..
546 2587 588 2620 S.,
605 2589 814 2617 commotionem
831 2588 857 2615 in
875 2588 945 2616 mala
969 2587 1095 2615 omnibus
1111 2587 1211 2628 regnis.

110 2624 200 2650 utlatu.
240 2623 278 2650 (ul
299 2624 344 2650 A..
389 2644 406 2650 ..
426 2628 539 2650 uestem.
567 2623 598 2650 ('l
624 2623 717 2650 Cunila
733 2628 885 2650 seauuntur
905 2628 935 2650 ut
957 2623 984 2650 itt
1002 2627 1074 2650 textu
1091 2622 1211 2649 Hebratet

389 2644 406 2655 .,
426 2628 539 2657 pestem.
567 2623 598 2658 (')
624 2623 717 2658 capita
733 2628 885 2658 sequuntur
905 2628 935 2650 ut
947 2623 984 2658 fin
1002 2627 1074 2650 textu
1091 2622 1233 2649 Hebraieo.

71 2624 200 2652 fabulam.
217 2658 220 2659 ν
240 2623 278 2659 (u)
299 2624 344 2654 A..

70 2665 104 2686 tet
113 2661 151 2686 tio
165 2658 281 2686 decimo.

69 2693 214 2721 audivistis
231 2701 283 2720 me.

72 2730 98 2756 itt
113 2729 302 2755 vastationem.
327 2727 373 2762 ⁷(Ῑ)
387 2729 432 2760 Λ.,
447 2732 471 2754 et
483 2727 508 2754 in
525 2728 624 2755 sterile.
663 2729 700 2762 (ῃ)

71 2772 87 2799 g
97 2768 164 2790 uites
177 2764 278 2790 multae.
299 2762 329 2797 (ἱ)
339 2765 382 2793 Α.,
393 2763 447 2790 iraa.
459 2763 502 2795 8.,
515 2762 575 2799 Th”
584 2763 692 2790 litt-oris.

71 2800 169 2830 vivent,
187 2802 214 2825 et
227 2798 473 2825 tntuultttabttntnr.

321 2658 357 2692 (υ)
383 2658 495 2690 Reliqui,
516 2661 542 2684 et
561 2658 634 2685 misit
647 2657 787 2685 Dominus.

713 2730 756 2759 Α.,
776 2728 816 2759 S.,

827 2659 863 2691 (ς.)
880 2659 925 2689 Α..
940 2657 981 2690 S.,
996 2666 1049 2684 nott
1064 2658 1224 2684 inclinastis.

322 2690 356 2728 (ἒ)
372 2693 416 2724 Α..
437 2693 477 2722 S..
495 2701 589 2720 omnes
602 2694 852 2727 consanguinitates

340 2728 373 2755 (fl
387 2729 432 2755 Α..
447 2732 471 2754 et
483 2727 508 2754 in
525 2728 624 2755 sterile.
663 2729 700 2755 (ηδ
713 2730 756 2755 Α..
776 2728 816 2755 S..
834 2729 852 2754 \i

905 2693 939 2728 [(1)
952 2693 997 2724 ,4η
1012 2691 1052 2721 8..
1068 2696 1094 2718 et
1107 2691 1248 2726 perditioni
1261 2691 1397 2721 devovebo
1410 2698 1467 2720 eos.
1505 2691 1539 2725 te)
1554 2691 1599 2722 Α..
1614 2690 1655 2724 8.,
1667 2696 1700 2719 et.

905 2728 958 2754 tbo.
992 2728 1029 2755 (It)
1047 2726 1086 2755 3..
1106 2728 1131 2753 in
1151 2727 1307 2754 servitutem
1327 2725 1530 2755 redigenteuim
1548 2726 1630 2753 etiam
1646 2733 1696 2755 eoa

720 2763 756 2798 (It)
767 2764 809 2795 A.,
819 2767 844 2789 et
854 2763 1101 2798 commovelntntur
1117 2761 1208 2798 simul,
1221 2761 1346 2798 etinique
1360 2765 1448 2798 agent.
1461 2760 1502 2798 S_.,
1517 2761 1580 2798 etin
1590 2761 1695 2798 deliciis

906 2289 948 2312 est
971 2291 1069 2311 nomen
1094 2290 1184 2309 meum
1208 2290 1290 2316 super
1308 2291 1378 2314 eaut,
1398 2289 1448 2317 ego
1469 2282 1569 2316 incipio
1585 2280 1692 2309 tnalel'a.

908 2337 970 2356 cere
994 2338 1000 2355 :
1022 2334 1050 2355 et
1071 2336 1120 2356 vos
1143 2328 1300 2355 mundando
1321 2329 1355 2361 3ο(
1376 2327 1575 2354 tuundabitnini
1592 2327 1617 2361 ζ,
1639 2335 1692 2355 non

908 2373 1122 2407 mutnlabimini;
1137 2374 1201 2408 quia
1220 2373 1339 2407 gladium
1361 2380 1411 2408 ego
1427 2373 1522 2400 invoco
1543 2381 1624 2408 super
1638 2381 1699 2400 om-

908 2430 956 2449 nes
969 2421 1122 2448 habitantcs
1137 2427 1218 2454 super
1232 2425 1312 2452 terra,
1325 2419 1390 2447 dicit
1404 2419 1536 2446 Dominus
1549 2419 1692 2447 virtutum.

909 2468 952 2493 ΞΟ.
973 2466 1004 2493 Ει
1023 2471 1050 2493 ιιι
1069 2466 1242 2500 prophetabis
1258 2472 1339 2500 super
1358 2472 1406 2492 eos
1419 2465 1511 2492 omnia
1527 2464 1608 2491 verba
1625 2464 1693 2498 haec,

910 2516 937 2540 et
951 2512 1025 2539 dices
1042 2511 1075 2538 ad
1093 2517 1141 2538 eos
1158 2520 1165 2538 :
1183 2510 1317 2538 Dominus
1335 2516 1369 2537 ex
1389 2511 1496 2538 excelso
1512 2509 1547 2545 (r)
1562 2509 1702 2541 vaticina,

1260 2586 1291 2648 ξς)
1306 2586 1350 2618 A.,
1361 2586 1391 2616 in
1405 2586 1588 2621 proierbium.
1608 2586 1650 2619 S.,
1666 2587 1702 2618 in.

1284 2622 1357 2648 racb.
1402 2621 1440 2648 (Il
1455 2621 1501 2648 Α..
1519 2621 1560 2648 8..
1574 2623 1609 2648 ab
1622 2630 1695 2648 anno

1284 2622 1357 2648 racb.
1402 2621 1440 2655 (π)
1455 2621 1501 2653 A.,
1519 2621 1560 2655 S.,
1574 2623 1609 2649 ab
1622 2630 1703 2652 anno.

1264 2657 1302 2691 (tt)
1319 2657 1364 2687 Δ..
1383 2657 1432 2683 vir.
1471 2656 1508 2691 (b)
1524 2656 1568 2687 Α..
1582 2656 1626 2691 5..
1639 2664 1694 2687 non

992 2728 1029 2761 (It)
1047 2726 1086 2758 3.,
1106 2725 1131 2753 in
1151 2727 1307 2754 servitutem
1327 2725 1530 2760 redigenteuim
1548 2726 1630 2753 etiam
1646 2733 1696 2756 eoa

511 2797 542 2835 tl)
557 2798 644 2835 _Super
660 2792 729 2835 cas;
747 2792 850 2832 ’(ηι)Ἀ.

915 2797 1015 2835 sterile.
1028 2795 1069 2828 S.,
1079 2797 1105 2822 itt
1119 2797 1248 2835 exitium;
1274 2792 1313 2834 (lt)
1329 2792 1425 2827 A.,‘8.,
1441 2795 1609 2835 principibus
1624 2796 1693 2835 ejus.

71 2829 167 2866 (o)A.,
179 2832 223 2866 8.,
235 2832 363 2861 Felestin.
381 2832 445 2865 [i.e.
459 2829 616 2862 PhiliStitqu
632 2832 670 2865 tr)
680 2829 797 2861 Ultimus
809 2840 852 2861 cor

908 2851 914 2858 .
935 2831 972 2864 (υ)
985 2831 1216 2862 Α.,οιθι·ςίιυιιιη.
1228 2830 1420 2862 S.,virtututn.
1441 2829 1476 2866 (τι
1489 2829 1535 2859 Α..
1546 2829 1586 2862 8..
1597 2829 1696 2865 rugicL,
