1919 3077
217 135 288 163 2315

807 134 921 164 CODEX
942 133 1279 164 SYRO-HEXAPLARIS.

1774 138 1841 168 25H

216 191 291 218 bitur
307 199 314 219 :
330 190 364 218 de
382 177 477 218 saiicto
493 193 545 217 su‘o
561 191 638 219 dabit
653 199 755 224 vocem,
774 198 801 219 et
813 200 845 220 ex
864 193 1006 220 habitacu-
1023 195 1045 223 Α
1060 191 1096 228 (q)
1120 192 1373 228 pseudoprophetze,
1394 196 1422 219 et
1444 193 1533 220 omnis
1550 193 1677 229 populus.
1699 194 1813 222 dicendo
1833 216 1840 222 .

217 237 244 264 lo
268 241 364 264 sancto
385 237 461 264 dabit
482 244 573 264 vocem
594 245 682 269 suam,
707 239 839 273 rugiendo
864 240 952 274 rugict
973 239 1008 275 (ε)

217 290 300 318 super
324 284 422 311 decore
450 291 511 315 suo,
533 284 576 310 vel
600 284 764 312 cantilenam
793 285 865 312 sicut
895 285 1008 312 verbum

216 337 298 356 suum
316 329 510 357 vaticinabilur
524 336 606 363 super
623 329 684 356 loco
697 337 759 357 suo.
775 329 809 357 Et
824 331 873 363 illi,
891 331 962 358 sicut
974 330 1007 366 (ι)

217 375 426 408 vindemiantes,
448 375 654 410 respondebunt
676 384 682 402 :
706 374 794 410 Super
814 384 909 403 omnes
929 376 1008 403 habi-

218 425 308 450 tantes
323 429 405 456 super
422 426 494 448 terra
512 421 550 456 (ul
567 421 641 448 venit
653 421 764 453 deletio,
789 422 832 448 5i.
850 429 933 456 super
944 430 1008 457 par-

217 471 272 493 tem
290 472 369 493 terra:
382 474 389 498 ;
404 466 467 501 quia
480 466 613 500 judicium
628 465 743 494 Domino
760 467 787 494 in
804 468 929 502 gentibus
945 469 1006 503 :ju-

217 513 317 539 ilicium
331 516 438 539 exercet
451 511 509 546 ipse
525 511 657 539 adversus
676 520 784 540 omnem
801 521 909 540 carnem
928 523 935 541 :
958 515 1007 541 im-

216 558 253 592 pii
269 563 358 584 autcm
375 557 429 584 dati
446 562 510 584 sunt
524 558 550 584 in
565 558 696 592 gladium,
717 559 783 586 dicit
802 559 945 587 Dominus.
961 560 1005 587 5d.

216 604 257 639 (τ)
273 603 320 630 Sic
343 603 412 630 dixit
429 603 560 630 Dominus
576 605 609 638 Χ
632 603 762 631 virtutum
785 605 796 640 ζ
818 613 824 631 :
847 604 915 632 Ecce
936 606 1006 633 mala

216 649 331 676 veniunt
343 656 376 676 ex
398 653 476 683 gente
495 656 578 684 super
591 653 697 683 gentem
716 658 724 676 :
749 654 776 676 et
793 649 874 676 turbo
892 658 1007 685 magnus

216 694 256 729 (ν)
273 695 410 730 egreditur
422 694 457 721 ab
467 698 589 721 extremo
607 698 687 722 terrm
700 704 707 722 ε
722 695 766 722 55.
780 699 808 722 et
823 700 904 722 erunt
921 695 1005 723 occisi

217 748 232 768 ιι
247 740 363 767 Domino
376 740 402 767 in
416 740 459 767 die
472 739 509 774 (ι)
524 739 642 771 Domini.
659 740 696 775 (a)
709 748 724 767 a
740 745 816 775 parte
827 745 905 769 terra:
921 749 1007 776 usque

216 785 250 812 ad
269 790 372 820 partem
390 790 468 812 terrm
486 793 493 811 :
515 786 548 819 Χ
566 793 618 812 non
633 785 806 821 plaugcntur,
827 793 916 821 neque
930 787 1006 814 colli-

217 836 316 865 gentur
337 831 347 865 ζ
371 840 377 858 :
400 832 438 866 (ι)
461 839 514 858 non
534 832 700 866 sepelientur
721 840 728 859 :
753 832 779 858 in
807 832 899 858 limum
925 840 1006 867 super

1061 237 1147 265 Morte
1161 238 1287 265 morieris
1300 246 1308 271 ;
1321 238 1348 266 9.
1366 238 1430 273 quia
1445 239 1613 273 propltetasti
1634 240 1744 267 nomine
1756 240 1842 267 Demi-

1060 283 1099 315 ni,
1110 283 1204 311 dicens
1221 291 1228 308 :
1243 282 1321 311 Sicut
1334 283 1403 315 Silo,
1415 283 1468 310 erit
1479 284 1577 311 domus
1590 285 1657 316 haec,
1670 290 1696 312 et
1710 285 1775 312 urbs
1787 285 1841 312 haec

1060 328 1210 356 vastabitur
1228 328 1263 364 (r)
1280 329 1315 356 ab
1330 328 1538 357 habitatoribus.
1554 329 1587 357 Et
1600 335 1797 365 cortgrcgarunt
1811 338 1841 357 se

1058 373 1148 400 omnis
1168 374 1284 408 populus
1302 380 1384 408 super
1404 372 1550 401 Jeremiam
1569 375 1596 400 in
1616 374 1699 401 domo
1724 374 1838 401 Domini.

1060 418 1103 445 l0.
1119 418 1152 445 Et
1179 419 1325 446 audierunt
1343 419 1479 454 principes
1506 418 1582 446 Iudae
1609 421 1689 447 verba
1715 420 1783 453 haec,
1811 425 1838 447 et

1058 464 1239 491 ascenderunt
1250 473 1283 491 ex
1297 465 1378 492 dotno
1387 464 1458 500 regis
1474 465 1501 491 in
1515 465 1625 492 domum
1641 465 1758 497 Domini,
1766 471 1840 492 etse-

1057 510 1157 537 derunt
1172 510 1198 536 in
1214 511 1347 538 vestibulo
1369 516 1452 545 μοι-[ιε
1466 518 1543 537 novae
1560 511 1678 538 Domini.
1696 511 1739 537 ll.
1758 511 1788 537 Et
1801 512 1840 538 di~

1059 560 1166 583 xerunt
1180 557 1346 589 sacerdotes,
1365 561 1391 584 et
1407 556 1442 592 (ι)
1458 557 1700 592 pseudoprophette
1720 557 1752 584 ad
1768 558 1840 592 ιιι-ἱειι

1057 602 1143 637 cipes,
1163 607 1190 629 et
1213 603 1287 629 omni
1311 602 1421 638 populo,
1449 604 1483 637 Ἀ(
1499 602 1620 630 dicenles
1644 604 1655 637 ζ
1679 611 1686 631 :
1710 603 1840 637 judicium

1058 647 1154 674 mortis
1168 647 1270 674 homini
1291 647 1366 681 huic,
1381 647 1445 682 quia
1466 648 1637 682 prophetarit
1653 648 1785 675 adversus
1798 656 1842 675 ur-

1057 691 1118 719 bem
1133 693 1213 725 hanc,
1227 693 1299 720 sicut
1310 693 1434 721 audiistis
1453 694 1480 720 in
1500 694 1611 721 auribus
1626 695 1733 721 vestris.
1756 694 1796 720 l2.
1812 693 1842 720 Et

1057 736 1126 764 dixit
1145 736 1263 764 Jeremia
1283 738 1316 764 ad
1342 739 1493 774 )(‘omnes
1517 739 1528 772 ζ
1555 739 1701 773 principes,
1723 743 1752 765 et
1768 738 1841 764 omni

1057 783 1168 817 populo,
1184 783 1278 811 dicens
1294 791 1300 808 :
1321 782 1452 810 Dominus
1471 783 1547 810 misit
1566 791 1609 810 me
1630 784 1662 810 ad
1679 785 1843 818 pvopbetan-

1058 828 1122 855 dum
1148 835 1230 862 super
1251 828 1362 856 domum
1385 829 1464 862 hanc,
1494 835 1521 856 et
1545 836 1627 864 super
1649 830 1744 856 urbem
1775 829 1842 856 hunc

217 859 287 903 facie
300 859 475 903 teri-xerunt.
488 877 533 904 54.
554 859 672 909 ύιυιιιιε,
688 881 821 912 pastores,
837 881 864 904 et
877 859 1003 910 clamate,
1024 859 1046 889 Β
1060 874 1139 901 verba
1153 875 1245 901 omnia
1258 894 1266 906 .
1290 882 1351 909 quae
1363 874 1499 902 audiistis.
1521 875 1564 902 13.
1579 859 1612 902 iit
1629 883 1703 902 nunc
1717 875 1843 902 meliores

217 926 244 949 et
263 922 299 957 (ε)
317 922 445 957 plangite,
465 923 564 950 arietes
581 922 690 954 ovium;
712 922 775 956 quia
793 915 918 957 completi
943 927 1008 950 sunt

217 969 276 996 dies
297 969 379 995 vestri
397 968 430 995 ad
445 969 650 1000 mactationem,
669 973 696 995 et
711 970 745 1002 ῖς(
761 968 946 1002 dispersiones
958 976 1004 995 ve-

217 1020 287 1042 stras
302 1015 326 1049 ζ,
343 1019 370 1041 et
385 1014 497 1046 cadetis,
513 1014 551 1049 (d)
570 1018 598 1040 ut
611 1014 710 1041 arietes
727 1014 804 1041 electi
822 1023 827 1040 :
846 1014 890 1040 55.
905 1018 931 1041 et
945 1022 1005 1048 per-

217 1061 267 1087 ibit
298 1061 360 1094 fuga
387 1068 400 1087 a
427 1060 594 1094 pastoribus,
620 1065 647 1086 et
669 1059 744 1086 salus
766 1059 801 1094 (ε)
826 1059 860 1086 ab
877 1060 1006 1086 arietibus

217 1103 316 1138 gregis.
333 1104 378 1130 '56.
396 1103 451 1130 Vox
475 1103 603 1130 clamoris
622 1108 776 1137 pastorum,
793 1109 819 1130 et
835 1104 955 1130 ululatus
978 1112 1007 1130 a-

218 1150 314 1176 rietum
331 1149 429 1183 gregis,
447 1149 511 1183 quia
525 1149 623 1176 delevit
639 1149 770 1176 Dominus
788 1150 821 1184 (f)
837 1157 938 1184 pascua
960 1157 1007 1176 eo-

218 1200 278 1220 rum
298 1193 328 1228 ζ,
343 1193 388 1222 37.
405 1197 432 1220 et
450 1193 596 1221 cessabunt
616 1194 651 1228 (g)
671 1194 782 1228 pulchra
800 1194 875 1228 pacis
892 1194 926 1221 ab
944 1198 1007 1221 ante

217 1238 314 1266 faciem
335 1239 381 1265 ira:
396 1238 498 1266 furoris
513 1238 630 1266 Domini.
646 1239 688 1266 58.
713 1238 831 1274 Reliquit
844 1239 893 1275 (Ιι),
913 1244 941 1266 ut
953 1239 1006 1272 leo,

216 1285 398 1312 diversorium
414 1293 510 1317 suum;
535 1285 598 1320 quia
621 1284 690 1312 facta
707 1290 749 1312 cst
768 1289 839 1312 terra
861 1293 955 1312 eorum
977 1285 1007 1321 (ὅ)

218 1331 245 1358 in
259 1339 312 1358 non
333 1331 466 1365 pervium,
485 1331 519 1358 ab
542 1335 604 1358 ante
624 1331 720 1358 faciem
736 1332 769 1364 Ἀ(
791 1331 826 1365 (k)
847 1331 928 1366 gladii
951 1339 1006 1358 ma-

217 1377 262 1411 gni
283 1378 306 1411 ζ,
325 1381 352 1403 et
367 1377 401 1403 ab
416 1382 478 1404 ante
494 1376 589 1404 faciem
605 1377 652 1403 irae
668 1376 768 1403 furoris
782 1376 852 1411 rjus.

253 1423 320 1458 Cap.
336 1422 430 1450 XXVI.
448 1439 482 1444 —
493 1423 518 1450 ί.
546 1423 573 1450 In
598 1422 731 1457 principio
758 1422 828 1457 regis
842 1422 946 1450 Joacim
960 1422 1007 1449 lilii

217 1469 300 1496 Josite
314 1471 386 1504 regis
400 1469 476 1496 .lmlae
489 1469 589 1496 factum
606 1473 648 1495 est
663 1469 774 1495 verbum
791 1468 841 1495 hoc
853 1476 867 1495 a
881 1468 1006 1500 Domino,

1057 920 1139 947 facite
1155 919 1213 948 vias
1225 924 1341 953 vestras,
1354 925 1381 947 et
1395 927 1478 954 opera
1492 925 1591 953 vestra,
1606 925 1632 948 et
1644 921 1737 948 audite
1750 928 1843 948 vocem

1057 966 1164 993 Domini
1183 966 1229 993 Dei
1247 966 1340 999 vestri,
1358 966 1392 1001 (ι)
1411 971 1437 993 et
1452 966 1571 993 cessabit
1589 967 1719 994 Dominus
1734 974 1748 993 a
1767 967 1844 994 malis

1057 1019 1117 1046 qua:
1130 1011 1237 1038 locutus
1248 1015 1291 1038 est
1310 1018 1393 1045 suppr
1409 1018 1467 1037 vos.
1492 1011 1534 1037 l4.
1551 1008 1591 1037 Et
1603 1018 1654 1044 ego
1666 1018 1730 1038 ecce
1746 1011 1773 1037 in
1789 1018 1844 1037 ma-

1057 1057 1138 1084 nibus
1152 1056 1250 1084 vestris
1266 1064 1274 1083 :
1290 1056 1371 1083 facite
1388 1056 1513 1089 mihi,(u)
1530 1056 1600 1083 sicut
1613 1056 1734 1090 expedit,
1752 1061 1779 1082 et
1794 1056 1845 1082 sic-

1058 1109 1087 1130 ut
1102 1103 1200 1130 melius
1229 1102 1320 1130 vobis.
1336 1103 1378 1129 i5.
1394 1102 1446 1130 Sed
1457 1102 1647 1137 cognoscendo
1662 1103 1844 1137 cognoscetis,

1057 1149 1129 1183 quod
1144 1149 1166 1175 si
1186 1148 1341 1176 occideritis
1362 1156 1415 1179 me,
1433 1148 1593 1182 sanguinem
1611 1147 1651 1182 (ac)
1672 1148 1844 1175 innocentem

1058 1202 1107 1222 vos
1120 1195 1191 1222 datis
1207 1201 1290 1229 super
1303 1202 1361 1226 vos,
1381 1199 1408 1221 ct
1424 1201 1507 1228 super
1520 1194 1612 1220 urbem
1628 1194 1710 1225 hanc,
1724 1198 1752 1220 et
1765 1201 1845 1228 super

1058 1240 1211 1267 habitantes
1232 1240 1258 1267 in
1281 1247 1312 1266 ra
1335 1249 1341 1266 :
1364 1239 1427 1273 quia
1448 1240 1474 1266 in
1501 1239 1614 1266 veritate
1634 1239 1708 1266 misit
1727 1247 1771 1266 me
1794 1238 1846 1266 D0<

1058 1285 1150 1313 minus
1165 1286 1197 1312 ad
1211 1293 1268 1317 vos,
1289 1286 1322 1312 ad
1338 1285 1504 1320 loquendum
1520 1285 1546 1311 in
1569 1292 1649 1311 aures
1662 1290 1767 1312 vestras
1789 1293 1846 1311 om-

1058 1331 1102 1359 nia
1122 1331 1202 1358 verba
1217 1331 1284 1359 hmc.
1302 1331 1344 1358 16.
1365 1332 1396 1359 lit
1410 1331 1538 1358 dixerunt
1554 1330 1700 1365 principes.
1715 1335 1743 1357 et
1757 1331 1846 1357 omnis

1058 1377 1175 1412 populus
1203 1377 1236 1404 ad
1263 1377 1428 1408 sacerdotes,
1457 1381 1484 1403 et
1511 1377 1544 1403 ad
1575 1376 1845 1410 pscudoprophetas:

1058 1421 1117 1449 Non
1133 1427 1176 1449 est
1192 1422 1296 1449 homini
1313 1422 1378 1449 huic
1392 1421 1524 1456 judicium
1548 1421 1662 1454 mortis,
1685 1423 1750 1455 quia
1767 1429 1846 1456 super

1059 1469 1168 1496 nomine
1193 1468 1299 1495 Domini
1323 1467 1369 1495 Dei
1388 1469 1473 1495 nostri
1490 1468 1596 1494 locutus
1611 1472 1652 1494 est
1668 1468 1702 1494 ad
1720 1476 1772 1494 nos
1806 1468 1845 1493 Π.

219 1515 253 1547 χ(
268 1514 362 1542 dicens
379 1515 389 1548 ζ
412 1521 420 1541 :
437 1514 464 1540 2.
483 1514 529 1541 Sic
549 1514 618 1540 divit
643 1513 775 1541 Dominus
790 1522 796 1541 :
816 1512 861 1540 Sta
886 1514 912 1540 in
938 1514 1008 1540 atrio
1022 1521 1044 1551 ο
1060 1513 1092 1541 Ει
1105 1518 1282 1542 surrexerunt
1294 1513 1343 1540 viri
1357 1514 1395 1548 (ν)
1406 1520 1439 1541 ex
1454 1513 1618 1548 presbyteris
1634 1517 1723 1544 teme,
1739 1519 1766 1540 et
1778 1514 1848 1540 dixe-

218 1560 317 1587 domus
338 1559 456 1591 Domini,
474 1560 504 1596 (Ι)
518 1563 545 1586 ct
559 1559 692 1586 revelabis
708 1560 781 1586 Omni
796 1559 883 1590 Juthe,
899 1560 1008 1585 venien-

220 1604 292 1632 tibus
307 1606 340 1632 a~|
357 1606 525 1632 adorandum
543 1606 569 1632 in
582 1605 664 1632 domo
681 1604 798 1633 Domini.
812 1605 903 1631 omnia
915 1604 1007 1635 verba,

219 1658 282 1684 qua
305 1652 419 1686 przeccpi
438 1651 484 1678 tibi
506 1651 553 1686 (ιιι)
578 1651 699 1678 revelare
720 1651 760 1677 eis
780 1659 786 1677 :
814 1657 848 1677 ne
870 1650 1008 1678 diminutas

220 1696 344 1723 verbium.
363 1697 389 1723 5.
409 1696 536 1723 Fortasse
550 1697 671 1729 audient,
692 1701 719 1723 et
735 1699 907 1723 revertentur
923 1703 1009 1722 unus-

221 1742 339 1776 quisque
354 1751 368 1768 a
386 1742 429 1769 via
446 1742 516 1769 mala
534 1751 541 1769 :
568 1742 606 1776 (ιι)
627 1746 654 1769 et
674 1742 788 1769 cessabo
803 1748 819 1768 a
840 1741 928 1772 malis,
949 1748 1010 1774 quae

220 1795 272 1822 rgo
284 1788 374 1822 cogito
385 1787 475 1815 facere
491 1788 531 1815 eis
546 1792 656 1822 propter
673 1787 762 1814 studia
778 1787 847 1813 mala
862 1794 966 1813 eorum.
981 1786 1008 1813 4.

222 1832 255 1859 Ει
270 1834 343 1860 dices
358 1835 392 1867 »ζ
414 1834 446 1861 ad
462 1841 510 1860 eos
526 1834 536 1867 ξ
555 1842 561 1859 :
584 1833 630 1860 Sic
648 1833 718 1860 dixit
734 1833 864 1860 Dominus
883 1840 889 1857 :
903 1831 932 1858 Si
955 1840 1008 1858 non

223 1879 367 1906 audieritis
392 1888 445 1912 me,
464 1879 496 1906 ad
518 1879 713 1906 ambulandum
745 1879 771 1904 iu
799 1878 904 1911 legibus
930 1877 1010 1909 meis,

222 1932 292 1958 quas
313 1925 372 1952 dedi
393 1930 455 1952 ante
474 1924 570 1952 facient
592 1929 722 1956 vestram,
746 1923 772 1950 5.
791 1923 824 1950 ad
846 1922 1010 1949 audiendum

222 1970 306 1998 verba
331 1978 471 1998 servorum
495 1978 615 1998 meorum
639 1970 842 2004 prophetarum,
866 1976 936 2004 quos
961 1975 1011 2002 ego

222 2016 302 2043 mitto
322 2015 355 2042 ad
372 2023 421 2043 vos
438 2015 475 2051 (ο)
492 2016 518 2042 in
537 2015 672 2042 matutino
684 2033 691 2045 ,
708 2018 736 2041 et
754 2013 826 2046 misi,
846 2018 873 2041 et
892 2021 944 2040 non
963 2021 1012 2040 au-

221 2061 327 2094 diiSLis;
343 2061 368 2088 6.
387 2066 414 2089 et
436 2062 505 2089 dabo
522 2061 632 2088 domum
650 2061 719 2088 hanc
734 2063 764 2087 ut
779 2059 851 2093 Silo;
870 2063 897 2086 rt
918 2061 1011 2086 urbem

222 2107 293 2135 bane
303 2107 374 2135 dabo
385 2107 411 2134 in
421 2107 637 2134 maledictionem
651 2105 778 2133 omnibus
787 2105 913 2140 gentibus
923 2109 1010 2132 terrae.

223 2151 249 2179 ’1.
265 2151 297 2179 Et
315 2152 461 2180 audierunt
477 2151 644 2184 sacerdotes,
665 2155 691 2177 et
706 2151 744 2185 (p)
759 2150 1010 2184 pseudopropheue,

1059 1564 1123 1587 runt
1135 1560 1168 1587 ad
1184 1567 1293 1587 omnem
1314 1565 1428 1586 coetum.
1441 1559 1515 1586 omni
1527 1559 1669 1586 conventui
1685 1560 1792 1594 populi,
1810 1560 1848 1586 di-

1058 1612 1153 1634 centes
1170 1615 1177 1633 :
1194 1607 1239 1634 l8.
1252 1606 1341 1634 Micha
1353 1606 1390 1642 (κ)
1402 1607 1529 1633 Marastbi
1540 1612 1598 1633 erat
1609 1607 1642 1640 χ(
1654 1607 1822 1640 prophetans
1835 1606 1846 1639 ζ

1059 1653 1085 1679 in
1098 1652 1193 1680 diebus
1209 1652 1328 1679 llezecia:
1342 1652 1414 1686 regis
1427 1651 1514 1684 .lutl:e,
1528 1656 1554 1678 et
1572 1651 1641 1678 dixit
1657 1651 1733 1679 omni
1750 1651 1850 1686 populo

1058 1697 1145 1727 Judte.
1162 1698 1255 1725 dicens
1279 1697 1289 1731 ζ
1312 1697 1358 1724 Sic
1379 1697 1447 1725 dixit
1464 1697 1594 1724 Dominus
1610 1699 1642 1731 χ(
1655 1696 1791 1724 virtutum
1810 1697 1821 1729 ζ
1843 1706 1849 1722 ;

1060 1743 1125 1771 Sion
1145 1749 1174 1770 ut
1188 1751 1252 1778 ager
1266 1743 1398 1774 arabitur,
1412 1748 1439 1770 et
1451 1742 1601 1769 Jerusalem
1615 1748 1642 1769 ut
1657 1743 1696 1776 (a)
1708 1743 1851 1776 tugurium

1061 1789 1114 1815 erit
1129 1809 1136 1820 ,
1158 1793 1184 1815 et
1200 1796 1279 1816 mons
1299 1789 1395 1815 domus
1416 1795 1446 1815 -ι-
1468 1789 1519 1815 erit
1540 1789 1550 1822 ζ
1572 1789 1613 1822 (b)
1634 1793 1664 1816 ut
1684 1789 1851 1822 plantarium

1060 1835 1143 1862 silvae.
1162 1834 1205 1861 l9.
1222 1833 1292 1861 Num
1308 1834 1456 1862 occidendo
1469 1834 1569 1861 occidit
1586 1841 1648 1861 eum
1669 1833 1787 1861 checia
1807 1843 1851 1861 rvx

1059 1879 1145 1911 Judze,
1165 1884 1191 1907 et
1211 1880 1301 1907 omnis
1323 1880 1413 1907 .Iuda?
1432 1879 1527 1907 Nonne
1548 1879 1610 1914 quia
1629 1880 1784 1907 timuerunt
1804 1880 1853 1906 Do-

1059 1926 1176 1958 minum,
1196 1929 1222 1952 et
1246 1926 1308 1959 quia
1331 1925 1465 1960 petierunt
1486 1932 1502 1952 a
1526 1925 1596 1952 facie
1617 1925 1744 1958 Domini,
1771 1927 1851 1953 etiam

1061 1971 1177 1998 cessavit
1198 1970 1330 1998 Dominus
1349 1978 1364 1997 a
1384 1971 1475 2003 malis,
1495 1978 1555 2006 qua:
1575 1970 1683 1997 locutus
1707 1976 1753 1998 est
1772 1979 1854 2006 super

1060 2016 1130 2043 eos?
1145 2015 1177 2043 Et
1196 2023 1246 2043 nos
1262 2016 1297 2051 (ε)
1318 2015 1432 2043 fecimus
1446 2016 1516 2042 mala
1531 2023 1627 2051 magna
1643 2024 1728 2050 super
1746 2018 1853 2044 animas

1061 2066 1180 2089 nostras.
1201 2061 1246 2088 20.
1265 2061 1304 2096 (ά)
1331 2061 1362 2088 Et
1386 2062 1468 2089 homo
1489 2066 1548 2089 erat
1575 2063 1744 2096 propltetans
1761 2063 1790 2090 in
1808 2071 1855 2090 no-

1063 2108 1136 2134 mine
1152 2106 1272 2138 Domini.
1297 2106 1360 2134 Uria
1378 2107 1450 2135 filius
1466 2106 1579 2135 Salutem
1594 2115 1625 2135 ex
1643 2108 1853 2140 Curiathiarim,

1062 2158 1088 2180 et
1102 2153 1272 2188 prophetarit
1288 2154 1322 2187 3K
1341 2160 1424 2188 super
1437 2153 1531 2180 urbem
1548 2154 1627 2184 banc.
1643 2159 1669 2180 et
1685 2154 1695 2187 ζ
1715 2162 1768 2188 pro
1785 2161 1855 2182 terra

222 2202 250 2225 ct
268 2198 357 2225 omnis
374 2197 490 2232 populus
512 2196 657 2224 Jeremiam
679 2195 835 2230 loquentem
855 2195 937 2221 verba
956 2195 1012 2222 lucc
1029 2193 1049 2220 D
1065 2199 1116 2226 hac
1128 2198 1277 2226 secondum
1298 2199 1390 2225 omnia
1406 2199 1485 2226 verba
1504 2197 1628 2225 Jeremia:
1645 2206 1651 2224 :
1667 2198 1713 2226 2t.
1731 2204 1758 2226 et
1776 2202 1855 2227 audi-

220 2243 252 2271 io
269 2244 352 2271 domo
373 2243 490 2270 Domini.
512 2242 540 2269 8.
557 2241 590 2268 Et
604 2241 704 2268 factum
726 2245 778 2272 est,
796 2247 857 2267 cum
877 2244 1012 2266 cessasset

222 2287 338 2316 Jeremia
351 2289 467 2324 10quens
481 2289 583 2322 omnia,
596 2295 656 2322 quae
666 2290 831 2322 praeceperat
841 2287 864 2313 ei
880 2285 1011 2313 Dominus

222 2334 298 2369 loqui
314 2335 389 2362 omni
406 2334 516 2369 populo,
534 2338 560 2361 et
581 2336 710 2368 ceperunt
723 2339 785 2360 eum
801 2331 968 2362 sacerdotes,
985 2336 1012 2358 et

277 2438 310 2473 (δ)
328 2437 369 2470 S.,
383 2444 464 2472 super
483 2436 634 2473 placatione
647 2436 718 2473 ejus.

220 2472 365 2504 .Iariorum,
378 2472 561 2507 respondebit.
599 2472 637 2506 (ιι)

1064 2245 1102 2270 vit
1118 2251 1163 2270 rex
1177 2243 1294 2276 Joacim,
1309 2245 1342 2278 )t(
1357 2248 1383 2271 et
1395 2251 1490 2271 omnes
1505 2248 1628 2278 potentes
1640 2244 1700 2278 ejus
1715 2245 1739 2278 ζ,
1757 2250 1786 2272 et
1798 2254 1856 2272 οιιι-

1065 2296 1113 2315 nes
1129 2288 1265 2323 principes
1283 2296 1313 2315 -ε-
1329 2289 1420 2315 omnia
1438 2289 1448 2323 :
1466 2289 1548 2315 verba
1563 2289 1633 2322 ejus,
1655 2294 1681 2315 et
1694 2291 1857 2323 quaerebant

1065 2335 1188 2361 occidere
1200 2342 1273 2361 eum.
1292 2335 1323 2361 lit
1337 2335 1438 2361 audivit
1457 2333 1518 2361 Uria
1529 2355 1535 2367 ,
1558 2335 1591 2368 >κ
1605 2339 1632 2361 et
1649 2335 1752 2366 timuit,
1767 2341 1795 2363 et
1817 2337 1858 2363 fn-

761 2436 792 2470 (t)
810 2437 854 2468 Α.,
870 2436 1046 2468 calcantium,
1064 2436 1236 2470 respondebit
1252 2438 1284 2464 ad
1300 2444 1395 2464 omnes
1411 2437 1576 2464 habitatores
1592 2441 1680 2463 teme.
1703 2435 1748 2467 S.,
1765 2441 1859 2462 torru-

676 2490 697 2502 .,
713 2472 787 2499 vertit
802 2479 888 2505 usque
901 2472 934 2498 ad
950 2472 1031 2498 finem
1043 2476 1129 2506 terrae.
1145 2471 1186 2502 8.,
1203 2476 1309 2506 tempus
1322 2480 1409 2506 usque
1421 2472 1453 2498 ad
1464 2477 1583 2498 extrema
1598 2476 1686 2497 terrae.
1726 2474 1767 2505 (π)
1786 2471 1857 2497 Ihec.

197 2510 261 2543 μω)
278 2508 323 2540 Α..
347 2505 615 2546 han—suscitabitur:
655 2506 691 2542 (ι)
708 2505 821 2546 Reliqui,
841 2514 901 2546 ipso
922 2510 1000 2546 terra;

1062 2508 1088 2540 α)
1109 2505 1150 2546 S_.,
1168 2506 1229 2546 ΤΙιη
1247 2505 1266 2533 ιι
1282 2505 1415 2546 principio
1430 2511 1508 2534 terra:
1533 2506 1672 2546 usquead
1689 2507 1858 2546 principium

223 2549 312 2570 terrm.

222 2578 301 2618 valde
313 2582 479 2618 unguntum.

224 2613 266 2646 S.,
285 2613 311 2640 in
330 2613 454 2640 exitium.

237 2650 272 2679 ut)
293 2649 336 2679 A.,
350 2648 382 2674 ad
396 2649 571 2682 loquendum.

223 2649 261 2717 ill)
287 2685 332 2714 Α-.
357 2682 398 2714 8.,
421 2683 567 2717 prophetae.

224 2683 261 2718 (q)
287 2685 332 2714 Α..
357 2683 398 2714 S.,
421 2683 567 2716 prophetae.
595 2683 630 2714 (r)
645 2683 686 2712 δ..
707 2688 739 2707 eo
753 2688 812 2714 quo

223 2718 372 2752 prophetm.
410 2717 440 2752 (1)
458 2719 502 2748 11.,
519 2716 560 2747 S.,
581 2721 607 2742 et
626 2715 812 2752 conquiescet.

224 2751 320 2778 chrum
346 2757 372 2779 ct
391 2757 420 2779 ut
434 2751 543 2779 ridetur
557 2752 631 2778 \obis
655 2751 770 2785 justum.

226 2786 350 2813 Morathi.

229 2825 253 2847 rt
271 2821 320 2854 vir,
339 2821 429 2848 homo.

520 2577 552 2611 (Ῑ)
566 2577 611 2608 Α.,
621 2576 661 2606 S.,
675 2583 816 2610 pascuum.

611 2646 648 2680 (η)
663 2644 707 2678 A.,
721 2651 748 2672 et
772 2646 956 2680 acquiescam.

351 2544 387 2578 (b)
403 2541 445 2574 S.,
464 2549 517 2569 non
532 2541 661 2578 plaudcpt
673 2549 754 2575 super
770 2541 819 2568 eis.
859 2541 894 2574 (ε)
910 2542 955 2578 ᾼ.,
976 2541 1017 2573 S.,
1034 2542 1211 2578 constringite
1228 2541 1287 2578 vos.
1324 2542 1363 2577 (ά)
1381 2542 1425 2578 Α.,
1446 2546 1476 2568 ut
1487 2541 1711 2578 _va_s_expetitum.

857 2577 894 2610 (g)
905 2575 946 2608 S.,
961 2584 1025 2603 arva
1042 2577 1163 2610 pacilica.
1180 2575 1333 2609 .4.,deeora
1346 2577 1431 2611 pacis.
1470 2576 1509 2611 (Ιι)
1521 2575 1728 2610 Unusquisque.

493 2609 586 2646 (k)’.t.,
605 2612 652 2638 ira:
669 2609 807 2646 solitariae.
841 2609 901 2643 Tin,
918 2612 964 2638 ira:
979 2617 1005 2638 tu

1063 2631 1069 2637 .
1108 2611 1139 2646 (Ι)
1156 2612 1200 2642 Α.,
1226 2617 1252 2639 et
1265 2609 1383 2646 loqueris
1396 2609 1479 2646 super
1496 2609 1622 2638 Omnibus
1640 2611 1756 2646 u_rbibus
1770 2609 1859 2637 ηῐιιιιιε.

995 2647 1031 2681 (ο)
1049 2646 1089 2677 S.,
1106 2654 1166 2672 cum
1194 2651 1334 2674 anteverto
1352 2651 1378 2674 et
1395 2647 1481 2673 mitto.

357 2682 398 2714 S.,
421 2680 567 2716 prophetae.
595 2681 630 2714 (r)
645 2680 686 2712 8.,
707 2688 739 2707 eo
753 2681 825 2714 quod
850 2689 902 2707 non
923 2682 977 2708 sint
1001 2682 1175 2707 habitantes:

1753 2542 1792 2576 (ι’)
1815 2542 1858 2569 Α..

1770 2576 1804 2610 (ί)
1817 2577 1859 2607 .4.

1520 2645 1556 2680 (ρ)
1574 2646 1618 2678 Α.,
1645 2644 1686 2678 8.,
1706 2646 1859 2679 proahrtzr.

1204 2686 1229 2707 rt
1251 2682 1368 2715 aggressi
1383 2686 1445 2722 sunt
1464 2681 1657 2723 congregatim.
1676 2681 1736 2723 "(a)
1753 2681 1804 2712 ,ιη
1822 2680 1859 2723 8:,

854 2716 892 2748 (ιι)
907 2716 950 2748 Λ.,
974 2721 1002 2742 ιιι

1062 2724 1135 2747 ιιιιιιι,
1153 2722 1179 2742 et
1205 2722 1233 2743 ut
1255 2723 1356 2743 rentum
1384 2716 1409 2743 iu
1431 2716 1516 2742 oculis
1535 2715 1642 2742 vestris.
1673 2715 1716 2746 S.,
1743 2721 1771 2742 ut
1801 2716 1860 2748 pul-

813 2750 850 2784 (αῖ)
867 2750 907 2780 S.,
921 2760 974 2777 non
996 2751 1144 2786 culpatum.
1184 2753 1221 2786 (ῃ)
1237 2754 1281 2782 Α..
1308 2759 1339 2778 ex
1360 2751 1513 2778 senioribus
1532 2755 1622 2786 terra}.

390 2787 428 2822 ((ι)
445 2787 490 2818 Α.,
509 2794 640 2814 acervus:
662 2786 688 2813 in
710 2793 763 2813 non
783 2786 916 2821 pervium.
956 2786 991 2821 (ὑ)

1079 2786 1105 2813 in
1135 2789 1252 2815 tumulos
1277 2787 1360 2814 silva;
1399 2787 1433 2820 (ε)
1462 2786 1506 2816 Α..

1663 2750 1700 2784 (a)
1723 2751 1771 2781 Α.,
1792 2750 1860 2776 [ilius

1526 2785 1566 2819 3.,
1581 2784 1709 2813 facimus.
1751 2787 1796 2820 (ά)
1813 2784 1859 2811 Sed
