1919 3077
201 129 269 156 8547

204 231 266 263 hoc,
285 235 311 257 ct
336 231 487 257 introduxit
503 239 535 258 ea
560 231 586 258 in
605 232 783 268 Babylonem,
803 233 830 260 4.
851 238 877 261 et
891 234 1005 261 Jecho-'

204 278 278 304 niam
297 277 382 304 filium
397 276 501 304 Joacim
522 286 612 312 regem
634 277 721 311 Judze,
737 283 764 306 et
780 286 888 306 omnem
906 280 992 314 capti-

203 323 315 349 vitatem
330 321 416 352 Iudae,
433 323 479 357 qui
493 322 607 357 ingressi
623 328 688 350 sunt
701 324 727 351 in
746 324 923 360 Babylonem,
939 333 990 361 ego

204 367 333 394 reducam
352 367 378 394 in
402 368 491 394 locum
516 368 600 399 hunc,
613 369 680 396 dicit
695 369 875 405 Dominus1,
907 378 937 398 -t—
964 375 991 399 et

200 411 375 444 Jecboniam,
390 417 417 439 et
434 413 702 447 trausmigrationem
716 414 791 443 Judac
805 416 816 449 1
831 424 837 448 ;
854 417 918 450 quia
929 423 992 443 con-

204 464 290 484 teratu
316 458 408 492 iugum
425 458 497 493 regis
513 458 668 494 Babylonis.
687 460 704 487 5
734 461 768 488 Et
791 462 860 488 dixit
874 462 990 490 Ieremia

204 504 238 536 >ε<
267 503 398 538 propheta
426 504 437 538 1
466 505 499 530 ad
528 504 678 533 llanauiam
704 509 738 541 )s(
768 508 991 544 pseudopropbe~

205 554 260 575 tam
277 549 288 582 1
308 553 371 575 ante
392 549 488 576 oculos
501 550 685 585 sacerdotum,
701 557 728 579 et
741 557 804 580 ante
820 554 916 582 oculos
931 562 990 582 om-

203 594 249 622 nis
265 594 368 629 populi,
388 595 518 622 stantium
538 596 565 623 in
589 597 671 624 domo
689 597 808 631 Domini,
826 599 854 626 6.
877 605 905 628 et
921 600 991 627 dixit

203 639 320 667 Ieremia
336 641 370 673 Ἀ(
387 641 518 675 propheta
541 642 552 677 1
574 651 582 669 :
601 643 638 678 (ὁ)
657 642 726 671 Vere
746 644 787 672 sic
801 644 882 672 faciet
899 645 992 673 Domi-

204 693 257 712 nus
273 694 281 712 :
297 690 397 713 statuet
410 686 543 716 Dominus
560 689 670 716 verbum
688 694 774 722 tuum,
792 691 864 725 quod
884 695 912 718 tu
926 698 991 726 pro-

203 731 311 765 phetas,
331 731 365 758 ad
380 733 478 760 reverti
498 733 653 762 faciendum
671 743 735 763 vasa
749 735 848 763 domus
868 736 990 768 Domini.

203 781 231 802 et
242 783 352 802 onmem
373 777 639 813 transmigrationem
653 787 685 806 ex
703 779 839 815 Babylone
850 781 883 807 ad
900 781 990 809 locum

204 821 287 848 hunc.
310 821 335 848 7.
351 821 544 850 Vermutamen
563 823 598 859 (ε)
612 825 704 852 audite
718 826 752 859 Χ
765 833 837 853 nunc
854 825 990 859 1verbum

206 866 267 894 hoc.
285 868 357 901 quod
374 875 425 902 ego
435 867 496 896 dico
513 868 632 897 inaures
649 870 688 905 (Δ)
705 869 820 904 vestras,
833 876 859 898 et
871 871 897 898 in
909 879 990 899 aures
1007 870 1027 896 Β
1043 873 1113 900 ﬁlios
1130 878 1158 900 et
1174 873 1256 905 tilias.
1278 877 1306 900 et
1323 872 1543 907 multiplicamini
1572 873 1606 906 Χ
1631 872 1668 899 ibi
1689 871 1701 905 1
1717 891 1726 903 ,

205 912 295 939 munis
320 913 422 947 populi.
442 913 468 940 8.
494 913 647 949 Prophetaa,
676 916 724 950 qui
753 915 863 943 fuerunt
886 917 993 952 priores

204 964 248 982 me
261 976 268 988 ,
287 958 428 992 etpriorcs
446 958 480 994 (ρ)
498 959 576 987 vobis
589 967 603 986 a
617 960 728 992 saeculo,
748 965 776 987 et
796 961 994 996 prophetarunt

207 1004 240 1036 tl)
257 1011 340 1036 super
363 1009 433 1031 terra
451 1005 548 1038 multa,
571 1010 598 1032 et
616 1013 698 1041 super
725 1007 816 1041 regnis
842 1008 948 1042 magnis
965 1008 991 1034 iu

205 1049 318 1081 l;e|'ttttt,
333 1051 366 1083 χ(
384 1055 411 1076 et
427 1051 452 1076 iu
467 1051 548 1082 mala,
561 1052 625 1078 etin
638 1057 752 1079 mortent
770 1052 793 1086 ζ.
806 1052 832 1080 9.
847 1052 991 1088 Propheta,

205 1095 252 1126 qui
270 1095 441 1128 prophetavit
464 1095 490 1122 in
508 1103 612 1130 pacem,
634 1104 718 1131 qutun
740 1097 814 1124 venit
830 1097 943 1124 verbum
959 1100 992 1132 ἃ(

206 1139 344 1181 prophetae
359 1139 369 1173 1
383 1160 389 1171 ,
407 1140 443 1174 (g)
460 1147 626 1175 cognoscent
639 1142 809 1176 prophetam,
825 1150 905 1176 quem
919 1143 994 1170 misit

206 1191 239 1212 ρξ-
254 1185 294 1211 eis
309 1186 319 1219 1
339 1186 470 1213 Dominus
483 1186 520 1222 (lt)
536 1187 561 1213 in
575 1187 636 1214 (ide.
651 1187 692 1214 l0.
709 1187 742 1214 Et
755 1188 854 1215 sumsit
868 1187 992 1217 llanania

205 1231 239 1264 Χ
254 1231 386 1265 propheta
402 1231 412 1266 1
441 1239 471 1259 —:-
497 1232 523 1259 in
540 1233 628 1259 oculis
645 1233 736 1260 omnis
750 1234 841 1267 populi
856 1233 867 1267 1
882 1233 992 1261 cellaria

204 1284 237 1302 ex
262 1277 332 1303 collo
357 1276 483 1305 Jcrcmiae
499 1279 533 1312 χ(
549 1279 687 1313 prophetae
706 1278 734 1310 1,
751 1283 778 1305 et
795 1279 928 1313 confregit
949 1286 992 1305 ea.

205 1323 248 1348 11.
269 1323 302 1349 Et
322 1323 390 1350 dixit
411 1323 533 1350 llanania
551 1329 614 1351 ante
630 1325 726 1352 oculos
751 1326 785 1358 Χ
807 1325 896 1352 omnis
915 1326 926 1359 ζ
944 1332 993 1360 po-

205 1368 271 1402 puli,
290 1369 384 1396 diccns
407 1378 414 1396 :
433 1369 479 1398 Sic
496 1370 564 1409 dixit
582 1370 712 1398 Dominus
728 1370 806 1397 :.Sic
821 1371 992 1406 confringam

203 1414 300 1449 jngum
320 1415 353 1448 3K
369 1413 650 1443 Nabuchodonosoris
662 1416 734 1450 regis
749 1415 895 1451 Babylonis
907 1417 938 1451 (ἰ)
951 1424 994 1444 su-

205 1467 253 1492 per
274 1459 381 1486 duobus
409 1461 489 1488 anuis
510 1461 617 1488 dierum
648 1461 684 1496 (It)
709 1468 743 1488 ex
767 1462 845 1489 collis
870 1462 992 1489 omnium

205 1505 338 1537 gentium.
364 1505 396 1532 Et
420 1505 487 1532 abiit
515 1504 634 1533 Jeremia
659 1506 790 1541 propheta
818 1507 828 1540 1
864 1507 892 1533 in
920 1507 992 1534 viam

205 1558 295 1577 summ.
321 1551 365 1577 l2.
385 1551 417 1578 lit
438 1550 540 1578 facttttn
563 1555 606 1579 est
622 1553 732 1579 verbum
749 1552 855 1579 Domini
870 1552 903 1579 ad
914 1551 992 1579 Jcre-

205 1597 300 1629 iniam,
319 1602 465 1632 postquam
482 1596 617 1632 confregit
639 1597 762 1624 Hanania
777 1599 811 1631 )t(
828 1598 960 1632 propheta
980 1598 991 1631 1

205 1643 318 1669 cellaria
335 1645 367 1677 με
386 1643 446 1678 ejus
470 1651 502 1671 ex
525 1643 596 1670 collo
616 1643 649 1678 (Ι)
672 1643 733 1678 ejus
747 1645 886 1678 prophetae
901 1644 911 1677 1
927 1663 935 1676 ,
953 1644 995 1670 di-

205 1696 270 1714 ecus
290 1697 297 1715 :
316 1689 359 1716 15.
385 1689 474 1722 Vade,
497 1693 524 1716 ct
544 1689 589 1716 dic
610 1689 643 1716 ad
666 1688 836 1721 Hananiam,
853 1689 968 1716 dicendo
986 1698 992 1716 :

206 1732 253 1759 hic
269 1733 337 1759 dixit
361 1733 493 1761 Dominus
520 1743 527 1760 :
551 1733 668 1761 Collaria
689 1734 753 1769 ligni
777 1733 946 1769 confregisti,
968 1739 996 1761 et

207 1778 305 1805 faciam
323 1779 370 1812 (ut)
389 1786 438 1814 pro
458 1779 500 1806 bis
513 1779 625 1806 collaria
640 1779 704 1806 ferri
721 1788 727 1806 :
742 1780 785 1806 M.
801 1780 867 1814 quia
878 1780 918 1807 sic
926 1780 995 1807 dixit

208 1825 342 1852 Dominus
363 1827 395 1860 ὶε(
412 1826 543 1853 virtutum
559 1825 570 1859 1
589 1825 660 1853 Deus
675 1825 801 1853 lsraelis:
815 1825 910 1861 jugum
930 1825 994 1853 ferri

206 1872 286 1906 posui
310 1880 391 1906 super
414 1872 513 1899 collum
542 1872 665 1899 omnium
685 1872 804 1906 gentium
828 1874 862 1905 X
885 1873 993 1904 harum,

206 1918 239 1944 ad
259 1919 433 1945 serviendum
448 1917 710 1945 Nabuchodonosori
731 1917 741 1951 1
761 1918 816 1953 regi
836 1917 992 1952 Babylonis,

205 1966 237 1998 Β(
253 1969 280 1991 et
305 1965 394 1991 colent
422 1965 560 1992 servitium
581 1964 617 1995 ei,
645 1968 672 1990 et
693 1971 800 1998 quoque
827 1963 865 1998 (ιι)
893 1963 994 1991 bestias

207 2011 263 2045 agri
284 2011 344 2037 dedi
368 2011 392 2037 ei
411 2011 434 2044 1.
464 2010 507 2037 15.
535 2010 567 2038 Et
590 2010 663 2038 dixit
681 2009 798 2037 Jercmia
815 2011 849 2043 >τ<
863 2010 994 2045 propheta

206 2057 335 2084 llananite
357 2058 495 2092 prophetae
518 2057 529 2091 1
548 2066 554 2083 :
572 2057 641 2083 Audi
665 2058 698 2090 >ί<
716 2064 799 2088 nunc,
823 2056 945 2083 llauania
962 2057 992 2090 1:

205 2104 263 2130 Non
280 2103 354 2130 misit
370 2108 395 2130 te
411 2103 542 2130 Dominus
565 2112 571 2129 :
589 2109 616 2130 et
632 2107 659 2129 tu
676 2103 812 2130 confidere
834 2102 921 2130 fecisti
947 2110 995 2136 po-

204 2151 298 2184 puluut
320 2150 393 2176 hunc
422 2149 459 2183 (0)
480 2157 562 2184 super
589 2149 701 2184 iniquis.
732 2149 775 2175 l6.
807 2148 921 2183 Propter
945 2149 995 2175 huc

205 2197 245 2223 sic
271 2195 339 2222 dixit
366 2195 498 2222 Dominus
526 2203 533 2222 :

205 2249 284 2269 terra:
301 2251 307 2269 :
321 2243 373 2269 hoe
388 2249 459 2268 anno
471 2243 504 2274 >ξ<
517 2246 544 2268 tu
561 2241 573 2274 1
591 2241 733 2274 morieris;
750 2240 812 2275 quia
826 2241 858 2273 βξ(
874 2239 994 2274 obliqui-

205 2294 288 2315 tatem
306 2289 317 2322 ζ
331 2293 358 2314 tu
374 2288 481 2314 locutus
497 2295 526 2314 es
538 2287 571 2314 ad
585 2287 739 2314 Dominum.
760 2286 801 2312 l7.
823 2285 855 2312 Et
871 2290 995 2313 mortuus

204 2340 246 2360 est
262 2336 295 2368 )K
311 2334 434 2364 l’lanania
451 2333 583 2368 propheta
605 2333 632 2360 in
657 2341 728 2360 anno
747 2333 791 2359 illo
809 2332 820 2366 1
847 2333 874 2359 in
899 2338 993 2358 mense

204 2380 330 2413 septimo.

239 2427 306 2460 Cap.
329 2424 424 2451 XXIX.
441 2426 466 2451 1.
481 2425 513 2451 lit
527 2426 583 2452 luce
594 2425 675 2452 verba
690 2425 762 2456 libri,
777 2432 839 2459 quae
858 2424 933 2450 misit
945 2422 991 2449 Je-

205 2473 288 2499 rcnl't
316 2473 348 2505 3K
375 2471 506 2506 propheta
530 2471 541 2504 1
569 2479 602 2498 ex
629 2470 778 2497 Jerusalem
806 2470 838 2496 ad
867 2470 991 2496 seniores

203 2517 464 2553 transmig-ationis,
484 2521 510 2543 et
525 2516 557 2543 ad
580 2516 745 2548 sacerdotes,
769 2520 796 2542 et
816 2516 847 2541 ad
873 2513 989 2548 pseudo-

205 2564 362 2599 pt'ophctas,
389 2562 531 2597 epistolam
562 2561 590 2588 in
615 2560 780 2596 Babylonem
804 2567 835 2586 —:—
858 2559 991 2593 demigra-

240 2652 277 2680 (b)
299 2651 344 2680 Α..
359 2649 471 2676 fideliter
485 2654 510 2676 te
526 2647 693 2684 geres.rllcb.
708 2656 798 2675 amen.
836 2647 917 2684 (cMn
930 2645 956 2672 Ei.

206 2685 246 2716 5..
268 2690 456 2720 cogntuseetur.

789 128 901 156 CODEX
923 127 1256 156 SYRO-HEXAPLAIHS.

204 192 264 220 qua!
278 184 377 212 stnnsit
389 183 643 212 Nalmcbodonosor
661 194 706 213 rex
722 186 868 223 Babylonis
884 195 916 215 ex
934 188 994 215 loco
1009 197 1031 224 Α
1047 189 1114 217 tioni
1137 190 1148 224 1

1007 1535 1028 1562 (Σ

562 2194 630 2222 Ecce
653 2202 702 2228 ego
732 2195 809 2221 mitto
835 2199 862 2221 te
886 2201 901 2220 a
925 2193 994 2221 lacic
1010 2206 1032 2234 υ

496 2658 510 2676 e
526 2656 612 2684 geres.
626 2647 693 2675 llcb.
708 2656 798 2675 amen.
836 2647 916 2682 (ι’)Αιι
930 2645 956 2672 Ei.

496 2685 532 2719 (Ιι)
550 2685 592 2715 Λ.,
608 2683 647 2711 S..
661 2684 686 2710 in
700 2683 820 2710 veritate.
860 2684 889 2716 (ἡ)
903 2682 991 2719 ltnrsn

1049 2645 1132 2671 Tuas.
1171 2645 1264 2678 (e)Te.
1301 2645 1458 2677 (ﬂA.,SIIpt

1044 2679 1093 2719 με)
1116 2681 1152 2705 lix
1164 2681 1243 2706 collo.
1283 2678 1458 2719 (I)Jeremia‘.

1763 130 1836 160 ἔξω

1160 209 1171 221 ,
1193 194 1220 217 ct
1240 190 1272 217 ad
1297 196 1405 217 omnem
1430 190 1578 225 populum;
1593 198 1664 226 quos
1679 191 1836 227 deportavit

1043 234 1298 263 Nabuchodonosor
1313 237 1347 270 Χ
1362 243 1376 262 a
1393 235 1542 264 Jerusalem
1560 237 1587 264 in
1613 232 1781 273 Babylonem
1801 239 1834 273 1;

1043 279 1070 306 2.
1087 279 1125 316 (ρ)
1142 287 1205 308 cum
1221 281 1253 308 ad
1277 282 1404 308 ultimum
1421 289 1549 317 egressus
1564 288 1604 309 est
1619 282 1751 310 Jecbonia
1773 291 1833 315 rex,

1042 330 1070 353 et
1086 326 1189 361 regina,
1208 331 1235 354 et
1252 327 1381 360 eunuchi,
1396 329 1430 362 x
1449 332 1476 355 et
1493 329 1632 363 principes
1645 327 1722 357 Judzc
1738 337 1771 357 ex
1786 329 1833 357 Je-

1042 371 1162 399 rusalem
1175 372 1206 406 1,
1218 376 1246 400 et
1261 373 1351 401 onmis
1363 373 1442 406 liber,
1452 378 1480 401 et
1497 375 1535 409 (q)
1551 375 1661 406 artifex.
1677 380 1705 402 et
1722 375 1833 402 vinctus

1006 448 1016 453 _
1042 425 1074 444 ex
1087 416 1249 449 Jerusalem.
1279 418 1307 445 3.
1332 419 1360 446 in
1380 426 1462 446 manu
1483 419 1586 447 Eleasa:
1602 420 1649 447 ﬁlii
1664 420 1788 455 Saphan.
1807 425 1833 447 et

1044 462 1178 490 Gamaria'
1195 462 1242 490 ﬁlii
1259 462 1368 495 Helciaa,
1380 470 1461 496 quem
1476 464 1549 491 misit
1568 463 1680 491 Sedecia
1693 472 1741 491 rex
1755 463 1835 490 Judat

1042 507 1076 534 ad
1093 508 1126 541 >ε<
1143 506 1442 535 Nabuchodonosorem
1462 507 1473 542 1
1491 515 1581 543 regem
1594 508 1741 542 Babylonis
1755 514 1787 535 -ι-
1805 507 1834 534 in

1042 551 1206 588 Babylonem
1229 553 1258 587 1,
1287 553 1408 580 dicens:
1432 553 1460 580 4.
1485 553 1531 580 Sic
1555 553 1623 580 dixit
1646 552 1780 579 Dominus
1798 553 1833 585 ὶί(

1042 598 1172 626 virtutum
1204 598 1216 632 1
1250 599 1320 626 Deus
1348 598 1455 625 lsraelis
1483 605 1567 633 super
1588 598 1831 633 demigrationem.

1041 653 1123 680 quam
1140 645 1293 680 demigrare
1309 644 1373 672 fecit
1389 652 1420 671 ex
1439 643 1590 671 Jerusalem
1611 645 1644 678 )t(
1669 644 1695 670 in
1715 643 1834 678 Babylo-

1042 698 1103 718 nem
1121 690 1132 724 1
1147 700 1153 717 :
1171 691 1198 719 5.
1211 690 1356 717 IE-lificate
1371 690 1476 719 domos.
1490 695 1517 717 et
1534 691 1662 720 babitate,
1672 695 1699 716 et
1711 690 1834 723 piantate

1042 736 1148 768 hortos,
1170 741 1198 764 et
1217 736 1288 764 edite
1305 736 1412 764 fructus
1427 744 1535 767 eorum,
1552 736 1578 762 6.
1597 741 1624 762 et
1637 736 1739 763 sumite
1763 742 1834 761 uxo-

1042 790 1095 815 res,
1105 787 1131 810 et
1143 783 1223 810 facite
1237 787 1317 810 natos
1334 782 1415 814 ﬁlios,
1426 787 1454 809 et
1469 782 1548 813 filias,
1559 787 1587 809 et
1598 782 1697 809 sumite
1709 781 1774 808 filiis
1787 788 1835 807 ve-

1042 829 1107 856 stris
1131 836 1240 860 uxores,
1263 833 1291 856 et
1314 828 1384 855 tilias
1398 832 1503 855 vestras
1514 828 1577 855 date
1589 827 1666 856 viris.
1681 831 1709 854 et
1722 827 1834 862 pariant

1753 876 1781 898 et
1799 879 1833 898 ne

1044 919 1234 946 diminuamini
1252 928 1260 946 :
1279 918 1306 944 7.
1322 922 1350 946 et
1370 918 1452 945 vivite
1468 918 1502 951 (ν)
1519 918 1546 944 in
1571 925 1664 952 pacem
1686 922 1779 948 teme.
1802 917 1832 943 in

1043 972 1123 998 quam
1143 964 1295 999 demigrare
1308 963 1358 991 feci
1373 972 1424 992 vos
1441 964 1506 991 illuc
1521 971 1529 990 :
1549 969 1576 990 et
1590 967 1665 990 orate
1677 970 1727 998 pro
1740 962 1783 990 eis
1796 962 1832 989 ad

1044 1009 1207 1042 Dominum;
1233 1010 1297 1044 quia
1319 1010 1344 1036 in
1363 1017 1429 1044 pace
1446 1009 1480 1044 (ε)
1497 1016 1592 1036 eorum
1611 1009 1641 1035 fit
1667 1007 1746 1036 vobis
1766 1015 1831 1042 pax.

1043 1055 1069 1081 8.
1089 1054 1223 1087 Quoniam
1248 1055 1288 1082 sic
1310 1055 1379 1082 dixit
1396 1054 1528 1082 Dominus
1545 1055 1579 1089 Χ
1603 1054 1736 1081 virtutum
1758 1053 1832 1081 Deus

1043 1100 1151 1128 lsraelis
1169 1101 1180 1134 1
1195 1109 1202 1128 :
1219 1100 1278 1127 Non
1297 1101 1479 1135 persuadeant
1492 1101 1569 1128 vobis
1586 1100 1833 1135 pseudoprophch

1044 1148 1077 1180 Ἀ
1090 1146 1172 1173 vestri
1190 1145 1202 1179 1
1219 1153 1250 1173 σε»
1264 1147 1310 1181 qui
1327 1146 1353 1173 iu
1371 1147 1448 1174 vobis
1461 1147 1490 1181 1,
1507 1151 1534 1173 et
1554 1153 1584 1173 σι-
1598 1153 1652 1173 non
1667 1148 1701 1180 (t)
1716 1153 1833 1180 persua—

1043 1192 1124 1219 deant
1136 1192 1212 1219 vobis
1226 1193 1237 1226 1
1253 1193 1420 1220 divinatores
1432 1192 1514 1219 vestri
1527 1202 1533 1219 :
1545 1197 1572 1219 et
1582 1199 1616 1219 ne
1629 1191 1747 1218 audiatis
1755 1191 1794 1226 (ιι)
1805 1191 1834 1217 in

1043 1237 1159 1265 somniis
1169 1237 1279 1269 vestris,
1293 1245 1354 1272 qua:
1367 1245 1415 1264 vos
1432 1237 1591 1269 somniatis;
1610 1236 1636 1264 9.
1656 1236 1720 1271 quia
1737 1236 1834 1271 iniqua

1043 1283 1082 1309 illi
1098 1283 1259 1318 prophetam
1274 1283 1352 1310 vobis
1367 1291 1449 1317 super
1469 1282 1580 1309 nomine
1595 1289 1656 1309 meo
1670 1292 1677 1309 :
1695 1289 1751 1309 non
1769 1281 1834 1309 misi

1043 1335 1101 1358 eos,
1126 1326 1193 1355 dicit
1212 1327 1354 1355 Dominus.
1383 1327 1426 1354 10.
1450 1326 1518 1359 Quia
1533 1327 1575 1354 sic
1589 1326 1657 1353 dixit
1671 1325 1809 1353 Dominus
1825 1333 1833 1351 :

1045 1372 1084 1408 (π)
1099 1373 1167 1400 Cum
1183 1373 1268 1400 futuri
1296 1376 1360 1400 sunt
1382 1372 1488 1407 impleri
1508 1371 1638 1407 Babyloni
1655 1370 1833 1406 septuaginta

1044 1419 1118 1451 anni,
1138 1419 1255 1445 visitabo
1275 1425 1334 1450 vos,
1359 1422 1386 1445 et
1412 1418 1549 1452 imponam
1577 1424 1660 1452 super
1680 1424 1731 1444 vos
1747 1416 1833 1443 verba

1044 1471 1103 1490 mea
1121 1465 1154 1497 x
1167 1463 1237 1490 bona
1256 1462 1266 1496 1
1279 1483 1286 1495 ,
1301 1462 1335 1489 ad
1349 1462 1531 1489 reducendum
1545 1469 1592 1489 vos
1604 1461 1631 1488 in
1644 1461 1734 1488 locum
1747 1460 1833 1487 hunc.

1045 1509 1089 1536 11.
1109 1511 1142 1544 >κ
1162 1508 1231 1541 Quia
1246 1515 1296 1543 ego
1309 1509 1367 1536 scio
1381 1508 1586 1542 cogitationem,
1602 1507 1668 1542 quia
1680 1513 1731 1541 ego
1741 1513 1804 1533 sum
1820 1505 1832 1539 1

1044 1559 1071 1582 et
1088 1555 1211 1590 cogitans
1224 1562 1306 1589 super
1320 1561 1378 1586 vos,
1393 1555 1426 1588 Χ
1443 1552 1510 1581 dicit
1530 1552 1664 1580 Dominus
1680 1553 1713 1587 1,
1726 1551 1832 1586 cogita-

1045 1601 1145 1628 tionem
1161 1601 1247 1635 pacis,
1261 1605 1287 1627 et
1302 1608 1355 1627 non
1372 1600 1454 1631 mala,
1473 1598 1506 1626 ad
1524 1599 1644 1626 dandum
1671 1598 1748 1625 vobis
1772 1602 1833 1632 post

1046 1647 1104 1674 haec
1121 1648 1154 1681 >ε<
1172 1647 1255 1673 etiam
1274 1653 1350 1680 spem
1376 1654 1383 1672 :
1406 1645 1451 1672 12.
1468 1649 1496 1672 et
1512 1645 1637 1671 invocato
1656 1651 1710 1674 me,
1732 1648 1761 1670 et
1781 1643 1834 1670 ibi—

1046 1693 1081 1719 tis
1099 1692 1130 1726 1,
1148 1698 1174 1719 et
1198 1697 1274 1719 orate
1297 1692 1329 1718 ad
1354 1699 1407 1723 me,
1427 1695 1454 1718 et
1480 1689 1625 1717 etaudiam
1651 1696 1712 1716 vos.
1738 1689 1784 1715 15.
1803 1688 1834 1715 Et

1045 1737 1172 1772 quaeretis
1187 1744 1241 1768 ine,
1260 1741 1287 1763 et
1301 1735 1444 1762 invenietis
1461 1741 1515 1765 me,
1526 1734 1589 1768 quia
1605 1733 1734 1768 quaeretis
1749 1732 1834 1758 mei

1047 1787 1102 1810 toto
1115 1783 1198 1809 corde
1215 1786 1307 1809 vestro
1325 1790 1332 1806 τ
1349 1780 1390 1807 14.
1411 1785 1437 1807 et
1452 1779 1589 1814 apparebo
1614 1778 1701 1808 vobis,
1720 1779 1753 1810 Χ
1768 1777 1834 1804 dicit

1045 1828 1188 1859 Dominus,
1215 1832 1243 1854 et
1274 1827 1401 1854 reducam
1428 1825 1613 1860 captivitatem
1643 1829 1776 1853 vestram,
1807 1826 1834 1850 et

1045 1875 1212 1908 congregabo
1233 1881 1280 1900 vos
1299 1881 1331 1899 ex
1349 1871 1479 1898 onmibus
1494 1871 1631 1905 gentibus,
1648 1873 1676 1896 et
1691 1876 1724 1895 ex
1743 1867 1834 1895 omni-

1046 1920 1097 1947 bus
1110 1919 1187 1949 locis,
1204 1926 1259 1953 quo
1274 1917 1391 1952 dispersi
1408 1924 1457 1944 vos
1482 1916 1557 1947 illttc,
1584 1915 1650 1942 dicit
1674 1914 1809 1941 Dominus
1827 1922 1834 1940 :

1045 1968 1072 1989 et
1091 1962 1218 1989 reducam
1237 1969 1286 1989 vos
1308 1961 1335 1988 in
1361 1961 1462 1993 locum,
1480 1960 1553 1987 unde
1576 1959 1717 1994 deportari
1735 1967 1786 1985 vos
1803 1959 1835 1985 il-

1046 2009 1090 2036 luc.
1106 2009 1130 2042 1.
1148 2008 1188 2035 15.
1207 2007 1276 2040 Quia
1289 2007 1407 2038 dixistis,
1428 2006 1501 2042 quod
1524 2005 1667 2033 constituit
1689 2005 1772 2031 nobis
1789 2004 1837 2029 Do-

1046 2055 1136 2082 minus
1148 2055 1292 2088 prophetas
1308 2053 1333 2079 iu
1347 2053 1495 2080 Babvlone.
1512 2051 1555 2079 16.
1568 2055 1601 2086 χ(
1613 2051 1682 2084 Quia
1693 2051 1753 2078 hate
1768 2051 1835 2078 dicit

1047 2100 1178 2127 Dominus
1195 2099 1228 2126 ad
1242 2107 1332 2134 regem
1350 2100 1491 2126 sedentem
1505 2106 1587 2133 super
1611 2097 1682 2125 solio
1711 2096 1835 2128 Davidis,

1046 2150 1072 2172 et
1083 2152 1165 2179 super
1180 2151 1287 2171 onmem
1301 2143 1431 2178 populum
1449 2142 1612 2169 habitantem
1629 2141 1656 2167 in
1679 2140 1748 2166 urbe
1772 2140 1836 2170 hac,

1047 2190 1145 2219 fratres
1155 2196 1271 2222 vestros,
1292 2190 1337 2224 qui
1353 2197 1407 2216 non
1424 2189 1526 2224 egressi
1543 2191 1607 2215 sunt
1623 2194 1685 2215 cum
1705 2186 1787 2213 vobis
1809 2185 1835 2211 in

1046 2238 1253 2273 demigratione.
1276 2237 1319 2264 f7.
1340 2236 1403 2264 llaec
1421 2235 1488 2263 dicit
1513 2235 1645 2262 Dominus
1668 2233 1803 2259 virtutum
1829 2241 1835 2258 :

1047 2284 1115 2312 Ecce
1130 2292 1180 2319 ego
1192 2284 1270 2310 mitto
1282 2283 1307 2310 in
1323 2291 1371 2310 eos
1383 2282 1516 2317 gladium,
1536 2286 1564 2308 ct
1588 2280 1698 2311 famem,
1713 2283 1743 2306 et
1761 2286 1835 2305 mor-

1045 2335 1112 2360 tem,
1127 2333 1154 2356 et
1170 2329 1241 2355 dabo
1258 2329 1283 2355 id
1306 2332 1335 2355 ut
1351 2328 1419 2354 licus
1440 2327 1478 2362 (ῃ)
1497 2327 1618 2356 Suarim,
1638 2333 1698 2360 qum
1717 2332 1774 2351 non
1789 2332 1835 2351 θοι

1045 2376 1188 2402 medentur
1206 2381 1260 2408 prae
1272 2373 1386 2400 malitia.
1402 2372 1445 2400 i8.
1465 2372 1496 2398 Et
1507 2379 1654 2406 persequar
1667 2375 1729 2405 post
1742 2378 1794 2397 eos
1810 2370 1836 2396 in

1044 2421 1144 2456 gladio,
1156 2424 1183 2446 et
1195 2420 1221 2446 in
1239 2419 1319 2450 fame,
1335 2423 1362 2445 et
1377 2419 1404 2444 in
1420 2423 1519 2448 morte.
1532 2422 1559 2444 ct
1569 2417 1641 2444 dabo
1655 2424 1704 2443 eos
1717 2416 1744 2442 in
1761 2423 1835 2442 com-

1047 2467 1193 2494 motionem
1218 2465 1346 2492 omnibus
1363 2464 1454 2498 regnis
1473 2469 1561 2494 teme,
1585 2463 1611 2490 in
1632 2462 1836 2496 juratnentum.

1044 2518 1071 2540 ct
1094 2513 1120 2539 in
1138 2513 1262 2544 exitium,
1278 2517 1304 2538 ct
1327 2511 1351 2537 in
1374 2510 1495 2539 sibilum,
1514 2514 1540 2535 et
1558 2509 1584 2535 in
1602 2507 1781 2542 opprobrium
1810 2507 1835 2532 in

1046 2558 1173 2585 onmibus
1190 2557 1333 2592 gentibus,
1352 2563 1407 2590 quo
1425 2554 1541 2589 dispersi
1557 2561 1604 2581 eos
1628 2552 1701 2579 illuc.
1719 2552 1764 2578 i9.
1783 2550 1838 2577 Pro

1736 2638 1775 2672 (g)
1789 2639 1808 2664 Α
1818 2658 1833 2664 ..

1171 2644 1204 2678 (e)
1217 2643 1264 2670 Te.
1301 2642 1388 2677 ΝΜ..
1399 2648 1479 2676 sttpcr
1495 2640 1575 2667 terris
1592 2639 1696 2666 multis.
1736 2639 1775 2672 (9)
1789 2639 1808 2664 Α

1171 2681 1243 2706 tollo.
1283 2678 1458 2708 (I)Jeremi:c.
1497 2677 1544 2708 (ut)
1564 2675 1618 2701 Pro
1634 2674 1686 2701 eis.
1726 2675 1766 2708 (rt)
1789 2674 1809 2700 Α

1497 2677 1544 2709 (ιιι)
1564 2675 1618 2701 Pro
1634 2674 1686 2701 eis.

205 2710 465 2753 bestiaiirr‘cginnis.
497 2710 540 2754 ‘(ci)
560 2710 605 2750 Αί,
622 2710 662 2748 8..
683 2727 764 2753 super
779 2710 932 2745 mendacio.
955 2715 1008 2754 _(_p)
1024 2710 1238 2754 _A.:,_'postqnam
1253 2710 1382 2754 (egressus
1399 2716 1442 2738 cst
1453 2710 1588 2754 Jet'li'ltlllill‘
1603 2713 1702 2754 rei;
1716 2716 1780 2754 (pta:

205 2763 309 2781 reuma.

205 2764 309 2787 regina.
348 2764 385 2789 ((1)
403 2764 443 2784 ἢ..
461 2764 608 2788 lil‘lllClpClﬂ
625 2764 760 2781 lilUer'lllll

205 2790 270 2823 liqui
284 2797 292 2815 :
306 2790 436 2817 seducunt
453 2797 500 2816 vos
516 2790 653 2823 prophetae
668 2790 760 2816 vestri.

205 2831 282 2851 ccmc
294 2824 393 2852 ltnvlas.
416 2824 456 2852 3..
472 2824 582 2851 ultimas

348 2751 385 2789 (ἡ)
403 2755 443 2784 8.,
461 2751 608 2788 principem
625 2751 774 2785 fabrorum,
787 2758 813 2780 ct
827 2761 899 2789 cum,
915 2752 960 2785 qui
978 2751 1100 2789 includit.

799 2790 838 2823 (τι)
858 2787 897 2814 Ad
911 2786 1027 2814 somnia.

1140 2743 1174 2784 (ri
1306 2748 1331 2774 in
1350 2754 1442 2784 pacem
1458 2746 1559 2784 urbis._
1581 2745 1615 2784 ts)
1636 2744 1713 2784 Ejus.
1727 2743 1766 2784 '_(t)
1787 2743 1835 2770 Ite-

1067 2784 1105 2819 (.i:)
1127 2779 1172 2816 .ς.;
1191 2785 1215 2811 in
1232 2793 1278 2811 ore
1292 2779 1466 2817 impletionis,
1480 2780 1619 2816 Babyloni.
1658 2779 1698 2814 (ν)
1720 2781 1767 2811 Λ.,
1780 2787 1834 2805 non
