  <div class='ocr_page' id='page_1' title='image "/cluster/home/n/w/nwhite01/storage/ocr_20150623/16, pt.2/njp.32101010944567/560.png"; bbox 0 0 1919 3077; ppageno 0'>
   <div class='ocr_carea' id='block_1_1' title="bbox 77 129 150 157">
    <p class='ocr_par' dir='ltr' id='par_1_1' title="bbox 77 129 150 157">
     <span class='ocr_line' id='line_1_1' title="bbox 77 129 150 157; baseline 0 -1"><span class='ocrx_word' id='word_1_1' title='bbox 77 129 150 157; x_wconf 69' lang='grc'><strong>2549</strong></span> 
     </span>
    </p>
   </div>
   <div class='ocr_carea' id='block_1_2' title="bbox 77 231 863 267">
    <p class='ocr_par' dir='ltr' id='par_1_2' title="bbox 77 231 863 267">
     <span class='ocr_line' id='line_1_2' title="bbox 77 231 863 267; baseline -0.004 -7"><span class='ocrx_word' id='word_1_2' title='bbox 77 233 144 267; x_wconf 84' lang='lat' dir='ltr'><strong>quia</strong></span> <span class='ocrx_word' id='word_1_3' title='bbox 157 232 218 260; x_wconf 91' lang='lat' dir='ltr'><strong>misi</strong></span> <span class='ocrx_word' id='word_1_4' title='bbox 230 232 264 259; x_wconf 89' lang='lat' dir='ltr'><strong>ad</strong></span> <span class='ocrx_word' id='word_1_5' title='bbox 276 239 323 259; x_wconf 87' lang='lat' dir='ltr'><strong>eos</strong></span> <span class='ocrx_word' id='word_1_6' title='bbox 334 239 426 259; x_wconf 83' lang='lat' dir='ltr'><strong>servos</strong></span> <span class='ocrx_word' id='word_1_7' title='bbox 438 239 512 258; x_wconf 88' lang='lat' dir='ltr'><strong>meos</strong></span> <span class='ocrx_word' id='word_1_8' title='bbox 526 231 682 266; x_wconf 72' lang='lat' dir='ltr'><strong>prophetas,</strong></span> <span class='ocrx_word' id='word_1_9' title='bbox 691 235 863 258; x_wconf 88' lang='lat' dir='ltr'><strong>antevertens</strong></span> 
     </span>
    </p>
   </div>
   <div class='ocr_carea' id='block_1_3' title="bbox 77 276 864 312">
    <p class='ocr_par' dir='ltr' id='par_1_3' title="bbox 77 276 864 312">
     <span class='ocr_line' id='line_1_3' title="bbox 77 276 864 312; baseline 0 -8"><span class='ocrx_word' id='word_1_10' title='bbox 77 283 106 304; x_wconf 81' lang='lat' dir='ltr'><strong>et</strong></span> <span class='ocrx_word' id='word_1_11' title='bbox 122 278 242 310; x_wconf 88' lang='lat' dir='ltr'><strong>mittens,</strong></span> <span class='ocrx_word' id='word_1_12' title='bbox 258 283 284 305; x_wconf 88' lang='lat' dir='ltr'><strong>et</strong></span> <span class='ocrx_word' id='word_1_13' title='bbox 297 285 351 304; x_wconf 91' lang='lat' dir='ltr'><strong>non</strong></span> <span class='ocrx_word' id='word_1_14' title='bbox 377 277 413 312; x_wconf 70' lang='grc' dir='ltr'><strong>(ι)</strong></span> <span class='ocrx_word' id='word_1_15' title='bbox 434 277 610 309; x_wconf 82' lang='lat' dir='ltr'><strong>audiverunt,</strong></span> <span class='ocrx_word' id='word_1_16' title='bbox 634 277 701 304; x_wconf 79' lang='lat' dir='ltr'><strong>dicit</strong></span> <span class='ocrx_word' id='word_1_17' title='bbox 722 276 864 304; x_wconf 85' lang='lat' dir='ltr'><strong>Dominus.</strong></span> 
     </span>
    </p>
   </div>
   <div class='ocr_carea' id='block_1_4' title="bbox 77 321 866 356">
    <p class='ocr_par' dir='ltr' id='par_1_4' title="bbox 77 321 866 356">
     <span class='ocr_line' id='line_1_4' title="bbox 77 321 866 356; baseline -0.001 -7"><span class='ocrx_word' id='word_1_18' title='bbox 77 323 124 350; x_wconf 76' lang='grc'><strong>20.</strong></span> <span class='ocrx_word' id='word_1_19' title='bbox 143 322 176 349; x_wconf 89' lang='lat' dir='ltr'><strong>Et</strong></span> <span class='ocrx_word' id='word_1_20' title='bbox 191 331 240 350; x_wconf 87' lang='lat' dir='ltr'><strong>vos</strong></span> <span class='ocrx_word' id='word_1_21' title='bbox 254 323 347 350; x_wconf 84' lang='lat' dir='ltr'><strong>audite</strong></span> <span class='ocrx_word' id='word_1_22' title='bbox 365 322 478 349; x_wconf 85' lang='lat' dir='ltr'><strong>verbum</strong></span> <span class='ocrx_word' id='word_1_23' title='bbox 496 321 714 353; x_wconf 85' lang='lat' dir='ltr'><strong>Domiiii,oiunis</strong></span> <span class='ocrx_word' id='word_1_24' title='bbox 728 321 866 356; x_wconf 78' lang='lat' dir='ltr'><strong>demigra-</strong></span> 
     </span>
    </p>
   </div>
   <div class='ocr_carea' id='block_1_5' title="bbox 78 367 865 403">
    <p class='ocr_par' dir='ltr' id='par_1_5' title="bbox 78 367 865 403">
     <span class='ocr_line' id='line_1_5' title="bbox 78 367 865 403; baseline -0.005 -8"><span class='ocrx_word' id='word_1_25' title='bbox 78 368 129 400; x_wconf 86' lang='lat' dir='ltr'><strong>tio,</strong></span> <span class='ocrx_word' id='word_1_26' title='bbox 141 376 224 403; x_wconf 87' lang='lat' dir='ltr'><strong>quam</strong></span> <span class='ocrx_word' id='word_1_27' title='bbox 250 368 312 395; x_wconf 85' lang='lat' dir='ltr'><strong>misi</strong></span> <span class='ocrx_word' id='word_1_28' title='bbox 329 376 363 395; x_wconf 82' lang='lat' dir='ltr'><strong>ex</strong></span> <span class='ocrx_word' id='word_1_29' title='bbox 381 368 533 395; x_wconf 83' lang='lat' dir='ltr'><strong>Jerusalem</strong></span> <span class='ocrx_word' id='word_1_30' title='bbox 553 367 579 394; x_wconf 94' lang='lat' dir='ltr'><strong>in</strong></span> <span class='ocrx_word' id='word_1_31' title='bbox 604 367 769 402; x_wconf 80' lang='lat' dir='ltr'><strong>Babylonem</strong></span> <span class='ocrx_word' id='word_1_32' title='bbox 786 367 797 401; x_wconf 71' lang='grc' dir='ltr'>ί</span> <span class='ocrx_word' id='word_1_33' title='bbox 815 367 865 402; x_wconf 71' lang='grc' dir='ltr'><em>(τι).</em></span> 
     </span>
    </p>
   </div>
   <div class='ocr_carea' id='block_1_6' title="bbox 77 411 866 447">
    <p class='ocr_par' dir='ltr' id='par_1_6' title="bbox 77 411 866 447">
     <span class='ocr_line' id='line_1_6' title="bbox 77 411 866 447; baseline -0.003 -5"><span class='ocrx_word' id='word_1_34' title='bbox 77 414 124 441; x_wconf 76' lang='grc'><strong>21.</strong></span> <span class='ocrx_word' id='word_1_35' title='bbox 144 414 189 442; x_wconf 89' lang='lat' dir='ltr'><strong>Sic</strong></span> <span class='ocrx_word' id='word_1_36' title='bbox 203 414 272 441; x_wconf 74' lang='lat' dir='ltr'><strong>dixit</strong></span> <span class='ocrx_word' id='word_1_37' title='bbox 295 414 428 441; x_wconf 83' lang='lat' dir='ltr'><strong>Dominus</strong></span> <span class='ocrx_word' id='word_1_38' title='bbox 447 416 479 447; x_wconf 77' lang='grc' dir='ltr'><strong>Χ</strong></span> <span class='ocrx_word' id='word_1_39' title='bbox 500 413 656 447; x_wconf 69' lang='lat' dir='ltr'><strong>virtutum:</strong></span> <span class='ocrx_word' id='word_1_40' title='bbox 676 413 745 440; x_wconf 85' lang='lat' dir='ltr'><strong>Deus</strong></span> <span class='ocrx_word' id='word_1_41' title='bbox 759 411 866 440; x_wconf 83' lang='lat' dir='ltr'><strong>lsraelis</strong></span> 
     </span>
    </p>
   </div>
   <div class='ocr_carea' id='block_1_7' title="bbox 78 458 866 495">
    <p class='ocr_par' dir='ltr' id='par_1_7' title="bbox 78 458 866 495">
     <span class='ocr_line' id='line_1_7' title="bbox 78 458 866 495; baseline -0.004 -7"><span class='ocrx_word' id='word_1_42' title='bbox 78 468 163 495; x_wconf 76' lang='lat' dir='ltr'><strong>Super</strong></span> <span class='ocrx_word' id='word_1_43' title='bbox 180 460 284 488; x_wconf 83' lang='lat' dir='ltr'><strong>Achiab</strong></span> <span class='ocrx_word' id='word_1_44' title='bbox 299 462 332 494; x_wconf 79' lang='grc' dir='ltr'><strong>Χ</strong></span> <span class='ocrx_word' id='word_1_45' title='bbox 350 460 436 487; x_wconf 88' lang='lat' dir='ltr'><strong>lilium</strong></span> <span class='ocrx_word' id='word_1_46' title='bbox 452 459 538 487; x_wconf 70' lang='lat' dir='ltr'><strong>Culiae</strong></span> <span class='ocrx_word' id='word_1_47' title='bbox 551 459 579 492; x_wconf 70' lang='grc' dir='ltr'><strong>ζ.</strong></span> <span class='ocrx_word' id='word_1_48' title='bbox 592 463 618 485; x_wconf 86' lang='lat' dir='ltr'><strong>et</strong></span> <span class='ocrx_word' id='word_1_49' title='bbox 629 466 710 493; x_wconf 84' lang='lat' dir='ltr'><strong>super</strong></span> <span class='ocrx_word' id='word_1_50' title='bbox 725 458 866 485; x_wconf 75' lang='lat' dir='ltr'><strong>Sedeciam</strong></span> 
     </span>
    </p>
   </div>
   <div class='ocr_carea' id='block_1_8' title="bbox 80 504 868 541">
    <p class='ocr_par' dir='ltr' id='par_1_8' title="bbox 80 504 868 541">
     <span class='ocr_line' id='line_1_8' title="bbox 80 504 868 541; baseline -0.004 -7"><span class='ocrx_word' id='word_1_51' title='bbox 80 508 114 541; x_wconf 57' lang='grc' dir='ltr'><strong>ξε(</strong></span> <span class='ocrx_word' id='word_1_52' title='bbox 128 507 211 533; x_wconf 79' lang='lat' dir='ltr'><strong>illium</strong></span> <span class='ocrx_word' id='word_1_53' title='bbox 223 507 340 539; x_wconf 67' lang='lat' dir='ltr'><strong>Maasiat,</strong></span> <span class='ocrx_word' id='word_1_54' title='bbox 354 506 549 541; x_wconf 82' lang='lat' dir='ltr'><strong>prophetantes</strong></span> <span class='ocrx_word' id='word_1_55' title='bbox 569 505 645 532; x_wconf 87' lang='lat' dir='ltr'><strong>vobis</strong></span> <span class='ocrx_word' id='word_1_56' title='bbox 659 511 742 538; x_wconf 78' lang='lat' dir='ltr'><strong>super</strong></span> <span class='ocrx_word' id='word_1_57' title='bbox 758 504 868 531; x_wconf 87' lang='lat' dir='ltr'><strong>nomine</strong></span> 
     </span>
    </p>
   </div>
   <div class='ocr_carea' id='block_1_9' title="bbox 77 551 867 587">
    <p class='ocr_par' dir='ltr' id='par_1_9' title="bbox 77 551 867 587">
     <span class='ocr_line' id='line_1_9' title="bbox 77 551 867 587; baseline -0.004 -8"><span class='ocrx_word' id='word_1_58' title='bbox 77 560 142 579; x_wconf 89' lang='lat' dir='ltr'><strong>meo</strong></span> <span class='ocrx_word' id='word_1_59' title='bbox 156 552 194 587; x_wconf 71' lang='grc' dir='ltr'><strong>(ὁ)</strong></span> <span class='ocrx_word' id='word_1_60' title='bbox 210 553 236 579; x_wconf 92' lang='lat' dir='ltr'><strong>iu</strong></span> <span class='ocrx_word' id='word_1_61' title='bbox 251 553 344 587; x_wconf 90' lang='lat' dir='ltr'><strong>iniquo</strong></span> <span class='ocrx_word' id='word_1_62' title='bbox 360 552 370 586; x_wconf 99' lang='lat'><strong>2</strong></span> <span class='ocrx_word' id='word_1_63' title='bbox 387 561 394 579; x_wconf 87' lang='lat'><strong>:</strong></span> <span class='ocrx_word' id='word_1_64' title='bbox 411 551 478 579; x_wconf 85' lang='lat' dir='ltr'><strong>Ecce</strong></span> <span class='ocrx_word' id='word_1_65' title='bbox 490 559 540 586; x_wconf 77' lang='lat' dir='ltr'><strong>ego</strong></span> <span class='ocrx_word' id='word_1_66' title='bbox 559 551 594 578; x_wconf 86' lang='lat' dir='ltr'><strong>do</strong></span> <span class='ocrx_word' id='word_1_67' title='bbox 615 558 662 577; x_wconf 89' lang='lat' dir='ltr'><strong>eos</strong></span> <span class='ocrx_word' id='word_1_68' title='bbox 679 551 706 577; x_wconf 92' lang='lat' dir='ltr'><strong>in</strong></span> <span class='ocrx_word' id='word_1_69' title='bbox 723 557 820 577; x_wconf 87' lang='lat' dir='ltr'><strong>manus</strong></span> <span class='ocrx_word' id='word_1_70' title='bbox 833 551 867 584; x_wconf 82' lang='grc' dir='ltr'><strong>Χ</strong></span> 
     </span>
    </p>
   </div>
   <div class='ocr_carea' id='block_1_10' title="bbox 77 595 868 632">
    <p class='ocr_par' dir='ltr' id='par_1_10' title="bbox 77 595 868 632">
     <span class='ocr_line' id='line_1_10' title="bbox 77 595 868 632; baseline -0.001 -8"><span class='ocrx_word' id='word_1_71' title='bbox 77 597 354 626; x_wconf 85' lang='lat' dir='ltr'><strong>Nabuchodonosoris</strong></span> <span class='ocrx_word' id='word_1_72' title='bbox 370 597 381 631; x_wconf 73' lang='grc' dir='ltr'>ζ</span> <span class='ocrx_word' id='word_1_73' title='bbox 395 597 467 631; x_wconf 74' lang='lat' dir='ltr'><strong>regis</strong></span> <span class='ocrx_word' id='word_1_74' title='bbox 482 596 625 632; x_wconf 78' lang='lat' dir='ltr'><strong>Babylonis</strong></span> <span class='ocrx_word' id='word_1_75' title='bbox 643 605 649 623; x_wconf 95' lang='lat'>:</span> <span class='ocrx_word' id='word_1_76' title='bbox 665 601 692 622; x_wconf 86' lang='lat' dir='ltr'><strong>et</strong></span> <span class='ocrx_word' id='word_1_77' title='bbox 703 595 808 623; x_wconf 88' lang='lat' dir='ltr'><strong>occidet</strong></span> <span class='ocrx_word' id='word_1_78' title='bbox 818 603 868 623; x_wconf 82' lang='lat' dir='ltr'><strong>eos</strong></span> 
     </span>
    </p>
   </div>
   <div class='ocr_carea' id='block_1_11' title="bbox 78 641 868 671">
    <p class='ocr_par' dir='ltr' id='par_1_11' title="bbox 78 641 868 671">
     <span class='ocr_line' id='line_1_11' title="bbox 78 641 868 671; baseline -0.004 -1"><span class='ocrx_word' id='word_1_79' title='bbox 78 648 142 670; x_wconf 92' lang='lat' dir='ltr'><strong>ante</strong></span> <span class='ocrx_word' id='word_1_80' title='bbox 162 644 257 671; x_wconf 88' lang='lat' dir='ltr'><strong>oculos</strong></span> <span class='ocrx_word' id='word_1_81' title='bbox 274 649 390 671; x_wconf 79' lang='lat' dir='ltr'><strong>vestros.</strong></span> <span class='ocrx_word' id='word_1_82' title='bbox 410 643 456 670; x_wconf 74' lang='lat'><strong>‘22.</strong></span> <span class='ocrx_word' id='word_1_83' title='bbox 472 642 505 669; x_wconf 89' lang='lat' dir='ltr'><strong>Et</strong></span> <span class='ocrx_word' id='word_1_84' title='bbox 518 647 626 670; x_wconf 89' lang='lat' dir='ltr'><strong>sument</strong></span> <span class='ocrx_word' id='word_1_85' title='bbox 646 649 678 668; x_wconf 79' lang='lat' dir='ltr'><strong>ex</strong></span> <span class='ocrx_word' id='word_1_86' title='bbox 696 642 736 669; x_wconf 87' lang='lat' dir='ltr'><strong>eis</strong></span> <span class='ocrx_word' id='word_1_87' title='bbox 754 641 868 668; x_wconf 85' lang='lat' dir='ltr'><strong>maledi-</strong></span> 
     </span>
    </p>
   </div>
   <div class='ocr_carea' id='block_1_12' title="bbox 78 686 868 722">
    <p class='ocr_par' dir='ltr' id='par_1_12' title="bbox 78 686 868 722">
     <span class='ocr_line' id='line_1_12' title="bbox 78 686 868 722; baseline -0.004 -7"><span class='ocrx_word' id='word_1_88' title='bbox 78 690 198 715; x_wconf 74' lang='lat' dir='ltr'><strong>ctionem</strong></span> <span class='ocrx_word' id='word_1_89' title='bbox 219 690 245 715; x_wconf 83' lang='lat' dir='ltr'><strong>in</strong></span> <span class='ocrx_word' id='word_1_90' title='bbox 265 689 338 715; x_wconf 90' lang='lat' dir='ltr'><strong>omni</strong></span> <span class='ocrx_word' id='word_1_91' title='bbox 353 688 550 722; x_wconf 76' lang='lat' dir='ltr'><strong>demigratione</strong></span> <span class='ocrx_word' id='word_1_92' title='bbox 566 687 651 718; x_wconf 64' lang='lat' dir='ltr'><strong>Indae,</strong></span> <span class='ocrx_word' id='word_1_93' title='bbox 667 694 727 721; x_wconf 60' lang='lat' dir='ltr'><strong>qua;</strong></span> <span class='ocrx_word' id='word_1_94' title='bbox 740 686 766 713; x_wconf 85' lang='lat' dir='ltr'><strong>iit</strong></span> <span class='ocrx_word' id='word_1_95' title='bbox 784 686 868 721; x_wconf 86' lang='lat' dir='ltr'><strong>Baby-</strong></span> 
     </span>
    </p>
   </div>
   <div class='ocr_carea' id='block_1_13' title="bbox 79 731 868 766">
    <p class='ocr_par' dir='ltr' id='par_1_13' title="bbox 79 731 868 766">
     <span class='ocr_line' id='line_1_13' title="bbox 79 731 868 766; baseline -0.004 -5"><span class='ocrx_word' id='word_1_96' title='bbox 79 734 153 766; x_wconf 87' lang='lat' dir='ltr'><strong>lone,</strong></span> <span class='ocrx_word' id='word_1_97' title='bbox 169 735 290 762; x_wconf 86' lang='lat' dir='ltr'><strong>dicentes</strong></span> <span class='ocrx_word' id='word_1_98' title='bbox 305 742 311 760; x_wconf 92' lang='lat'>:</span> <span class='ocrx_word' id='word_1_99' title='bbox 332 733 424 761; x_wconf 85' lang='lat' dir='ltr'><strong>Faciat</strong></span> <span class='ocrx_word' id='word_1_100' title='bbox 439 739 464 760; x_wconf 90' lang='lat' dir='ltr'><strong>te</strong></span> <span class='ocrx_word' id='word_1_101' title='bbox 477 733 619 764; x_wconf 82' lang='lat' dir='ltr'><strong>Dominus,</strong></span> <span class='ocrx_word' id='word_1_102' title='bbox 643 732 713 759; x_wconf 83' lang='lat' dir='ltr'><strong>sicut</strong></span> <span class='ocrx_word' id='word_1_103' title='bbox 737 731 800 759; x_wconf 84' lang='lat' dir='ltr'><strong>fecit</strong></span> <span class='ocrx_word' id='word_1_104' title='bbox 817 732 868 758; x_wconf 78' lang='lat' dir='ltr'><strong>Se-</strong></span> 
     </span>
    </p>
   </div>
   <div class='ocr_carea' id='block_1_14' title="bbox 79 776 866 813">
    <p class='ocr_par' dir='ltr' id='par_1_14' title="bbox 79 776 866 813">
     <span class='ocr_line' id='line_1_14' title="bbox 79 776 866 813; baseline -0.005 -7"><span class='ocrx_word' id='word_1_105' title='bbox 79 780 197 810; x_wconf 84' lang='lat' dir='ltr'><strong>deciam,</strong></span> <span class='ocrx_word' id='word_1_106' title='bbox 220 784 247 806; x_wconf 92' lang='lat' dir='ltr'><strong>et</strong></span> <span class='ocrx_word' id='word_1_107' title='bbox 270 779 342 806; x_wconf 87' lang='lat' dir='ltr'><strong>sicut</strong></span> <span class='ocrx_word' id='word_1_108' title='bbox 363 778 467 805; x_wconf 75' lang='lat' dir='ltr'><strong>Achiab</strong></span> <span class='ocrx_word' id='word_1_109' title='bbox 494 778 537 813; x_wconf 84' lang='lat'><strong>(&#39;),</strong></span> <span class='ocrx_word' id='word_1_110' title='bbox 566 785 636 812; x_wconf 86' lang='lat' dir='ltr'><strong>quos</strong></span> <span class='ocrx_word' id='word_1_111' title='bbox 666 778 701 810; x_wconf 79' lang='grc' dir='ltr'><strong>(ε)</strong></span> <span class='ocrx_word' id='word_1_112' title='bbox 729 776 803 803; x_wconf 73' lang='lat' dir='ltr'><strong>frixit</strong></span> <span class='ocrx_word' id='word_1_113' title='bbox 821 783 866 802; x_wconf 81' lang='lat' dir='ltr'><strong>rex</strong></span> 
     </span>
    </p>
   </div>
   <div class='ocr_carea' id='block_1_15' title="bbox 79 823 867 860">
    <p class='ocr_par' dir='ltr' id='par_1_15' title="bbox 79 823 867 860">
     <span class='ocr_line' id='line_1_15' title="bbox 79 823 867 860; baseline -0.005 -8"><span class='ocrx_word' id='word_1_114' title='bbox 79 825 229 860; x_wconf 80' lang='lat' dir='ltr'><strong>Babylonis</strong></span> <span class='ocrx_word' id='word_1_115' title='bbox 242 825 268 852; x_wconf 88' lang='lat' dir='ltr'><strong>iii</strong></span> <span class='ocrx_word' id='word_1_116' title='bbox 281 825 352 859; x_wconf 78' lang='lat' dir='ltr'><strong>igne.</strong></span> <span class='ocrx_word' id='word_1_117' title='bbox 364 824 408 850; x_wconf 72' lang='lat'><strong>‘25.</strong></span> <span class='ocrx_word' id='word_1_118' title='bbox 420 829 530 858; x_wconf 82' lang='lat' dir='ltr'><strong>propter</strong></span> <span class='ocrx_word' id='word_1_119' title='bbox 541 823 579 858; x_wconf 77' lang='grc' dir='ltr'><strong>(ά)</strong></span> <span class='ocrx_word' id='word_1_120' title='bbox 591 823 773 857; x_wconf 77' lang='lat' dir='ltr'><strong>iniquitatem,</strong></span> <span class='ocrx_word' id='word_1_121' title='bbox 785 829 867 856; x_wconf 89' lang='lat' dir='ltr'><strong>quam</strong></span> 
     </span>
    </p>
   </div>
   <div class='ocr_carea' id='block_1_16' title="bbox 81 867 867 903">
    <p class='ocr_par' dir='ltr' id='par_1_16' title="bbox 81 867 867 903">
     <span class='ocr_line' id='line_1_16' title="bbox 81 867 867 903; baseline -0.004 -7"><span class='ocrx_word' id='word_1_122' title='bbox 81 869 207 896; x_wconf 80' lang='lat' dir='ltr'><strong>fecerunt</strong></span> <span class='ocrx_word' id='word_1_123' title='bbox 220 869 245 895; x_wconf 90' lang='lat' dir='ltr'><strong>in</strong></span> <span class='ocrx_word' id='word_1_124' title='bbox 264 869 372 900; x_wconf 85' lang='lat' dir='ltr'><strong>lsraele,</strong></span> <span class='ocrx_word' id='word_1_125' title='bbox 388 873 415 895; x_wconf 86' lang='lat' dir='ltr'><strong>et</strong></span> <span class='ocrx_word' id='word_1_126' title='bbox 433 872 592 903; x_wconf 81' lang='lat' dir='ltr'><strong>sttipraruiit</strong></span> <span class='ocrx_word' id='word_1_127' title='bbox 606 875 706 894; x_wconf 83' lang='lat' dir='ltr'><strong>uxores</strong></span> <span class='ocrx_word' id='word_1_128' title='bbox 721 867 755 902; x_wconf 88' lang='lat' dir='ltr'><strong>(e)</strong></span> <span class='ocrx_word' id='word_1_129' title='bbox 768 867 867 893; x_wconf 82' lang='lat' dir='ltr'><strong>civium</strong></span> 
     </span>
    </p>
   </div>
   <div class='ocr_carea' id='block_1_17' title="bbox 79 912 869 948">
    <p class='ocr_par' dir='ltr' id='par_1_17' title="bbox 79 912 869 948">
     <span class='ocr_line' id='line_1_17' title="bbox 79 912 869 948; baseline -0.003 -9"><span class='ocrx_word' id='word_1_130' title='bbox 79 920 206 943; x_wconf 87' lang='lat' dir='ltr'><strong>suorutn.</strong></span> <span class='ocrx_word' id='word_1_131' title='bbox 220 913 252 948; x_wconf 75' lang='lat' dir='ltr'><strong>ff)</strong></span> <span class='ocrx_word' id='word_1_132' title='bbox 270 917 297 940; x_wconf 93' lang='lat' dir='ltr'><strong>ct</strong></span> <span class='ocrx_word' id='word_1_133' title='bbox 321 912 475 939; x_wconf 67' lang='lat' dir='ltr'><strong>revelat-unt</strong></span> <span class='ocrx_word' id='word_1_134' title='bbox 489 913 601 939; x_wconf 61' lang='lat' dir='ltr'><strong>vi&#39;rbuni</strong></span> <span class='ocrx_word' id='word_1_135' title='bbox 624 912 650 938; x_wconf 91' lang='lat' dir='ltr'><strong>iii</strong></span> <span class='ocrx_word' id='word_1_136' title='bbox 674 912 785 938; x_wconf 84' lang='lat' dir='ltr'><strong>nomine</strong></span> <span class='ocrx_word' id='word_1_137' title='bbox 809 919 869 938; x_wconf 87' lang='lat' dir='ltr'><strong>meo</strong></span> 
     </span>
    </p>
   </div>
   <div class='ocr_carea' id='block_1_18' title="bbox 80 957 869 992">
    <p class='ocr_par' dir='ltr' id='par_1_18' title="bbox 80 957 869 992">
     <span class='ocr_line' id='line_1_18' title="bbox 80 957 869 992; baseline -0.001 -8"><span class='ocrx_word' id='word_1_138' title='bbox 80 959 116 991; x_wconf 91' lang='grc' dir='ltr'><strong>Χ</strong></span> <span class='ocrx_word' id='word_1_139' title='bbox 131 958 256 992; x_wconf 84' lang='lat' dir='ltr'><strong>iniquum</strong></span> <span class='ocrx_word' id='word_1_140' title='bbox 270 959 298 992; x_wconf 88' lang='lat'><strong>2,</strong></span> <span class='ocrx_word' id='word_1_141' title='bbox 310 957 382 991; x_wconf 89' lang='lat' dir='ltr'><strong>quod</strong></span> <span class='ocrx_word' id='word_1_142' title='bbox 394 964 447 983; x_wconf 92' lang='lat' dir='ltr'><strong>non</strong></span> <span class='ocrx_word' id='word_1_143' title='bbox 460 957 574 991; x_wconf 84' lang='lat' dir='ltr'><strong>pr:ecepi</strong></span> <span class='ocrx_word' id='word_1_144' title='bbox 586 957 626 984; x_wconf 89' lang='lat' dir='ltr'><strong>eis</strong></span> <span class='ocrx_word' id='word_1_145' title='bbox 640 965 647 984; x_wconf 70' lang='grc' dir='ltr'><strong><em>ι</em></strong></span> <span class='ocrx_word' id='word_1_146' title='bbox 661 961 688 984; x_wconf 85' lang='lat' dir='ltr'><strong>et</strong></span> <span class='ocrx_word' id='word_1_147' title='bbox 701 964 751 991; x_wconf 80' lang='lat' dir='ltr'><strong>ego</strong></span> <span class='ocrx_word' id='word_1_148' title='bbox 765 958 798 990; x_wconf 82' lang='grc' dir='ltr'><strong>Χ</strong></span> <span class='ocrx_word' id='word_1_149' title='bbox 808 964 869 983; x_wconf 89' lang='lat' dir='ltr'><strong>sum</strong></span> 
     </span>
    </p>
   </div>
   <div class='ocr_carea' id='block_1_19' title="bbox 80 1002 869 1036">
    <p class='ocr_par' dir='ltr' id='par_1_19' title="bbox 80 1002 869 1036">
     <span class='ocr_line' id='line_1_19' title="bbox 80 1002 869 1036; baseline -0.001 -7"><span class='ocrx_word' id='word_1_150' title='bbox 80 1010 194 1036; x_wconf 65' lang='lat' dir='ltr'><strong>gnarus,</strong></span> <span class='ocrx_word' id='word_1_151' title='bbox 215 1003 296 1030; x_wconf 89' lang='lat' dir='ltr'><strong>etiam</strong></span> <span class='ocrx_word' id='word_1_152' title='bbox 315 1003 326 1036; x_wconf 88' lang='lat'><strong>2</strong></span> <span class='ocrx_word' id='word_1_153' title='bbox 346 1002 433 1034; x_wconf 82' lang='lat' dir='ltr'><strong>testis,</strong></span> <span class='ocrx_word' id='word_1_154' title='bbox 454 1003 518 1030; x_wconf 87' lang='lat' dir='ltr'><strong>dicit</strong></span> <span class='ocrx_word' id='word_1_155' title='bbox 544 1002 687 1029; x_wconf 88' lang='lat' dir='ltr'><strong>Dominus.</strong></span> <span class='ocrx_word' id='word_1_156' title='bbox 710 1002 753 1028; x_wconf 52' lang='grc' dir='ltr'><strong>ΞΣ.</strong></span> <span class='ocrx_word' id='word_1_157' title='bbox 780 1002 810 1029; x_wconf 82' lang='lat' dir='ltr'><strong>Et</strong></span> <span class='ocrx_word' id='word_1_158' title='bbox 835 1002 869 1029; x_wconf 89' lang='lat' dir='ltr'><strong>ad</strong></span> 
     </span>
    </p>
   </div>
   <div class='ocr_carea' id='block_1_20' title="bbox 81 1047 870 1081">
    <p class='ocr_par' dir='ltr' id='par_1_20' title="bbox 81 1047 870 1081">
     <span class='ocr_line' id='line_1_20' title="bbox 81 1047 870 1081; baseline 0 -6"><span class='ocrx_word' id='word_1_159' title='bbox 81 1049 217 1075; x_wconf 60' lang='lat' dir='ltr'><strong>Samariam</strong></span> <span class='ocrx_word' id='word_1_160' title='bbox 234 1048 433 1076; x_wconf 84' lang='lat' dir='ltr'><strong>Nelienialitam</strong></span> <span class='ocrx_word' id='word_1_161' title='bbox 444 1048 529 1081; x_wconf 77' lang='lat' dir='ltr'><strong>dices,</strong></span> <span class='ocrx_word' id='word_1_162' title='bbox 545 1049 578 1081; x_wconf 98' lang='grc' dir='ltr'><strong>Χ</strong></span> <span class='ocrx_word' id='word_1_163' title='bbox 597 1048 691 1075; x_wconf 81' lang='lat' dir='ltr'><strong>dicetis</strong></span> <span class='ocrx_word' id='word_1_164' title='bbox 706 1057 712 1074; x_wconf 90' lang='lat'>:</span> <span class='ocrx_word' id='word_1_165' title='bbox 740 1048 786 1074; x_wconf 76' lang='lat'><strong>25.</strong></span> <span class='ocrx_word' id='word_1_166' title='bbox 809 1047 870 1075; x_wconf 69' lang='lat' dir='ltr'><strong>llicc</strong></span> 
     </span>
    </p>
   </div>
   <div class='ocr_carea' id='block_1_21' title="bbox 81 1092 869 1126">
    <p class='ocr_par' dir='ltr' id='par_1_21' title="bbox 81 1092 869 1126">
     <span class='ocr_line' id='line_1_21' title="bbox 81 1092 869 1126; baseline -0.001 -6"><span class='ocrx_word' id='word_1_167' title='bbox 81 1092 290 1120; x_wconf 79' lang='lat' dir='ltr'><strong>dicitDominus</strong></span> <span class='ocrx_word' id='word_1_168' title='bbox 304 1093 436 1120; x_wconf 86' lang='lat' dir='ltr'><strong>virtutum</strong></span> <span class='ocrx_word' id='word_1_169' title='bbox 457 1093 529 1119; x_wconf 90' lang='lat' dir='ltr'><strong>Deus</strong></span> <span class='ocrx_word' id='word_1_170' title='bbox 541 1094 575 1126; x_wconf 84' lang='grc' dir='ltr'><strong>Χ</strong></span> <span class='ocrx_word' id='word_1_171' title='bbox 591 1092 707 1125; x_wconf 85' lang='lat' dir='ltr'><strong>Israelis,</strong></span> <span class='ocrx_word' id='word_1_172' title='bbox 729 1092 846 1126; x_wconf 86' lang='lat' dir='ltr'><strong>dicens2</strong></span> <span class='ocrx_word' id='word_1_173' title='bbox 862 1101 869 1119; x_wconf 88' lang='lat'><strong>:</strong></span> 
     </span>
    </p>
   </div>
   <div class='ocr_carea' id='block_1_22' title="bbox 81 1138 871 1173">
    <p class='ocr_par' dir='ltr' id='par_1_22' title="bbox 81 1138 871 1173">
     <span class='ocr_line' id='line_1_22' title="bbox 81 1138 871 1173; baseline -0.003 -7"><span class='ocrx_word' id='word_1_174' title='bbox 81 1138 137 1166; x_wconf 83' lang='lat' dir='ltr'><strong>Pro</strong></span> <span class='ocrx_word' id='word_1_175' title='bbox 151 1146 184 1165; x_wconf 87' lang='lat' dir='ltr'><strong>eo</strong></span> <span class='ocrx_word' id='word_1_176' title='bbox 195 1139 267 1173; x_wconf 89' lang='lat' dir='ltr'><strong>quod</strong></span> <span class='ocrx_word' id='word_1_177' title='bbox 284 1143 311 1165; x_wconf 93' lang='lat' dir='ltr'><strong>tu</strong></span> <span class='ocrx_word' id='word_1_178' title='bbox 325 1139 424 1166; x_wconf 88' lang='lat' dir='ltr'><strong>misisti</strong></span> <span class='ocrx_word' id='word_1_179' title='bbox 442 1139 468 1165; x_wconf 94' lang='lat' dir='ltr'><strong>in</strong></span> <span class='ocrx_word' id='word_1_180' title='bbox 488 1139 600 1166; x_wconf 86' lang='lat' dir='ltr'><strong>nomine</strong></span> <span class='ocrx_word' id='word_1_181' title='bbox 615 1140 652 1173; x_wconf 88' lang='lat' dir='ltr'><strong>(g)</strong></span> <span class='ocrx_word' id='word_1_182' title='bbox 676 1143 722 1165; x_wconf 94' lang='lat' dir='ltr'><strong>tuo</strong></span> <span class='ocrx_word' id='word_1_183' title='bbox 739 1138 823 1165; x_wconf 91' lang='lat' dir='ltr'><strong>libros</strong></span> <span class='ocrx_word' id='word_1_184' title='bbox 837 1138 871 1164; x_wconf 89' lang='lat' dir='ltr'><strong>ad</strong></span> 
     </span>
    </p>
   </div>
   <div class='ocr_carea' id='block_1_23' title="bbox 82 1184 870 1220">
    <p class='ocr_par' dir='ltr' id='par_1_23' title="bbox 82 1184 870 1220">
     <span class='ocr_line' id='line_1_23' title="bbox 82 1184 870 1220; baseline -0.001 -10"><span class='ocrx_word' id='word_1_185' title='bbox 82 1191 193 1211; x_wconf 84' lang='lat' dir='ltr'><strong>omnem</strong></span> <span class='ocrx_word' id='word_1_186' title='bbox 205 1185 348 1219; x_wconf 82' lang='lat' dir='ltr'><strong>populum,</strong></span> <span class='ocrx_word' id='word_1_187' title='bbox 365 1185 412 1220; x_wconf 87' lang='lat' dir='ltr'><strong>qui</strong></span> <span class='ocrx_word' id='word_1_188' title='bbox 428 1185 455 1211; x_wconf 95' lang='lat' dir='ltr'><strong>in</strong></span> <span class='ocrx_word' id='word_1_189' title='bbox 469 1184 632 1215; x_wconf 83' lang='lat' dir='ltr'><strong>Jerusalem,</strong></span> <span class='ocrx_word' id='word_1_190' title='bbox 657 1190 685 1211; x_wconf 83' lang='lat' dir='ltr'><strong>-t-</strong></span> <span class='ocrx_word' id='word_1_191' title='bbox 706 1191 790 1218; x_wconf 90' lang='lat' dir='ltr'><strong>quum</strong></span> <span class='ocrx_word' id='word_1_192' title='bbox 816 1191 870 1210; x_wconf 90' lang='lat' dir='ltr'><strong>non</strong></span> 
     </span>
    </p>
   </div>
   <div class='ocr_carea' id='block_1_24' title="bbox 82 1229 870 1264">
    <p class='ocr_par' dir='ltr' id='par_1_24' title="bbox 82 1229 870 1264">
     <span class='ocr_line' id='line_1_24' title="bbox 82 1229 870 1264; baseline 0.001 -9"><span class='ocrx_word' id='word_1_193' title='bbox 82 1229 146 1256; x_wconf 88' lang='lat' dir='ltr'><strong>misi</strong></span> <span class='ocrx_word' id='word_1_194' title='bbox 166 1235 191 1257; x_wconf 91' lang='lat' dir='ltr'><strong>te</strong></span> <span class='ocrx_word' id='word_1_195' title='bbox 208 1230 234 1256; x_wconf 95' lang='lat' dir='ltr'><strong>in</strong></span> <span class='ocrx_word' id='word_1_196' title='bbox 253 1230 364 1257; x_wconf 89' lang='lat' dir='ltr'><strong>nomine</strong></span> <span class='ocrx_word' id='word_1_197' title='bbox 384 1238 446 1257; x_wconf 91' lang='lat' dir='ltr'><strong>meo</strong></span> <span class='ocrx_word' id='word_1_198' title='bbox 467 1231 490 1264; x_wconf 71' lang='grc' dir='ltr'><strong>ζ,</strong></span> <span class='ocrx_word' id='word_1_199' title='bbox 504 1236 532 1258; x_wconf 86' lang='lat' dir='ltr'><strong>et</strong></span> <span class='ocrx_word' id='word_1_200' title='bbox 545 1230 578 1257; x_wconf 87' lang='lat' dir='ltr'><strong>ad</strong></span> <span class='ocrx_word' id='word_1_201' title='bbox 599 1230 765 1264; x_wconf 85' lang='lat' dir='ltr'><strong>Soplioniam</strong></span> <span class='ocrx_word' id='word_1_202' title='bbox 787 1229 870 1256; x_wconf 83' lang='lat' dir='ltr'><strong>ﬁliuni</strong></span> 
     </span>
    </p>
   </div>
   <div class='ocr_carea' id='block_1_25' title="bbox 82 1274 870 1309">
    <p class='ocr_par' dir='ltr' id='par_1_25' title="bbox 82 1274 870 1309">
     <span class='ocr_line' id='line_1_25' title="bbox 82 1274 870 1309; baseline 0.001 -9"><span class='ocrx_word' id='word_1_203' title='bbox 82 1274 209 1308; x_wconf 52' lang='lat' dir='ltr'><strong>“nasi-te,</strong></span> <span class='ocrx_word' id='word_1_204' title='bbox 224 1276 257 1309; x_wconf 83' lang='grc' dir='ltr'><strong>Χ</strong></span> <span class='ocrx_word' id='word_1_205' title='bbox 270 1280 296 1303; x_wconf 89' lang='lat' dir='ltr'><strong>et</strong></span> <span class='ocrx_word' id='word_1_206' title='bbox 313 1276 347 1302; x_wconf 86' lang='lat' dir='ltr'><strong>ad</strong></span> <span class='ocrx_word' id='word_1_207' title='bbox 362 1283 458 1303; x_wconf 86' lang='lat' dir='ltr'><strong>omnes</strong></span> <span class='ocrx_word' id='word_1_208' title='bbox 470 1276 626 1303; x_wconf 82' lang='lat' dir='ltr'><strong>sacerdotes</strong></span> <span class='ocrx_word' id='word_1_209' title='bbox 643 1275 655 1309; x_wconf 93' lang='lat'><strong>2</strong></span> <span class='ocrx_word' id='word_1_210' title='bbox 671 1275 786 1302; x_wconf 89' lang='lat' dir='ltr'><strong>dicendo</strong></span> <span class='ocrx_word' id='word_1_211' title='bbox 803 1284 809 1302; x_wconf 90' lang='lat'>:</span> <span class='ocrx_word' id='word_1_212' title='bbox 824 1275 870 1302; x_wconf 76' lang='lat'><strong>‘26.</strong></span> 
     </span>
    </p>
   </div>
   <div class='ocr_carea' id='block_1_26' title="bbox 83 1319 871 1356">
    <p class='ocr_par' dir='ltr' id='par_1_26' title="bbox 83 1319 871 1356">
     <span class='ocr_line' id='line_1_26' title="bbox 83 1319 871 1356; baseline 0 -9"><span class='ocrx_word' id='word_1_213' title='bbox 83 1319 215 1347; x_wconf 77' lang='lat' dir='ltr'><strong>Dominus</strong></span> <span class='ocrx_word' id='word_1_214' title='bbox 226 1321 300 1348; x_wconf 81' lang='lat' dir='ltr'><strong>dedit</strong></span> <span class='ocrx_word' id='word_1_215' title='bbox 312 1326 337 1348; x_wconf 93' lang='lat' dir='ltr'><strong>te</strong></span> <span class='ocrx_word' id='word_1_216' title='bbox 352 1322 520 1348; x_wconf 84' lang='lat' dir='ltr'><strong>sacerdotem</strong></span> <span class='ocrx_word' id='word_1_217' title='bbox 536 1329 584 1356; x_wconf 89' lang='lat' dir='ltr'><strong>pro</strong></span> <span class='ocrx_word' id='word_1_218' title='bbox 606 1320 700 1356; x_wconf 75' lang='lat' dir='ltr'><strong>Jojatla</strong></span> <span class='ocrx_word' id='word_1_219' title='bbox 719 1321 871 1351; x_wconf 81' lang='lat' dir='ltr'><strong>sacerdote.</strong></span> 
     </span>
    </p>
   </div>
   <div class='ocr_carea' id='block_1_27' title="bbox 83 1366 872 1402">
    <p class='ocr_par' dir='ltr' id='par_1_27' title="bbox 83 1366 872 1402">
     <span class='ocr_line' id='line_1_27' title="bbox 83 1366 872 1402; baseline 0 -11"><span class='ocrx_word' id='word_1_220' title='bbox 83 1367 123 1400; x_wconf 82' lang='lat' dir='ltr'><strong>(ii)</strong></span> <span class='ocrx_word' id='word_1_221' title='bbox 146 1371 176 1393; x_wconf 92' lang='lat' dir='ltr'><strong>ut</strong></span> <span class='ocrx_word' id='word_1_222' title='bbox 196 1375 272 1394; x_wconf 87' lang='lat' dir='ltr'><strong>esses</strong></span> <span class='ocrx_word' id='word_1_223' title='bbox 291 1367 436 1402; x_wconf 81' lang='lat' dir='ltr'><strong>praefectus</strong></span> <span class='ocrx_word' id='word_1_224' title='bbox 455 1368 482 1394; x_wconf 91' lang='lat' dir='ltr'><strong>in</strong></span> <span class='ocrx_word' id='word_1_225' title='bbox 497 1368 579 1393; x_wconf 89' lang='lat' dir='ltr'><strong>domo</strong></span> <span class='ocrx_word' id='word_1_226' title='bbox 603 1366 712 1392; x_wconf 82' lang='lat' dir='ltr'><strong>Domini</strong></span> <span class='ocrx_word' id='word_1_227' title='bbox 734 1366 807 1392; x_wconf 90' lang='lat' dir='ltr'><strong>omni</strong></span> <span class='ocrx_word' id='word_1_228' title='bbox 824 1366 872 1392; x_wconf 91' lang='lat' dir='ltr'><strong>lio-</strong></span> 
     </span>
    </p>
   </div>
   <div class='ocr_carea' id='block_1_28' title="bbox 83 1411 871 1447">
    <p class='ocr_par' dir='ltr' id='par_1_28' title="bbox 83 1411 871 1447">
     <span class='ocr_line' id='line_1_28' title="bbox 83 1411 871 1447; baseline 0 -9"><span class='ocrx_word' id='word_1_229' title='bbox 83 1411 162 1442; x_wconf 90' lang='lat' dir='ltr'><strong>mini,</strong></span> <span class='ocrx_word' id='word_1_230' title='bbox 181 1418 209 1439; x_wconf 86' lang='lat' dir='ltr'><strong>-t-</strong></span> <span class='ocrx_word' id='word_1_231' title='bbox 225 1411 256 1447; x_wconf 81' lang='grc' dir='ltr'><strong>(ἱ)</strong></span> <span class='ocrx_word' id='word_1_232' title='bbox 272 1413 317 1446; x_wconf 90' lang='lat' dir='ltr'><strong>qtii</strong></span> <span class='ocrx_word' id='word_1_233' title='bbox 342 1412 452 1445; x_wconf 86' lang='lat' dir='ltr'><strong>insanit,</strong></span> <span class='ocrx_word' id='word_1_234' title='bbox 480 1417 508 1439; x_wconf 90' lang='lat' dir='ltr'><strong>et</strong></span> <span class='ocrx_word' id='word_1_235' title='bbox 532 1413 606 1439; x_wconf 92' lang='lat' dir='ltr'><strong>omni</strong></span> <span class='ocrx_word' id='word_1_236' title='bbox 645 1412 748 1438; x_wconf 88' lang='lat' dir='ltr'><strong>homini</strong></span> <span class='ocrx_word' id='word_1_237' title='bbox 770 1411 800 1445; x_wconf 85' lang='lat'><strong>2.</strong></span> <span class='ocrx_word' id='word_1_238' title='bbox 825 1411 871 1446; x_wconf 85' lang='lat' dir='ltr'><strong>qui</strong></span> 
     </span>
    </p>
   </div>
   <div class='ocr_carea' id='block_1_29' title="bbox 84 1457 871 1490">
    <p class='ocr_par' dir='ltr' id='par_1_29' title="bbox 84 1457 871 1490">
     <span class='ocr_line' id='line_1_29' title="bbox 84 1457 871 1490; baseline 0.003 -8"><span class='ocrx_word' id='word_1_239' title='bbox 84 1457 228 1490; x_wconf 73' lang='lat' dir='ltr'><strong>prophetat</strong></span> <span class='ocrx_word' id='word_1_240' title='bbox 245 1467 251 1484; x_wconf 89' lang='lat'><strong>:</strong></span> <span class='ocrx_word' id='word_1_241' title='bbox 268 1462 295 1484; x_wconf 90' lang='lat' dir='ltr'><strong>et</strong></span> <span class='ocrx_word' id='word_1_242' title='bbox 308 1458 386 1485; x_wconf 87' lang='lat' dir='ltr'><strong>dabis</strong></span> <span class='ocrx_word' id='word_1_243' title='bbox 401 1465 462 1484; x_wconf 90' lang='lat' dir='ltr'><strong>eum</strong></span> <span class='ocrx_word' id='word_1_244' title='bbox 477 1458 504 1484; x_wconf 91' lang='lat' dir='ltr'><strong>in</strong></span> <span class='ocrx_word' id='word_1_245' title='bbox 519 1466 667 1489; x_wconf 86' lang='lat' dir='ltr'><strong>carcerem,</strong></span> <span class='ocrx_word' id='word_1_246' title='bbox 683 1462 709 1485; x_wconf 89' lang='lat' dir='ltr'><strong>et</strong></span> <span class='ocrx_word' id='word_1_247' title='bbox 726 1458 753 1484; x_wconf 88' lang='lat' dir='ltr'><strong>iii</strong></span> <span class='ocrx_word' id='word_1_248' title='bbox 765 1462 871 1484; x_wconf 84' lang='lat' dir='ltr'><strong>catara-</strong></span> 
     </span>
    </p>
   </div>
   <div class='ocr_carea' id='block_1_30' title="bbox 83 1502 871 1538">
    <p class='ocr_par' dir='ltr' id='par_1_30' title="bbox 83 1502 871 1538">
     <span class='ocr_line' id='line_1_30' title="bbox 83 1502 871 1538; baseline 0.001 -10"><span class='ocrx_word' id='word_1_249' title='bbox 83 1507 167 1529; x_wconf 83' lang='lat' dir='ltr'><strong>ctam.</strong></span> <span class='ocrx_word' id='word_1_250' title='bbox 180 1503 225 1529; x_wconf 75' lang='lat'><strong>‘27.</strong></span> <span class='ocrx_word' id='word_1_251' title='bbox 242 1502 275 1530; x_wconf 87' lang='lat' dir='ltr'><strong>Et</strong></span> <span class='ocrx_word' id='word_1_252' title='bbox 289 1512 362 1530; x_wconf 89' lang='lat' dir='ltr'><strong>nuiie</strong></span> <span class='ocrx_word' id='word_1_253' title='bbox 373 1511 459 1538; x_wconf 87' lang='lat' dir='ltr'><strong>quare</strong></span> <span class='ocrx_word' id='word_1_254' title='bbox 479 1504 515 1538; x_wconf 73' lang='lat' dir='ltr'><strong>(It)</strong></span> <span class='ocrx_word' id='word_1_255' title='bbox 538 1512 591 1531; x_wconf 92' lang='lat' dir='ltr'><strong>non</strong></span> <span class='ocrx_word' id='word_1_256' title='bbox 616 1503 776 1538; x_wconf 84' lang='lat' dir='ltr'><strong>iiicrepastis</strong></span> <span class='ocrx_word' id='word_1_257' title='bbox 797 1502 871 1530; x_wconf 82' lang='lat' dir='ltr'><strong>Jere-</strong></span> 
     </span>
    </p>
   </div>
   <div class='ocr_carea' id='block_1_31' title="bbox 85 1549 868 1584">
    <p class='ocr_par' dir='ltr' id='par_1_31' title="bbox 85 1549 868 1584">
     <span class='ocr_line' id='line_1_31' title="bbox 85 1549 868 1584; baseline 0.004 -10"><span class='ocrx_word' id='word_1_258' title='bbox 85 1550 179 1579; x_wconf 86' lang='lat' dir='ltr'><strong>titiam,</strong></span> <span class='ocrx_word' id='word_1_259' title='bbox 194 1549 239 1583; x_wconf 89' lang='lat' dir='ltr'><strong>qtii</strong></span> <span class='ocrx_word' id='word_1_260' title='bbox 257 1557 289 1576; x_wconf 81' lang='lat' dir='ltr'><strong>ex</strong></span> <span class='ocrx_word' id='word_1_261' title='bbox 315 1550 464 1580; x_wconf 82' lang='lat' dir='ltr'><strong>Anathotli.</strong></span> <span class='ocrx_word' id='word_1_262' title='bbox 480 1550 526 1584; x_wconf 91' lang='lat' dir='ltr'><strong>qui</strong></span> <span class='ocrx_word' id='word_1_263' title='bbox 546 1550 690 1584; x_wconf 87' lang='lat' dir='ltr'><strong>prophetat</strong></span> <span class='ocrx_word' id='word_1_264' title='bbox 713 1550 808 1577; x_wconf 77' lang='lat' dir='ltr'><strong>vobis?</strong></span> <span class='ocrx_word' id='word_1_265' title='bbox 822 1550 868 1577; x_wconf 77' lang='lat'><strong>‘28.</strong></span> 
     </span>
    </p>
   </div>
   <div class='ocr_carea' id='block_1_32' title="bbox 84 1593 870 1629">
    <p class='ocr_par' dir='ltr' id='par_1_32' title="bbox 84 1593 870 1629">
     <span class='ocr_line' id='line_1_32' title="bbox 84 1593 870 1629; baseline 0.001 -10"><span class='ocrx_word' id='word_1_266' title='bbox 84 1593 163 1626; x_wconf 78' lang='lat' dir='ltr'><strong>Quod</strong></span> <span class='ocrx_word' id='word_1_267' title='bbox 183 1599 293 1628; x_wconf 82' lang='lat' dir='ltr'><strong>propter</strong></span> <span class='ocrx_word' id='word_1_268' title='bbox 307 1594 358 1621; x_wconf 89' lang='lat' dir='ltr'><strong>hoc</strong></span> <span class='ocrx_word' id='word_1_269' title='bbox 373 1594 447 1621; x_wconf 81' lang='lat' dir='ltr'><strong>misit</strong></span> <span class='ocrx_word' id='word_1_270' title='bbox 470 1594 500 1629; x_wconf 81' lang='lat' dir='ltr'><strong>(I)</strong></span> <span class='ocrx_word' id='word_1_271' title='bbox 518 1595 551 1621; x_wconf 84' lang='lat' dir='ltr'><strong>ad</strong></span> <span class='ocrx_word' id='word_1_272' title='bbox 573 1602 621 1622; x_wconf 82' lang='lat' dir='ltr'><strong>vos</strong></span> <span class='ocrx_word' id='word_1_273' title='bbox 644 1595 670 1620; x_wconf 93' lang='lat' dir='ltr'><strong>iii</strong></span> <span class='ocrx_word' id='word_1_274' title='bbox 693 1594 870 1629; x_wconf 82' lang='lat' dir='ltr'><strong>Babylonem,</strong></span> 
     </span>
    </p>
   </div>
   <div class='ocr_carea' id='block_1_33' title="bbox 84 1639 871 1670">
    <p class='ocr_par' dir='ltr' id='par_1_33' title="bbox 84 1639 871 1670">
     <span class='ocr_line' id='line_1_33' title="bbox 84 1639 871 1670; baseline 0.003 -6"><span class='ocrx_word' id='word_1_275' title='bbox 84 1639 179 1665; x_wconf 79' lang='lat' dir='ltr'><strong>dicens</strong></span> <span class='ocrx_word' id='word_1_276' title='bbox 194 1648 200 1665; x_wconf 73' lang='grc' dir='ltr'>ε</span> <span class='ocrx_word' id='word_1_277' title='bbox 218 1639 382 1666; x_wconf 85' lang='lat' dir='ltr'><strong>Momentum</strong></span> <span class='ocrx_word' id='word_1_278' title='bbox 397 1646 438 1667; x_wconf 88' lang='lat' dir='ltr'><strong>est</strong></span> <span class='ocrx_word' id='word_1_279' title='bbox 455 1649 461 1666; x_wconf 91' lang='lat'>:</span> <span class='ocrx_word' id='word_1_280' title='bbox 478 1640 610 1667; x_wconf 60' lang='lat' dir='ltr'><strong>azdilicate</strong></span> <span class='ocrx_word' id='word_1_281' title='bbox 627 1639 736 1670; x_wconf 79' lang='lat' dir='ltr'><strong>domos,</strong></span> <span class='ocrx_word' id='word_1_282' title='bbox 751 1645 777 1666; x_wconf 88' lang='lat' dir='ltr'><strong>et</strong></span> <span class='ocrx_word' id='word_1_283' title='bbox 796 1639 871 1666; x_wconf 89' lang='lat' dir='ltr'><strong>habi-</strong></span> 
     </span>
    </p>
   </div>
   <div class='ocr_carea' id='block_1_34' title="bbox 86 1685 869 1719">
    <p class='ocr_par' dir='ltr' id='par_1_34' title="bbox 86 1685 869 1719">
     <span class='ocr_line' id='line_1_34' title="bbox 86 1685 869 1719; baseline -0.001 -7"><span class='ocrx_word' id='word_1_284' title='bbox 86 1690 150 1715; x_wconf 81' lang='lat' dir='ltr'><strong>tate,</strong></span> <span class='ocrx_word' id='word_1_285' title='bbox 163 1690 189 1711; x_wconf 91' lang='lat' dir='ltr'><strong>et</strong></span> <span class='ocrx_word' id='word_1_286' title='bbox 199 1685 318 1719; x_wconf 85' lang='lat' dir='ltr'><strong>plaiitatc</strong></span> <span class='ocrx_word' id='word_1_287' title='bbox 331 1685 435 1715; x_wconf 83' lang='lat' dir='ltr'><strong>hortos.</strong></span> <span class='ocrx_word' id='word_1_288' title='bbox 450 1691 477 1712; x_wconf 84' lang='lat' dir='ltr'><strong>et</strong></span> <span class='ocrx_word' id='word_1_289' title='bbox 488 1686 637 1712; x_wconf 62' lang='lat' dir='ltr'><strong>comedi-tis</strong></span> <span class='ocrx_word' id='word_1_290' title='bbox 649 1685 753 1712; x_wconf 81' lang='lat' dir='ltr'><strong>fruetus</strong></span> <span class='ocrx_word' id='word_1_291' title='bbox 764 1692 869 1712; x_wconf 83' lang='lat' dir='ltr'><strong>eorum.</strong></span> 
     </span>
    </p>
   </div>
   <div class='ocr_carea' id='block_1_35' title="bbox 83 1730 870 1766">
    <p class='ocr_par' dir='ltr' id='par_1_35' title="bbox 83 1730 870 1766">
     <span class='ocr_line' id='line_1_35' title="bbox 83 1730 870 1766; baseline 0.001 -9"><span class='ocrx_word' id='word_1_292' title='bbox 83 1731 130 1758; x_wconf 66' lang='lat'><strong>99.</strong></span> <span class='ocrx_word' id='word_1_293' title='bbox 161 1730 192 1757; x_wconf 80' lang='lat' dir='ltr'><strong>Et</strong></span> <span class='ocrx_word' id='word_1_294' title='bbox 217 1731 280 1765; x_wconf 68' lang='lat' dir='ltr'><strong>legit</strong></span> <span class='ocrx_word' id='word_1_295' title='bbox 306 1730 445 1766; x_wconf 88' lang='lat' dir='ltr'><strong>Sophonia</strong></span> <span class='ocrx_word' id='word_1_296' title='bbox 471 1733 504 1766; x_wconf 76' lang='grc' dir='ltr'><strong>Χ</strong></span> <span class='ocrx_word' id='word_1_297' title='bbox 526 1731 655 1758; x_wconf 82' lang='lat' dir='ltr'><strong>sacerdos</strong></span> <span class='ocrx_word' id='word_1_298' title='bbox 678 1732 688 1765; x_wconf 86' lang='lat'><strong>2</strong></span> <span class='ocrx_word' id='word_1_299' title='bbox 714 1732 811 1758; x_wconf 90' lang='lat' dir='ltr'><strong>librum</strong></span> <span class='ocrx_word' id='word_1_300' title='bbox 838 1733 870 1765; x_wconf 90' lang='grc' dir='ltr'><strong>Χ</strong></span> 
     </span>
    </p>
   </div>
   <div class='ocr_carea' id='block_1_36' title="bbox 85 1776 870 1812">
    <p class='ocr_par' dir='ltr' id='par_1_36' title="bbox 85 1776 870 1812">
     <span class='ocr_line' id='line_1_36' title="bbox 85 1776 870 1812; baseline -0.001 -9"><span class='ocrx_word' id='word_1_301' title='bbox 85 1777 158 1804; x_wconf 89' lang='lat' dir='ltr'><strong>hunc</strong></span> <span class='ocrx_word' id='word_1_302' title='bbox 174 1778 200 1803; x_wconf 94' lang='lat' dir='ltr'><strong>in</strong></span> <span class='ocrx_word' id='word_1_303' title='bbox 217 1785 297 1804; x_wconf 87' lang='lat' dir='ltr'><strong>aures</strong></span> <span class='ocrx_word' id='word_1_304' title='bbox 312 1776 324 1803; x_wconf 83' lang='lat' dir='ltr'><strong>J</strong></span> <span class='ocrx_word' id='word_1_305' title='bbox 346 1777 436 1804; x_wconf 71' lang='lat' dir='ltr'><strong>i-etiiite</strong></span> <span class='ocrx_word' id='word_1_306' title='bbox 455 1777 593 1812; x_wconf 71' lang='lat' dir='ltr'><strong>propheta:</strong></span> <span class='ocrx_word' id='word_1_307' title='bbox 610 1778 633 1811; x_wconf 74' lang='grc' dir='ltr'><strong>ζ.</strong></span> <span class='ocrx_word' id='word_1_308' title='bbox 655 1778 699 1804; x_wconf 83' lang='grc'><strong>50.</strong></span> <span class='ocrx_word' id='word_1_309' title='bbox 718 1778 749 1803; x_wconf 78' lang='lat' dir='ltr'><strong>Et</strong></span> <span class='ocrx_word' id='word_1_310' title='bbox 767 1777 870 1803; x_wconf 87' lang='lat' dir='ltr'><strong>factum</strong></span> 
     </span>
    </p>
   </div>
   <div class='ocr_carea' id='block_1_37' title="bbox 83 1823 872 1854">
    <p class='ocr_par' dir='ltr' id='par_1_37' title="bbox 83 1823 872 1854">
     <span class='ocr_line' id='line_1_37' title="bbox 83 1823 872 1854; baseline -0.003 -4"><span class='ocrx_word' id='word_1_311' title='bbox 83 1828 125 1850; x_wconf 65' lang='lat' dir='ltr'><strong>est</strong></span> <span class='ocrx_word' id='word_1_312' title='bbox 136 1825 246 1850; x_wconf 81' lang='lat' dir='ltr'><strong>verbum</strong></span> <span class='ocrx_word' id='word_1_313' title='bbox 265 1823 368 1850; x_wconf 89' lang='lat' dir='ltr'><strong>Domini</strong></span> <span class='ocrx_word' id='word_1_314' title='bbox 387 1824 419 1849; x_wconf 86' lang='lat' dir='ltr'><strong>ad</strong></span> <span class='ocrx_word' id='word_1_315' title='bbox 434 1823 591 1854; x_wconf 81' lang='lat' dir='ltr'><strong>Jeremiam.</strong></span> <span class='ocrx_word' id='word_1_316' title='bbox 608 1823 702 1850; x_wconf 87' lang='lat' dir='ltr'><strong>dicens</strong></span> <span class='ocrx_word' id='word_1_317' title='bbox 719 1832 726 1849; x_wconf 88' lang='lat'>:</span> <span class='ocrx_word' id='word_1_318' title='bbox 742 1823 787 1849; x_wconf 78' lang='lat'><strong>5|.</strong></span> <span class='ocrx_word' id='word_1_319' title='bbox 799 1823 872 1849; x_wconf 73' lang='lat' dir='ltr'><strong>Mitte</strong></span> 
     </span>
    </p>
   </div>
   <div class='ocr_carea' id='block_1_38' title="bbox 83 1867 872 1902">
    <p class='ocr_par' dir='ltr' id='par_1_38' title="bbox 83 1867 872 1902">
     <span class='ocr_line' id='line_1_38' title="bbox 83 1867 872 1902; baseline 0 -8"><span class='ocrx_word' id='word_1_320' title='bbox 83 1871 117 1895; x_wconf 76' lang='lat' dir='ltr'><strong>ad</strong></span> <span class='ocrx_word' id='word_1_321' title='bbox 137 1870 170 1902; x_wconf 83' lang='grc' dir='ltr'><strong>Χ</strong></span> <span class='ocrx_word' id='word_1_322' title='bbox 193 1876 301 1895; x_wconf 87' lang='lat' dir='ltr'><strong>onmem</strong></span> <span class='ocrx_word' id='word_1_323' title='bbox 321 1869 331 1901; x_wconf 87' lang='lat'><strong>2</strong></span> <span class='ocrx_word' id='word_1_324' title='bbox 354 1868 590 1902; x_wconf 78' lang='lat' dir='ltr'><strong>demigrationem,</strong></span> <span class='ocrx_word' id='word_1_325' title='bbox 609 1869 702 1896; x_wconf 88' lang='lat' dir='ltr'><strong>dicens</strong></span> <span class='ocrx_word' id='word_1_326' title='bbox 719 1877 725 1895; x_wconf 89' lang='lat'><strong>:</strong></span> <span class='ocrx_word' id='word_1_327' title='bbox 744 1867 790 1895; x_wconf 88' lang='lat' dir='ltr'><strong>Sic</strong></span> <span class='ocrx_word' id='word_1_328' title='bbox 805 1868 872 1894; x_wconf 78' lang='lat' dir='ltr'><strong>dixit</strong></span> 
     </span>
    </p>
   </div>
   <div class='ocr_carea' id='block_1_39' title="bbox 86 1911 873 1946">
    <p class='ocr_par' dir='ltr' id='par_1_39' title="bbox 86 1911 873 1946">
     <span class='ocr_line' id='line_1_39' title="bbox 86 1911 873 1946; baseline 0.003 -10"><span class='ocrx_word' id='word_1_329' title='bbox 86 1911 219 1938; x_wconf 83' lang='lat' dir='ltr'><strong>Dominus</strong></span> <span class='ocrx_word' id='word_1_330' title='bbox 239 1919 321 1942; x_wconf 88' lang='lat' dir='ltr'><strong>super</strong></span> <span class='ocrx_word' id='word_1_331' title='bbox 338 1911 473 1938; x_wconf 70' lang='lat' dir='ltr'><strong>Samaaam</strong></span> <span class='ocrx_word' id='word_1_332' title='bbox 489 1911 700 1942; x_wconf 85' lang='lat' dir='ltr'><strong>Neliemalitani,</strong></span> <span class='ocrx_word' id='word_1_333' title='bbox 723 1913 786 1946; x_wconf 88' lang='lat' dir='ltr'><strong>quia</strong></span> <span class='ocrx_word' id='word_1_334' title='bbox 809 1920 873 1946; x_wconf 90' lang='lat' dir='ltr'><strong>pro-</strong></span> 
     </span>
    </p>
   </div>
   <div class='ocr_carea' id='block_1_40' title="bbox 85 1955 873 1990">
    <p class='ocr_par' dir='ltr' id='par_1_40' title="bbox 85 1955 873 1990">
     <span class='ocr_line' id='line_1_40' title="bbox 85 1955 873 1990; baseline 0.004 -9"><span class='ocrx_word' id='word_1_335' title='bbox 85 1956 206 1989; x_wconf 71' lang='lat' dir='ltr'><strong>phetavit</strong></span> <span class='ocrx_word' id='word_1_336' title='bbox 225 1956 303 1983; x_wconf 82' lang='lat' dir='ltr'><strong>vobis</strong></span> <span class='ocrx_word' id='word_1_337' title='bbox 330 1955 446 1987; x_wconf 65' lang='lat' dir='ltr'><strong>Samaia,</strong></span> <span class='ocrx_word' id='word_1_338' title='bbox 471 1960 499 1982; x_wconf 87' lang='lat' dir='ltr'><strong>et</strong></span> <span class='ocrx_word' id='word_1_339' title='bbox 521 1963 571 1990; x_wconf 76' lang='lat' dir='ltr'><strong>ego</strong></span> <span class='ocrx_word' id='word_1_340' title='bbox 593 1964 647 1982; x_wconf 87' lang='lat' dir='ltr'><strong>non</strong></span> <span class='ocrx_word' id='word_1_341' title='bbox 673 1956 734 1982; x_wconf 90' lang='lat' dir='ltr'><strong>misi</strong></span> <span class='ocrx_word' id='word_1_342' title='bbox 757 1964 830 1986; x_wconf 88' lang='lat' dir='ltr'><strong>eum,</strong></span> <span class='ocrx_word' id='word_1_343' title='bbox 846 1961 873 1984; x_wconf 86' lang='lat' dir='ltr'><strong>et</strong></span> 
     </span>
    </p>
   </div>
   <div class='ocr_carea' id='block_1_41' title="bbox 84 2001 873 2036">
    <p class='ocr_par' dir='ltr' id='par_1_41' title="bbox 84 2001 873 2036">
     <span class='ocr_line' id='line_1_41' title="bbox 84 2001 873 2036; baseline 0.003 -9"><span class='ocrx_word' id='word_1_344' title='bbox 84 2001 222 2028; x_wconf 76' lang='lat' dir='ltr'><strong>conlidere</strong></span> <span class='ocrx_word' id='word_1_345' title='bbox 239 2001 303 2029; x_wconf 88' lang='lat' dir='ltr'><strong>fecit</strong></span> <span class='ocrx_word' id='word_1_346' title='bbox 319 2009 368 2029; x_wconf 89' lang='lat' dir='ltr'><strong>vos</strong></span> <span class='ocrx_word' id='word_1_347' title='bbox 385 2001 432 2036; x_wconf 82' lang='lat' dir='ltr'><strong>(tu)</strong></span> <span class='ocrx_word' id='word_1_348' title='bbox 448 2009 530 2036; x_wconf 89' lang='lat' dir='ltr'><strong>super</strong></span> <span class='ocrx_word' id='word_1_349' title='bbox 545 2002 640 2036; x_wconf 83' lang='lat' dir='ltr'><strong>iniqao</strong></span> <span class='ocrx_word' id='word_1_350' title='bbox 663 2011 669 2028; x_wconf 90' lang='lat'><strong>:</strong></span> <span class='ocrx_word' id='word_1_351' title='bbox 692 2002 737 2028; x_wconf 62' lang='grc' dir='ltr'><strong>ὅδὲ.</strong></span> <span class='ocrx_word' id='word_1_352' title='bbox 762 2007 873 2036; x_wconf 85' lang='lat' dir='ltr'><strong>propter</strong></span> 
     </span>
    </p>
   </div>
   <div class='ocr_carea' id='block_1_42' title="bbox 86 2047 874 2082">
    <p class='ocr_par' dir='ltr' id='par_1_42' title="bbox 86 2047 874 2082">
     <span class='ocr_line' id='line_1_42' title="bbox 86 2047 874 2082; baseline 0 -8"><span class='ocrx_word' id='word_1_353' title='bbox 86 2048 138 2074; x_wconf 86' lang='lat' dir='ltr'><strong>hoc</strong></span> <span class='ocrx_word' id='word_1_354' title='bbox 155 2048 194 2075; x_wconf 92' lang='lat' dir='ltr'><strong>sic</strong></span> <span class='ocrx_word' id='word_1_355' title='bbox 215 2048 286 2075; x_wconf 79' lang='lat' dir='ltr'><strong>dixit</strong></span> <span class='ocrx_word' id='word_1_356' title='bbox 309 2048 440 2074; x_wconf 84' lang='lat' dir='ltr'><strong>Dominus</strong></span> <span class='ocrx_word' id='word_1_357' title='bbox 462 2056 468 2074; x_wconf 75' lang='grc' dir='ltr'>ς</span> <span class='ocrx_word' id='word_1_358' title='bbox 489 2047 558 2074; x_wconf 86' lang='lat' dir='ltr'><strong>Ecce</strong></span> <span class='ocrx_word' id='word_1_359' title='bbox 583 2055 634 2082; x_wconf 80' lang='lat' dir='ltr'><strong>ego</strong></span> <span class='ocrx_word' id='word_1_360' title='bbox 656 2048 773 2074; x_wconf 87' lang='lat' dir='ltr'><strong>visitalio</strong></span> <span class='ocrx_word' id='word_1_361' title='bbox 790 2055 874 2082; x_wconf 81' lang='lat' dir='ltr'><strong>super</strong></span> 
     </span>
    </p>
   </div>
   <div class='ocr_carea' id='block_1_43' title="bbox 86 2093 873 2127">
    <p class='ocr_par' dir='ltr' id='par_1_43' title="bbox 86 2093 873 2127">
     <span class='ocr_line' id='line_1_43' title="bbox 86 2093 873 2127; baseline 0 -7"><span class='ocrx_word' id='word_1_362' title='bbox 86 2094 218 2120; x_wconf 74' lang='lat' dir='ltr'><strong>Sainmam</strong></span> <span class='ocrx_word' id='word_1_363' title='bbox 247 2095 280 2127; x_wconf 85' lang='grc' dir='ltr'><strong>Χ</strong></span> <span class='ocrx_word' id='word_1_364' title='bbox 308 2093 506 2120; x_wconf 82' lang='lat' dir='ltr'><strong>Neliemalitam</strong></span> <span class='ocrx_word' id='word_1_365' title='bbox 529 2093 557 2126; x_wconf 67' lang='grc' dir='ltr'><strong>ζ,</strong></span> <span class='ocrx_word' id='word_1_366' title='bbox 583 2098 610 2120; x_wconf 88' lang='lat' dir='ltr'><strong>et</strong></span> <span class='ocrx_word' id='word_1_367' title='bbox 630 2100 711 2127; x_wconf 87' lang='lat' dir='ltr'><strong>super</strong></span> <span class='ocrx_word' id='word_1_368' title='bbox 732 2093 771 2127; x_wconf 83' lang='lat' dir='ltr'><strong>(ii)</strong></span> <span class='ocrx_word' id='word_1_369' title='bbox 787 2101 873 2127; x_wconf 79' lang='lat' dir='ltr'><strong>genus</strong></span> 
     </span>
    </p>
   </div>
   <div class='ocr_carea' id='block_1_44' title="bbox 85 2139 872 2173">
    <p class='ocr_par' dir='ltr' id='par_1_44' title="bbox 85 2139 872 2173">
     <span class='ocr_line' id='line_1_44' title="bbox 85 2139 872 2173; baseline 0 -8"><span class='ocrx_word' id='word_1_370' title='bbox 85 2139 145 2172; x_wconf 86' lang='lat' dir='ltr'><strong>ejus</strong></span> <span class='ocrx_word' id='word_1_371' title='bbox 165 2147 171 2165; x_wconf 88' lang='lat'>:</span> <span class='ocrx_word' id='word_1_372' title='bbox 188 2143 282 2165; x_wconf 81' lang='lat' dir='ltr'><strong>etnon</strong></span> <span class='ocrx_word' id='word_1_373' title='bbox 303 2140 355 2166; x_wconf 86' lang='lat' dir='ltr'><strong>erit.</strong></span> <span class='ocrx_word' id='word_1_374' title='bbox 377 2140 401 2166; x_wconf 85' lang='lat' dir='ltr'><strong>ei</strong></span> <span class='ocrx_word' id='word_1_375' title='bbox 421 2142 453 2173; x_wconf 67' lang='grc' dir='ltr'><strong>Χ</strong></span> <span class='ocrx_word' id='word_1_376' title='bbox 471 2139 552 2166; x_wconf 89' lang='lat' dir='ltr'><strong>homo</strong></span> <span class='ocrx_word' id='word_1_377' title='bbox 575 2139 672 2165; x_wconf 86' lang='lat' dir='ltr'><strong>sedens</strong></span> <span class='ocrx_word' id='word_1_378' title='bbox 694 2139 705 2171; x_wconf 88' lang='lat'><strong>2</strong></span> <span class='ocrx_word' id='word_1_379' title='bbox 725 2139 795 2165; x_wconf 87' lang='lat' dir='ltr'><strong>inter</strong></span> <span class='ocrx_word' id='word_1_380' title='bbox 813 2147 872 2171; x_wconf 79' lang='lat' dir='ltr'><strong>vos,</strong></span> 
     </span>
    </p>
   </div>
   <div class='ocr_carea' id='block_1_45' title="bbox 693 123 1089 154">
    <p class='ocr_par' dir='ltr' id='par_1_45' title="bbox 693 123 1089 154">
     <span class='ocr_line' id='line_1_45' title="bbox 693 123 1089 154; baseline 0.008 -4"><span class='ocrx_word' id='word_1_381' title='bbox 693 123 851 153; x_wconf 67' lang='lat' dir='ltr'><strong>JEREMle</strong></span> <span class='ocrx_word' id='word_1_382' title='bbox 869 125 985 154; x_wconf 66' lang='lat' dir='ltr'><strong>CAPUT</strong></span> <span class='ocrx_word' id='word_1_383' title='bbox 1006 125 1076 153; x_wconf 72' lang='lat' dir='ltr'><strong>XXX</strong></span> <span class='ocrx_word' id='word_1_384' title='bbox 1083 145 1089 153; x_wconf 98' lang='lat'><strong>.</strong></span> 
     </span>
    </p>
   </div>
   <div class='ocr_carea' id='block_1_46' title="bbox 78 184 1194 221">
    <p class='ocr_par' dir='ltr' id='par_1_46' title="bbox 78 184 1194 221">
     <span class='ocr_line' id='line_1_46' title="bbox 78 184 1194 221; baseline -0.004 -7"><span class='ocrx_word' id='word_1_385' title='bbox 78 194 112 214; x_wconf 87' lang='lat' dir='ltr'><strong>eo</strong></span> <span class='ocrx_word' id='word_1_386' title='bbox 123 186 197 221; x_wconf 87' lang='lat' dir='ltr'><strong>quod</strong></span> <span class='ocrx_word' id='word_1_387' title='bbox 216 193 270 213; x_wconf 90' lang='lat' dir='ltr'><strong>non</strong></span> <span class='ocrx_word' id='word_1_388' title='bbox 284 185 449 212; x_wconf 88' lang='lat' dir='ltr'><strong>audiverunt</strong></span> <span class='ocrx_word' id='word_1_389' title='bbox 462 184 543 212; x_wconf 87' lang='lat' dir='ltr'><strong>verba</strong></span> <span class='ocrx_word' id='word_1_390' title='bbox 560 191 630 218; x_wconf 89' lang='lat' dir='ltr'><strong>mea,</strong></span> <span class='ocrx_word' id='word_1_391' title='bbox 642 184 708 212; x_wconf 87' lang='lat' dir='ltr'><strong>dicit</strong></span> <span class='ocrx_word' id='word_1_392' title='bbox 722 184 865 217; x_wconf 78' lang='lat' dir='ltr'><strong>Dominus.</strong></span> <span class='ocrx_word' id='word_1_393' title='bbox 883 187 902 215; x_wconf 75' lang='grc' dir='ltr'>Α</span> <span class='ocrx_word' id='word_1_394' title='bbox 918 185 1031 212; x_wconf 84' lang='lat' dir='ltr'><strong>remiam</strong></span> <span class='ocrx_word' id='word_1_395' title='bbox 1046 193 1060 211; x_wconf 87' lang='lat' dir='ltr'><strong>a</strong></span> <span class='ocrx_word' id='word_1_396' title='bbox 1078 184 1194 211; x_wconf 89' lang='lat' dir='ltr'><strong>Domino</strong></span> 
     </span>
    </p>
   </div>
   <div class='ocr_carea' id='block_1_47' title="bbox 1627 129 1697 157">
    <p class='ocr_par' dir='ltr' id='par_1_47' title="bbox 1627 129 1697 157">
     <span class='ocr_line' id='line_1_47' title="bbox 1627 129 1697 157; baseline 0.014 -1"><span class='ocrx_word' id='word_1_397' title='bbox 1627 129 1697 157; x_wconf 64' lang='lat'><strong>9330</strong></span> 
     </span>
    </p>
   </div>
   <div class='ocr_carea' id='block_1_48' title="bbox 1214 184 1703 215">
    <p class='ocr_par' dir='ltr' id='par_1_48' title="bbox 1214 184 1703 215">
     <span class='ocr_line' id='line_1_48' title="bbox 1214 184 1703 215; baseline 0.01 -5"><span class='ocrx_word' id='word_1_398' title='bbox 1214 193 1220 211; x_wconf 92' lang='lat'>:</span> <span class='ocrx_word' id='word_1_399' title='bbox 1236 184 1264 211; x_wconf 64' lang='grc' dir='ltr'>ἓ.</span> <span class='ocrx_word' id='word_1_400' title='bbox 1281 184 1325 212; x_wconf 89' lang='lat' dir='ltr'><strong>Sic</strong></span> <span class='ocrx_word' id='word_1_401' title='bbox 1341 185 1410 213; x_wconf 74' lang='lat' dir='ltr'><strong>dixit</strong></span> <span class='ocrx_word' id='word_1_402' title='bbox 1426 186 1559 214; x_wconf 87' lang='lat' dir='ltr'><strong>Dominus</strong></span> <span class='ocrx_word' id='word_1_403' title='bbox 1577 187 1649 215; x_wconf 90' lang='lat' dir='ltr'><strong>Deus</strong></span> <span class='ocrx_word' id='word_1_404' title='bbox 1665 187 1703 215; x_wconf 79' lang='lat' dir='ltr'><strong>ls-</strong></span> 
     </span>
    </p>
   </div>
   <div class='ocr_carea' id='block_1_49' title="bbox 918 229 1703 268">
    <p class='ocr_par' dir='ltr' id='par_1_49' title="bbox 918 229 1703 268">
     <span class='ocr_line' id='line_1_49' title="bbox 918 229 1703 268; baseline 0.003 -10"><span class='ocrx_word' id='word_1_405' title='bbox 918 230 1009 262; x_wconf 81' lang='lat' dir='ltr'><strong>raelis,</strong></span> <span class='ocrx_word' id='word_1_406' title='bbox 1022 229 1114 257; x_wconf 82' lang='lat' dir='ltr'><strong>dicetis</strong></span> <span class='ocrx_word' id='word_1_407' title='bbox 1129 239 1134 256; x_wconf 93' lang='lat'><strong>:</strong></span> <span class='ocrx_word' id='word_1_408' title='bbox 1149 229 1243 258; x_wconf 84' lang='lat' dir='ltr'><strong>Scribe</strong></span> <span class='ocrx_word' id='word_1_409' title='bbox 1253 232 1285 264; x_wconf 87' lang='grc' dir='ltr'><strong>Χ</strong></span> <span class='ocrx_word' id='word_1_410' title='bbox 1298 231 1344 258; x_wconf 78' lang='lat' dir='ltr'><strong>tilii</strong></span> <span class='ocrx_word' id='word_1_411' title='bbox 1360 231 1371 265; x_wconf 68' lang='grc' dir='ltr'>ί</span> <span class='ocrx_word' id='word_1_412' title='bbox 1385 233 1476 259; x_wconf 83' lang='lat' dir='ltr'><strong>omnia</strong></span> <span class='ocrx_word' id='word_1_413' title='bbox 1486 233 1578 264; x_wconf 84' lang='lat' dir='ltr'><strong>verba,</strong></span> <span class='ocrx_word' id='word_1_414' title='bbox 1591 233 1628 267; x_wconf 89' lang='lat'><strong>(0)</strong></span> <span class='ocrx_word' id='word_1_415' title='bbox 1641 241 1703 268; x_wconf 61' lang='lat' dir='ltr'><strong>quat</strong></span> 
     </span>
    </p>
   </div>
   <div class='ocr_carea' id='block_1_50' title="bbox 918 275 1702 311">
    <p class='ocr_par' dir='ltr' id='par_1_50' title="bbox 918 275 1702 311">
     <span class='ocr_line' id='line_1_50' title="bbox 918 275 1702 311; baseline 0.004 -9"><span class='ocrx_word' id='word_1_416' title='bbox 918 276 1034 303; x_wconf 75' lang='lat' dir='ltr'><strong>revelari</strong></span> <span class='ocrx_word' id='word_1_417' title='bbox 1054 275 1114 308; x_wconf 81' lang='lat' dir='ltr'><strong>tibi,</strong></span> <span class='ocrx_word' id='word_1_418' title='bbox 1132 276 1159 302; x_wconf 93' lang='lat' dir='ltr'><strong>iit</strong></span> <span class='ocrx_word' id='word_1_419' title='bbox 1177 275 1247 302; x_wconf 89' lang='lat' dir='ltr'><strong>libro</strong></span> <span class='ocrx_word' id='word_1_420' title='bbox 1266 284 1272 302; x_wconf 89' lang='lat'>:</span> <span class='ocrx_word' id='word_1_421' title='bbox 1291 277 1318 303; x_wconf 75' lang='lat'><strong>3.</strong></span> <span class='ocrx_word' id='word_1_422' title='bbox 1335 277 1399 311; x_wconf 85' lang='lat' dir='ltr'><strong>quia</strong></span> <span class='ocrx_word' id='word_1_423' title='bbox 1413 284 1477 305; x_wconf 83' lang='lat' dir='ltr'><strong>ecce</strong></span> <span class='ocrx_word' id='word_1_424' title='bbox 1498 277 1556 305; x_wconf 88' lang='lat' dir='ltr'><strong>dies</strong></span> <span class='ocrx_word' id='word_1_425' title='bbox 1578 278 1702 310; x_wconf 79' lang='lat' dir='ltr'><strong>veniunt.</strong></span> 
     </span>
    </p>
   </div>
   <div class='ocr_carea' id='block_1_51' title="bbox 918 321 1704 359">
    <p class='ocr_par' dir='ltr' id='par_1_51' title="bbox 918 321 1704 359">
     <span class='ocr_line' id='line_1_51' title="bbox 918 321 1704 359; baseline 0.004 -11"><span class='ocrx_word' id='word_1_426' title='bbox 918 321 983 349; x_wconf 84' lang='lat' dir='ltr'><strong>dicit</strong></span> <span class='ocrx_word' id='word_1_427' title='bbox 998 322 1140 354; x_wconf 85' lang='lat' dir='ltr'><strong>Dominus,</strong></span> <span class='ocrx_word' id='word_1_428' title='bbox 1167 327 1193 350; x_wconf 88' lang='lat' dir='ltr'><strong>et</strong></span> <span class='ocrx_word' id='word_1_429' title='bbox 1210 322 1338 349; x_wconf 79' lang='lat' dir='ltr'><strong>reducam</strong></span> <span class='ocrx_word' id='word_1_430' title='bbox 1359 322 1396 358; x_wconf 75' lang='grc' dir='ltr'><strong>(ιι)</strong></span> <span class='ocrx_word' id='word_1_431' title='bbox 1413 323 1638 358; x_wconf 77' lang='lat' dir='ltr'><strong>demigrationeni</strong></span> <span class='ocrx_word' id='word_1_432' title='bbox 1656 332 1704 359; x_wconf 90' lang='lat' dir='ltr'><strong>po—</strong></span> 
     </span>
    </p>
   </div>
   <div class='ocr_carea' id='block_1_52' title="bbox 918 368 1704 406">
    <p class='ocr_par' dir='ltr' id='par_1_52' title="bbox 918 368 1704 406">
     <span class='ocr_line' id='line_1_52' title="bbox 918 368 1704 406; baseline 0.005 -12"><span class='ocrx_word' id='word_1_433' title='bbox 918 368 973 403; x_wconf 91' lang='lat' dir='ltr'><strong>puli</strong></span> <span class='ocrx_word' id='word_1_434' title='bbox 999 368 1051 396; x_wconf 92' lang='lat' dir='ltr'><strong>mei</strong></span> <span class='ocrx_word' id='word_1_435' title='bbox 1070 368 1188 400; x_wconf 85' lang='lat' dir='ltr'><strong>lsraelis,</strong></span> <span class='ocrx_word' id='word_1_436' title='bbox 1212 373 1239 396; x_wconf 90' lang='lat' dir='ltr'><strong>et</strong></span> <span class='ocrx_word' id='word_1_437' title='bbox 1257 368 1343 401; x_wconf 64' lang='lat' dir='ltr'><strong>ludia,</strong></span> <span class='ocrx_word' id='word_1_438' title='bbox 1361 370 1426 397; x_wconf 87' lang='lat' dir='ltr'><strong>dicit</strong></span> <span class='ocrx_word' id='word_1_439' title='bbox 1445 369 1586 402; x_wconf 85' lang='lat' dir='ltr'><strong>Dominus,</strong></span> <span class='ocrx_word' id='word_1_440' title='bbox 1615 371 1652 406; x_wconf 84' lang='lat' dir='ltr'><strong>(q)</strong></span> <span class='ocrx_word' id='word_1_441' title='bbox 1677 376 1704 398; x_wconf 87' lang='lat' dir='ltr'><strong>et.</strong></span> 
     </span>
    </p>
   </div>
   <div class='ocr_carea' id='block_1_53' title="bbox 918 414 1702 449">
    <p class='ocr_par' dir='ltr' id='par_1_53' title="bbox 918 414 1702 449">
     <span class='ocr_line' id='line_1_53' title="bbox 918 414 1702 449; baseline 0.005 -9"><span class='ocrx_word' id='word_1_442' title='bbox 918 414 1045 441; x_wconf 82' lang='lat' dir='ltr'><strong>reducam</strong></span> <span class='ocrx_word' id='word_1_443' title='bbox 1059 421 1107 441; x_wconf 89' lang='lat' dir='ltr'><strong>eos</strong></span> <span class='ocrx_word' id='word_1_444' title='bbox 1120 414 1147 440; x_wconf 93' lang='lat' dir='ltr'><strong>iii</strong></span> <span class='ocrx_word' id='word_1_445' title='bbox 1165 419 1275 446; x_wconf 86' lang='lat' dir='ltr'><strong>terram,</strong></span> <span class='ocrx_word' id='word_1_446' title='bbox 1287 422 1370 449; x_wconf 86' lang='lat' dir='ltr'><strong>quam</strong></span> <span class='ocrx_word' id='word_1_447' title='bbox 1384 415 1445 442; x_wconf 85' lang='lat' dir='ltr'><strong>dedi</strong></span> <span class='ocrx_word' id='word_1_448' title='bbox 1461 415 1582 449; x_wconf 81' lang='lat' dir='ltr'><strong>patribus</strong></span> <span class='ocrx_word' id='word_1_449' title='bbox 1595 423 1702 449; x_wconf 83' lang='lat' dir='ltr'><strong>eorum,</strong></span> 
     </span>
    </p>
   </div>
   <div class='ocr_carea' id='block_1_54' title="bbox 918 459 1704 495">
    <p class='ocr_par' dir='ltr' id='par_1_54' title="bbox 918 459 1704 495">
     <span class='ocr_line' id='line_1_54' title="bbox 918 459 1704 495; baseline 0.005 -10"><span class='ocrx_word' id='word_1_450' title='bbox 918 459 953 493; x_wconf 84' lang='lat' dir='ltr'><strong>(r)</strong></span> <span class='ocrx_word' id='word_1_451' title='bbox 967 466 993 487; x_wconf 89' lang='lat' dir='ltr'><strong>et</strong></span> <span class='ocrx_word' id='word_1_452' title='bbox 1010 460 1204 494; x_wconf 80' lang='lat' dir='ltr'><strong>imperitabant</strong></span> <span class='ocrx_word' id='word_1_453' title='bbox 1215 461 1249 487; x_wconf 73' lang='lat' dir='ltr'><strong>ei.</strong></span> <span class='ocrx_word' id='word_1_454' title='bbox 1264 461 1290 487; x_wconf 70' lang='grc'><strong>4.</strong></span> <span class='ocrx_word' id='word_1_455' title='bbox 1307 460 1338 488; x_wconf 82' lang='grc' dir='ltr'><strong>Ει</strong></span> <span class='ocrx_word' id='word_1_456' title='bbox 1352 461 1408 488; x_wconf 72' lang='lat' dir='ltr'><strong>hzec</strong></span> <span class='ocrx_word' id='word_1_457' title='bbox 1419 461 1512 492; x_wconf 87' lang='lat' dir='ltr'><strong>verba.</strong></span> <span class='ocrx_word' id='word_1_458' title='bbox 1527 462 1704 495; x_wconf 70' lang='lat' dir='ltr'><strong>quaelocutus</strong></span> 
     </span>
    </p>
   </div>
   <div class='ocr_carea' id='block_1_55' title="bbox 917 504 1703 540">
    <p class='ocr_par' dir='ltr' id='par_1_55' title="bbox 917 504 1703 540">
     <span class='ocr_line' id='line_1_55' title="bbox 917 504 1703 540; baseline 0.006 -10"><span class='ocrx_word' id='word_1_459' title='bbox 917 508 960 530; x_wconf 88' lang='lat' dir='ltr'><strong>est</strong></span> <span class='ocrx_word' id='word_1_460' title='bbox 975 504 1106 531; x_wconf 85' lang='lat' dir='ltr'><strong>Dominus</strong></span> <span class='ocrx_word' id='word_1_461' title='bbox 1121 512 1204 539; x_wconf 86' lang='lat' dir='ltr'><strong>super</strong></span> <span class='ocrx_word' id='word_1_462' title='bbox 1222 504 1332 537; x_wconf 86' lang='lat' dir='ltr'><strong>lsraele,</strong></span> <span class='ocrx_word' id='word_1_463' title='bbox 1348 510 1376 532; x_wconf 90' lang='lat' dir='ltr'><strong>et</strong></span> <span class='ocrx_word' id='word_1_464' title='bbox 1397 506 1431 539; x_wconf 75' lang='grc' dir='ltr'><strong>Χ</strong></span> <span class='ocrx_word' id='word_1_465' title='bbox 1445 514 1528 538; x_wconf 80' lang='lat' dir='ltr'><strong>super</strong></span> <span class='ocrx_word' id='word_1_466' title='bbox 1547 507 1558 540; x_wconf 80' lang='lat'><strong>2</strong></span> <span class='ocrx_word' id='word_1_467' title='bbox 1577 506 1657 535; x_wconf 68' lang='lat' dir='ltr'><strong>Iuda.</strong></span> <span class='ocrx_word' id='word_1_468' title='bbox 1675 507 1703 535; x_wconf 89' lang='lat'><strong><em>5.</em></strong></span> 
     </span>
    </p>
   </div>
   <div class='ocr_carea' id='block_1_56' title="bbox 919 547 1703 585">
    <p class='ocr_par' dir='ltr' id='par_1_56' title="bbox 919 547 1703 585">
     <span class='ocr_line' id='line_1_56' title="bbox 919 547 1703 585; baseline 0.008 -12"><span class='ocrx_word' id='word_1_469' title='bbox 919 547 965 574; x_wconf 83' lang='lat' dir='ltr'><strong>Sic</strong></span> <span class='ocrx_word' id='word_1_470' title='bbox 990 547 1058 574; x_wconf 74' lang='lat' dir='ltr'><strong>dixit</strong></span> <span class='ocrx_word' id='word_1_471' title='bbox 1082 549 1214 576; x_wconf 84' lang='lat' dir='ltr'><strong>Dominus</strong></span> <span class='ocrx_word' id='word_1_472' title='bbox 1234 557 1240 575; x_wconf 89' lang='lat'><strong>:</strong></span> <span class='ocrx_word' id='word_1_473' title='bbox 1263 548 1362 576; x_wconf 72' lang='lat' dir='ltr'><strong>Vocem</strong></span> <span class='ocrx_word' id='word_1_474' title='bbox 1380 550 1415 585; x_wconf 73' lang='grc' dir='ltr'><strong>(δ)</strong></span> <span class='ocrx_word' id='word_1_475' title='bbox 1440 550 1547 577; x_wconf 78' lang='lat' dir='ltr'><strong>timoris</strong></span> <span class='ocrx_word' id='word_1_476' title='bbox 1563 552 1703 580; x_wconf 83' lang='lat' dir='ltr'><strong>audietis:</strong></span> 
     </span>
    </p>
   </div>
   <div class='ocr_carea' id='block_1_57' title="bbox 919 592 1703 631">
    <p class='ocr_par' dir='ltr' id='par_1_57' title="bbox 919 592 1703 631">
     <span class='ocr_line' id='line_1_57' title="bbox 919 592 1703 631; baseline 0.008 -13"><span class='ocrx_word' id='word_1_477' title='bbox 919 592 1010 624; x_wconf 91' lang='lat' dir='ltr'><strong>timor,</strong></span> <span class='ocrx_word' id='word_1_478' title='bbox 1026 597 1054 619; x_wconf 86' lang='lat' dir='ltr'><strong>et</strong></span> <span class='ocrx_word' id='word_1_479' title='bbox 1076 601 1130 620; x_wconf 83' lang='lat' dir='ltr'><strong>non</strong></span> <span class='ocrx_word' id='word_1_480' title='bbox 1151 597 1194 621; x_wconf 85' lang='lat' dir='ltr'><strong>est</strong></span> <span class='ocrx_word' id='word_1_481' title='bbox 1211 601 1274 628; x_wconf 81' lang='lat' dir='ltr'><strong>pati.</strong></span> <span class='ocrx_word' id='word_1_482' title='bbox 1291 595 1318 621; x_wconf 82' lang='grc'><strong>6.</strong></span> <span class='ocrx_word' id='word_1_483' title='bbox 1336 594 1504 629; x_wconf 63' lang='lat' dir='ltr'><strong>lnta-rrogate</strong></span> <span class='ocrx_word' id='word_1_484' title='bbox 1525 598 1558 630; x_wconf 83' lang='grc' dir='ltr'><strong>Χ</strong></span> <span class='ocrx_word' id='word_1_485' title='bbox 1582 605 1654 624; x_wconf 87' lang='lat' dir='ltr'><strong>nunc</strong></span> <span class='ocrx_word' id='word_1_486' title='bbox 1672 597 1703 631; x_wconf 70' lang='grc' dir='ltr'><strong>ζ,</strong></span> 
     </span>
    </p>
   </div>
   <div class='ocr_carea' id='block_1_58' title="bbox 918 638 1703 673">
    <p class='ocr_par' dir='ltr' id='par_1_58' title="bbox 918 638 1703 673">
     <span class='ocr_line' id='line_1_58' title="bbox 918 638 1703 673; baseline 0.005 -9"><span class='ocrx_word' id='word_1_487' title='bbox 918 641 945 664; x_wconf 90' lang='lat' dir='ltr'><strong>ct</strong></span> <span class='ocrx_word' id='word_1_488' title='bbox 962 638 1060 669; x_wconf 85' lang='lat' dir='ltr'><strong>videte.</strong></span> <span class='ocrx_word' id='word_1_489' title='bbox 1075 638 1095 665; x_wconf 92' lang='lat' dir='ltr'><strong>si</strong></span> <span class='ocrx_word' id='word_1_490' title='bbox 1107 638 1211 672; x_wconf 91' lang='lat' dir='ltr'><strong>peperit</strong></span> <span class='ocrx_word' id='word_1_491' title='bbox 1227 639 1384 666; x_wconf 81' lang='lat' dir='ltr'><strong>masculus?</strong></span> <span class='ocrx_word' id='word_1_492' title='bbox 1405 647 1436 667; x_wconf 70' lang='grc' dir='ltr'><strong>-ε-</strong></span> <span class='ocrx_word' id='word_1_493' title='bbox 1452 645 1480 667; x_wconf 92' lang='lat' dir='ltr'><strong>et</strong></span> <span class='ocrx_word' id='word_1_494' title='bbox 1496 641 1530 668; x_wconf 89' lang='lat' dir='ltr'><strong>de</strong></span> <span class='ocrx_word' id='word_1_495' title='bbox 1550 641 1658 673; x_wconf 86' lang='lat' dir='ltr'><strong>timore,</strong></span> <span class='ocrx_word' id='word_1_496' title='bbox 1677 642 1703 669; x_wconf 91' lang='lat' dir='ltr'><strong>in</strong></span> 
     </span>
    </p>
   </div>
   <div class='ocr_carea' id='block_1_59' title="bbox 918 683 1706 721">
    <p class='ocr_par' dir='ltr' id='par_1_59' title="bbox 918 683 1706 721">
     <span class='ocr_line' id='line_1_59' title="bbox 918 683 1706 721; baseline 0.006 -12"><span class='ocrx_word' id='word_1_497' title='bbox 918 691 973 718; x_wconf 90' lang='lat' dir='ltr'><strong>quo</strong></span> <span class='ocrx_word' id='word_1_498' title='bbox 988 683 1148 711; x_wconf 90' lang='lat' dir='ltr'><strong>detinebunt</strong></span> <span class='ocrx_word' id='word_1_499' title='bbox 1164 684 1235 712; x_wconf 86' lang='lat' dir='ltr'><strong>latus</strong></span> <span class='ocrx_word' id='word_1_500' title='bbox 1250 690 1276 712; x_wconf 89' lang='lat' dir='ltr'><strong>et</strong></span> <span class='ocrx_word' id='word_1_501' title='bbox 1290 686 1409 713; x_wconf 83' lang='lat' dir='ltr'><strong>salutem</strong></span> <span class='ocrx_word' id='word_1_502' title='bbox 1429 686 1560 721; x_wconf 76' lang='lat' dir='ltr'><strong>2?quare</strong></span> <span class='ocrx_word' id='word_1_503' title='bbox 1574 688 1628 714; x_wconf 87' lang='lat' dir='ltr'><strong>vidi</strong></span> <span class='ocrx_word' id='word_1_504' title='bbox 1647 696 1706 714; x_wconf 91' lang='lat' dir='ltr'><strong>om-</strong></span> 
     </span>
    </p>
   </div>
   <div class='ocr_carea' id='block_1_60' title="bbox 919 729 1704 767">
    <p class='ocr_par' dir='ltr' id='par_1_60' title="bbox 919 729 1704 767">
     <span class='ocr_line' id='line_1_60' title="bbox 919 729 1704 767; baseline 0.006 -12"><span class='ocrx_word' id='word_1_505' title='bbox 919 737 980 756; x_wconf 90' lang='lat' dir='ltr'><strong>nem</strong></span> <span class='ocrx_word' id='word_1_506' title='bbox 1000 729 1146 761; x_wconf 83' lang='lat' dir='ltr'><strong>hominem,</strong></span> <span class='ocrx_word' id='word_1_507' title='bbox 1163 735 1190 758; x_wconf 89' lang='lat' dir='ltr'><strong>et</strong></span> <span class='ocrx_word' id='word_1_508' title='bbox 1205 738 1301 758; x_wconf 88' lang='lat' dir='ltr'><strong>manus</strong></span> <span class='ocrx_word' id='word_1_509' title='bbox 1315 731 1375 765; x_wconf 83' lang='lat' dir='ltr'><strong>ejus</strong></span> <span class='ocrx_word' id='word_1_510' title='bbox 1393 739 1475 765; x_wconf 85' lang='lat' dir='ltr'><strong>super</strong></span> <span class='ocrx_word' id='word_1_511' title='bbox 1491 732 1563 760; x_wconf 89' lang='lat' dir='ltr'><strong>latus</strong></span> <span class='ocrx_word' id='word_1_512' title='bbox 1575 732 1656 767; x_wconf 66' lang='lat' dir='ltr'><strong>ejus?</strong></span> <span class='ocrx_word' id='word_1_513' title='bbox 1671 735 1704 767; x_wconf 71' lang='grc' dir='ltr'><strong>Χ</strong></span> 
     </span>
    </p>
   </div>
   <div class='ocr_carea' id='block_1_61' title="bbox 919 774 1706 812">
    <p class='ocr_par' dir='ltr' id='par_1_61' title="bbox 919 774 1706 812">
     <span class='ocr_line' id='line_1_61' title="bbox 919 774 1706 812; baseline 0.005 -10"><span class='ocrx_word' id='word_1_514' title='bbox 919 774 991 802; x_wconf 88' lang='lat' dir='ltr'><strong>sicut</strong></span> <span class='ocrx_word' id='word_1_515' title='bbox 1004 775 1048 801; x_wconf 90' lang='lat' dir='ltr'><strong>illa</strong></span> <span class='ocrx_word' id='word_1_516' title='bbox 1061 775 1072 808; x_wconf 86' lang='lat'><strong>2</strong></span> <span class='ocrx_word' id='word_1_517' title='bbox 1086 783 1146 810; x_wconf 64' lang='lat' dir='ltr'><strong>quin</strong></span> <span class='ocrx_word' id='word_1_518' title='bbox 1163 776 1243 810; x_wconf 80' lang='lat' dir='ltr'><strong>parit,</strong></span> <span class='ocrx_word' id='word_1_519' title='bbox 1257 785 1341 804; x_wconf 73' lang='lat' dir='ltr'><strong>versa:</strong></span> <span class='ocrx_word' id='word_1_520' title='bbox 1355 783 1419 804; x_wconf 89' lang='lat' dir='ltr'><strong>sunt</strong></span> <span class='ocrx_word' id='word_1_521' title='bbox 1432 780 1466 812; x_wconf 71' lang='grc' dir='ltr'><strong>Χ</strong></span> <span class='ocrx_word' id='word_1_522' title='bbox 1481 786 1577 806; x_wconf 84' lang='lat' dir='ltr'><strong>omnes</strong></span> <span class='ocrx_word' id='word_1_523' title='bbox 1590 779 1601 812; x_wconf 79' lang='lat'><strong>2</strong></span> <span class='ocrx_word' id='word_1_524' title='bbox 1623 779 1706 806; x_wconf 78' lang='lat' dir='ltr'><strong>facies</strong></span> 
     </span>
    </p>
   </div>
   <div class='ocr_carea' id='block_1_62' title="bbox 921 820 1706 859">
    <p class='ocr_par' dir='ltr' id='par_1_62' title="bbox 921 820 1706 859">
     <span class='ocr_line' id='line_1_62' title="bbox 921 820 1706 859; baseline 0.008 -13"><span class='ocrx_word' id='word_1_525' title='bbox 921 820 946 846; x_wconf 91' lang='lat' dir='ltr'><strong>in</strong></span> <span class='ocrx_word' id='word_1_526' title='bbox 959 820 1109 855; x_wconf 81' lang='lat' dir='ltr'><strong>anriginciii</strong></span> <span class='ocrx_word' id='word_1_527' title='bbox 1125 831 1132 848; x_wconf 87' lang='lat'><strong>:</strong></span> <span class='ocrx_word' id='word_1_528' title='bbox 1149 821 1175 849; x_wconf 87' lang='lat'><strong>7.</strong></span> <span class='ocrx_word' id='word_1_529' title='bbox 1196 829 1226 849; x_wconf 78' lang='grc' dir='ltr'><strong>-ε-</strong></span> <span class='ocrx_word' id='word_1_530' title='bbox 1240 821 1321 850; x_wconf 85' lang='lat' dir='ltr'><strong>Facta</strong></span> <span class='ocrx_word' id='word_1_531' title='bbox 1342 827 1406 850; x_wconf 79' lang='lat' dir='ltr'><strong>sunt</strong></span> <span class='ocrx_word' id='word_1_532' title='bbox 1428 823 1457 857; x_wconf 63' lang='grc' dir='ltr'><strong>ζ,</strong></span> <span class='ocrx_word' id='word_1_533' title='bbox 1480 825 1512 855; x_wconf 76' lang='grc' dir='ltr'><strong>Χ</strong></span> <span class='ocrx_word' id='word_1_534' title='bbox 1534 832 1572 851; x_wconf 73' lang='lat' dir='ltr'><strong>va:</strong></span> <span class='ocrx_word' id='word_1_535' title='bbox 1591 825 1620 859; x_wconf 87' lang='lat'><strong>2,</strong></span> <span class='ocrx_word' id='word_1_536' title='bbox 1641 825 1706 859; x_wconf 84' lang='lat' dir='ltr'><strong>quia</strong></span> 
     </span>
    </p>
   </div>
   <div class='ocr_carea' id='block_1_63' title="bbox 921 864 1703 904">
    <p class='ocr_par' dir='ltr' id='par_1_63' title="bbox 921 864 1703 904">
     <span class='ocr_line' id='line_1_63' title="bbox 921 864 1703 904; baseline 0.009 -14"><span class='ocrx_word' id='word_1_537' title='bbox 921 872 1035 899; x_wconf 77' lang='lat' dir='ltr'><strong>magnus</strong></span> <span class='ocrx_word' id='word_1_538' title='bbox 1052 864 1111 892; x_wconf 85' lang='lat' dir='ltr'><strong>dies</strong></span> <span class='ocrx_word' id='word_1_539' title='bbox 1130 865 1186 897; x_wconf 87' lang='lat' dir='ltr'><strong>ille,</strong></span> <span class='ocrx_word' id='word_1_540' title='bbox 1203 871 1228 893; x_wconf 92' lang='lat' dir='ltr'><strong>et</strong></span> <span class='ocrx_word' id='word_1_541' title='bbox 1245 875 1297 893; x_wconf 78' lang='lat' dir='ltr'><strong>nun</strong></span> <span class='ocrx_word' id='word_1_542' title='bbox 1315 872 1357 894; x_wconf 88' lang='lat' dir='ltr'><strong>est</strong></span> <span class='ocrx_word' id='word_1_543' title='bbox 1381 869 1443 894; x_wconf 89' lang='lat' dir='ltr'><strong>talis</strong></span> <span class='ocrx_word' id='word_1_544' title='bbox 1464 877 1470 896; x_wconf 90' lang='lat'>:</span> <span class='ocrx_word' id='word_1_545' title='bbox 1487 874 1513 895; x_wconf 89' lang='lat' dir='ltr'><strong>et</strong></span> <span class='ocrx_word' id='word_1_546' title='bbox 1531 873 1637 904; x_wconf 79' lang='lat' dir='ltr'><strong>tempus</strong></span> <span class='ocrx_word' id='word_1_547' title='bbox 1653 878 1703 897; x_wconf 83' lang='lat' dir='ltr'><strong>au-</strong></span> 
     </span>
    </p>
   </div>
   <div class='ocr_carea' id='block_1_64' title="bbox 920 910 1706 950">
    <p class='ocr_par' dir='ltr' id='par_1_64' title="bbox 920 910 1706 950">
     <span class='ocr_line' id='line_1_64' title="bbox 920 910 1706 950; baseline 0.009 -14"><span class='ocrx_word' id='word_1_548' title='bbox 920 915 1029 944; x_wconf 73' lang='lat' dir='ltr'><strong>gustum</strong></span> <span class='ocrx_word' id='word_1_549' title='bbox 1046 916 1088 937; x_wconf 87' lang='lat' dir='ltr'><strong>est</strong></span> <span class='ocrx_word' id='word_1_550' title='bbox 1102 910 1214 942; x_wconf 84' lang='lat' dir='ltr'><strong>Jacobo,</strong></span> <span class='ocrx_word' id='word_1_551' title='bbox 1229 913 1255 939; x_wconf 88' lang='grc'><strong>8.</strong></span> <span class='ocrx_word' id='word_1_552' title='bbox 1271 917 1298 939; x_wconf 92' lang='lat' dir='ltr'><strong>et</strong></span> <span class='ocrx_word' id='word_1_553' title='bbox 1313 921 1346 940; x_wconf 77' lang='lat' dir='ltr'><strong>ex</strong></span> <span class='ocrx_word' id='word_1_554' title='bbox 1364 914 1414 941; x_wconf 87' lang='lat' dir='ltr'><strong>hoc</strong></span> <span class='ocrx_word' id='word_1_555' title='bbox 1433 915 1586 942; x_wconf 86' lang='lat' dir='ltr'><strong>servaliilnr</strong></span> <span class='ocrx_word' id='word_1_556' title='bbox 1604 925 1609 942; x_wconf 87' lang='lat'>:</span> <span class='ocrx_word' id='word_1_557' title='bbox 1627 917 1660 950; x_wconf 83' lang='grc' dir='ltr'><strong>Χ</strong></span> <span class='ocrx_word' id='word_1_558' title='bbox 1679 921 1706 943; x_wconf 83' lang='grc' dir='ltr'><strong>ιι</strong></span> 
     </span>
    </p>
   </div>
   <div class='ocr_carea' id='block_1_65' title="bbox 920 955 1707 995">
    <p class='ocr_par' dir='ltr' id='par_1_65' title="bbox 920 955 1707 995">
     <span class='ocr_line' id='line_1_65' title="bbox 920 955 1707 995; baseline 0.01 -14"><span class='ocrx_word' id='word_1_559' title='bbox 920 955 972 982; x_wconf 86' lang='lat' dir='ltr'><strong>erit</strong></span> <span class='ocrx_word' id='word_1_560' title='bbox 988 955 998 989; x_wconf 71' lang='grc' dir='ltr'>ζ</span> <span class='ocrx_word' id='word_1_561' title='bbox 1017 956 1043 982; x_wconf 94' lang='lat' dir='ltr'><strong>in</strong></span> <span class='ocrx_word' id='word_1_562' title='bbox 1055 955 1166 989; x_wconf 86' lang='lat' dir='ltr'><strong>dieillo,</strong></span> <span class='ocrx_word' id='word_1_563' title='bbox 1182 957 1251 984; x_wconf 78' lang='lat' dir='ltr'><strong>dixit</strong></span> <span class='ocrx_word' id='word_1_564' title='bbox 1264 958 1396 986; x_wconf 85' lang='lat' dir='ltr'><strong>Dominus</strong></span> <span class='ocrx_word' id='word_1_565' title='bbox 1408 961 1436 992; x_wconf 56' lang='lat' dir='ltr'>)K</span> <span class='ocrx_word' id='word_1_566' title='bbox 1454 960 1582 988; x_wconf 76' lang='lat' dir='ltr'><strong>\‘il&#39;illlllm</strong></span> <span class='ocrx_word' id='word_1_567' title='bbox 1599 962 1626 995; x_wconf 70' lang='grc' dir='ltr'><strong>ζ.</strong></span> <span class='ocrx_word' id='word_1_568' title='bbox 1641 970 1707 988; x_wconf 86' lang='lat' dir='ltr'><strong>coii-</strong></span> 
     </span>
    </p>
   </div>
   <div class='ocr_carea' id='block_1_66' title="bbox 920 999 1705 1036">
    <p class='ocr_par' dir='ltr' id='par_1_66' title="bbox 920 999 1705 1036">
     <span class='ocr_line' id='line_1_66' title="bbox 920 999 1705 1036; baseline 0.008 -10"><span class='ocrx_word' id='word_1_569' title='bbox 920 999 1037 1035; x_wconf 68' lang='lat' dir='ltr'><strong>fringam</strong></span> <span class='ocrx_word' id='word_1_570' title='bbox 1053 1000 1148 1035; x_wconf 80' lang='lat' dir='ltr'><strong>jugum</strong></span> <span class='ocrx_word' id='word_1_571' title='bbox 1167 1009 1199 1028; x_wconf 80' lang='lat' dir='ltr'><strong>ex</strong></span> <span class='ocrx_word' id='word_1_572' title='bbox 1216 1003 1286 1029; x_wconf 84' lang='lat' dir='ltr'><strong>collo</strong></span> <span class='ocrx_word' id='word_1_573' title='bbox 1307 1011 1414 1036; x_wconf 90' lang='lat' dir='ltr'><strong>eorum,</strong></span> <span class='ocrx_word' id='word_1_574' title='bbox 1433 1009 1459 1031; x_wconf 89' lang='lat' dir='ltr'><strong>et</strong></span> <span class='ocrx_word' id='word_1_575' title='bbox 1476 1004 1584 1032; x_wconf 84' lang='lat' dir='ltr'><strong>vincula</strong></span> <span class='ocrx_word' id='word_1_576' title='bbox 1610 1014 1705 1032; x_wconf 90' lang='lat' dir='ltr'><strong>eorum</strong></span> 
     </span>
    </p>
   </div>
   <div class='ocr_carea' id='block_1_67' title="bbox 921 1046 1705 1081">
    <p class='ocr_par' dir='ltr' id='par_1_67' title="bbox 921 1046 1705 1081">
     <span class='ocr_line' id='line_1_67' title="bbox 921 1046 1705 1081; baseline 0.008 -9"><span class='ocrx_word' id='word_1_577' title='bbox 921 1046 1078 1073; x_wconf 78' lang='lat' dir='ltr'><strong>abscindunt</strong></span> <span class='ocrx_word' id='word_1_578' title='bbox 1097 1055 1103 1072; x_wconf 93' lang='lat'><strong>:</strong></span> <span class='ocrx_word' id='word_1_579' title='bbox 1121 1046 1152 1081; x_wconf 86' lang='lat' dir='ltr'><strong>(t)</strong></span> <span class='ocrx_word' id='word_1_580' title='bbox 1168 1051 1194 1073; x_wconf 90' lang='lat' dir='ltr'><strong>et</strong></span> <span class='ocrx_word' id='word_1_581' title='bbox 1212 1055 1264 1074; x_wconf 91' lang='lat' dir='ltr'><strong>non</strong></span> <span class='ocrx_word' id='word_1_582' title='bbox 1278 1049 1399 1076; x_wconf 86' lang='lat' dir='ltr'><strong>servient</strong></span> <span class='ocrx_word' id='word_1_583' title='bbox 1421 1049 1459 1075; x_wconf 93' lang='lat' dir='ltr'><strong>illi</strong></span> <span class='ocrx_word' id='word_1_584' title='bbox 1481 1057 1577 1078; x_wconf 85' lang='lat' dir='ltr'><strong>rursus</strong></span> <span class='ocrx_word' id='word_1_585' title='bbox 1589 1051 1705 1078; x_wconf 83' lang='lat' dir='ltr'><strong>alienis:</strong></span> 
     </span>
    </p>
   </div>
   <div class='ocr_carea' id='block_1_68' title="bbox 921 1090 1706 1129">
    <p class='ocr_par' dir='ltr' id='par_1_68' title="bbox 921 1090 1706 1129">
     <span class='ocr_line' id='line_1_68' title="bbox 921 1090 1706 1129; baseline 0.006 -13"><span class='ocrx_word' id='word_1_586' title='bbox 921 1090 947 1117; x_wconf 83' lang='lat'><strong>9.</strong></span> <span class='ocrx_word' id='word_1_587' title='bbox 963 1095 990 1116; x_wconf 78' lang='lat' dir='ltr'><strong>et</strong></span> <span class='ocrx_word' id='word_1_588' title='bbox 1003 1091 1124 1117; x_wconf 79' lang='lat' dir='ltr'><strong>servient</strong></span> <span class='ocrx_word' id='word_1_589' title='bbox 1141 1091 1256 1119; x_wconf 89' lang='lat' dir='ltr'><strong>Domino</strong></span> <span class='ocrx_word' id='word_1_590' title='bbox 1281 1092 1335 1120; x_wconf 91' lang='lat' dir='ltr'><strong>Deo</strong></span> <span class='ocrx_word' id='word_1_591' title='bbox 1351 1101 1412 1125; x_wconf 86' lang='lat' dir='ltr'><strong>suo,</strong></span> <span class='ocrx_word' id='word_1_592' title='bbox 1427 1098 1452 1120; x_wconf 88' lang='lat' dir='ltr'><strong>et</strong></span> <span class='ocrx_word' id='word_1_593' title='bbox 1470 1094 1562 1121; x_wconf 85' lang='lat' dir='ltr'><strong>Davidi</strong></span> <span class='ocrx_word' id='word_1_594' title='bbox 1577 1096 1630 1129; x_wconf 75' lang='lat' dir='ltr'><strong>regi</strong></span> <span class='ocrx_word' id='word_1_595' title='bbox 1644 1104 1706 1126; x_wconf 83' lang='lat' dir='ltr'><strong>siin.</strong></span> 
     </span>
    </p>
   </div>
   <div class='ocr_carea' id='block_1_69' title="bbox 922 1137 1706 1174">
    <p class='ocr_par' dir='ltr' id='par_1_69' title="bbox 922 1137 1706 1174">
     <span class='ocr_line' id='line_1_69' title="bbox 922 1137 1706 1174; baseline 0.009 -12"><span class='ocrx_word' id='word_1_596' title='bbox 922 1138 954 1170; x_wconf 71' lang='grc' dir='ltr'><strong>Χ</strong></span> <span class='ocrx_word' id='word_1_597' title='bbox 968 1145 1048 1171; x_wconf 82' lang='lat' dir='ltr'><strong>queui</strong></span> <span class='ocrx_word' id='word_1_598' title='bbox 1065 1137 1076 1170; x_wconf 71' lang='grc' dir='ltr'>ζ</span> <span class='ocrx_word' id='word_1_599' title='bbox 1093 1137 1219 1164; x_wconf 80' lang='lat' dir='ltr'><strong>excitabo</strong></span> <span class='ocrx_word' id='word_1_600' title='bbox 1231 1138 1281 1166; x_wconf 88' lang='lat' dir='ltr'><strong>eis.</strong></span> <span class='ocrx_word' id='word_1_601' title='bbox 1300 1139 1342 1166; x_wconf 78' lang='grc'><strong>10-</strong></span> <span class='ocrx_word' id='word_1_602' title='bbox 1356 1141 1389 1174; x_wconf 86' lang='grc' dir='ltr'><strong>Χ</strong></span> <span class='ocrx_word' id='word_1_603' title='bbox 1402 1139 1441 1166; x_wconf 86' lang='lat' dir='ltr'><strong>Tu</strong></span> <span class='ocrx_word' id='word_1_604' title='bbox 1456 1145 1544 1167; x_wconf 89' lang='lat' dir='ltr'><strong>autem</strong></span> <span class='ocrx_word' id='word_1_605' title='bbox 1555 1149 1588 1168; x_wconf 94' lang='lat' dir='ltr'><strong>ne</strong></span> <span class='ocrx_word' id='word_1_606' title='bbox 1600 1142 1706 1174; x_wconf 84' lang='lat' dir='ltr'><strong>timeas,</strong></span> 
     </span>
    </p>
   </div>
   <div class='ocr_carea' id='block_1_70' title="bbox 922 1183 1707 1221">
    <p class='ocr_par' dir='ltr' id='par_1_70' title="bbox 922 1183 1707 1221">
     <span class='ocr_line' id='line_1_70' title="bbox 922 1183 1707 1221; baseline 0.008 -11"><span class='ocrx_word' id='word_1_607' title='bbox 922 1191 999 1210; x_wconf 82' lang='lat' dir='ltr'><strong>Scive</strong></span> <span class='ocrx_word' id='word_1_608' title='bbox 1011 1184 1058 1215; x_wconf 76' lang='lat' dir='ltr'><strong>nii,</strong></span> <span class='ocrx_word' id='word_1_609' title='bbox 1082 1183 1177 1216; x_wconf 85' lang='lat' dir='ltr'><strong>Jacob,</strong></span> <span class='ocrx_word' id='word_1_610' title='bbox 1194 1185 1259 1211; x_wconf 89' lang='lat' dir='ltr'><strong>dicit</strong></span> <span class='ocrx_word' id='word_1_611' title='bbox 1276 1185 1416 1218; x_wconf 75' lang='lat' dir='ltr'><strong>Dominus,</strong></span> <span class='ocrx_word' id='word_1_612' title='bbox 1436 1194 1524 1221; x_wconf 85' lang='lat' dir='ltr'><strong>neque</strong></span> <span class='ocrx_word' id='word_1_613' title='bbox 1541 1195 1650 1221; x_wconf 75' lang='lat' dir='ltr'><strong>paveas,</strong></span> <span class='ocrx_word' id='word_1_614' title='bbox 1668 1187 1707 1216; x_wconf 83' lang='lat' dir='ltr'><strong>ls-</strong></span> 
     </span>
    </p>
   </div>
   <div class='ocr_carea' id='block_1_71' title="bbox 923 1228 1707 1266">
    <p class='ocr_par' dir='ltr' id='par_1_71' title="bbox 923 1228 1707 1266">
     <span class='ocr_line' id='line_1_71' title="bbox 923 1228 1707 1266; baseline 0.008 -12"><span class='ocrx_word' id='word_1_615' title='bbox 923 1228 979 1255; x_wconf 85' lang='lat' dir='ltr'><strong>rael</strong></span> <span class='ocrx_word' id='word_1_616' title='bbox 998 1237 1004 1255; x_wconf 84' lang='lat'><strong>:</strong></span> <span class='ocrx_word' id='word_1_617' title='bbox 1023 1229 1087 1263; x_wconf 83' lang='lat' dir='ltr'><strong>quia</strong></span> <span class='ocrx_word' id='word_1_618' title='bbox 1105 1237 1169 1256; x_wconf 86' lang='lat' dir='ltr'><strong>ecee</strong></span> <span class='ocrx_word' id='word_1_619' title='bbox 1182 1237 1232 1263; x_wconf 81' lang='lat' dir='ltr'><strong>ego</strong></span> <span class='ocrx_word' id='word_1_620' title='bbox 1249 1230 1353 1256; x_wconf 82' lang='lat' dir='ltr'><strong>redimo</strong></span> <span class='ocrx_word' id='word_1_621' title='bbox 1370 1236 1397 1258; x_wconf 89' lang='lat' dir='ltr'><strong>te</strong></span> <span class='ocrx_word' id='word_1_622' title='bbox 1411 1239 1427 1258; x_wconf 88' lang='lat' dir='ltr'><strong>e</strong></span> <span class='ocrx_word' id='word_1_623' title='bbox 1450 1231 1612 1266; x_wconf 79' lang='lat' dir='ltr'><strong>longinquo,</strong></span> <span class='ocrx_word' id='word_1_624' title='bbox 1626 1238 1653 1260; x_wconf 87' lang='lat' dir='ltr'><strong>et</strong></span> <span class='ocrx_word' id='word_1_625' title='bbox 1665 1241 1707 1260; x_wconf 74' lang='lat' dir='ltr'><strong>sc~</strong></span> 
     </span>
    </p>
   </div>
   <div class='ocr_carea' id='block_1_72' title="bbox 923 1275 1706 1311">
    <p class='ocr_par' dir='ltr' id='par_1_72' title="bbox 923 1275 1706 1311">
     <span class='ocr_line' id='line_1_72' title="bbox 923 1275 1706 1311; baseline 0.006 -11"><span class='ocrx_word' id='word_1_626' title='bbox 923 1282 983 1301; x_wconf 89' lang='lat' dir='ltr'><strong>men</strong></span> <span class='ocrx_word' id='word_1_627' title='bbox 999 1279 1074 1301; x_wconf 89' lang='lat' dir='ltr'><strong>tuum</strong></span> <span class='ocrx_word' id='word_1_628' title='bbox 1090 1282 1104 1301; x_wconf 91' lang='lat' dir='ltr'><strong>a</strong></span> <span class='ocrx_word' id='word_1_629' title='bbox 1119 1275 1275 1309; x_wconf 80' lang='lat' dir='ltr'><strong>captivitate</strong></span> <span class='ocrx_word' id='word_1_630' title='bbox 1285 1283 1380 1302; x_wconf 76' lang='lat' dir='ltr'><strong>eorum</strong></span> <span class='ocrx_word' id='word_1_631' title='bbox 1395 1281 1440 1303; x_wconf 89' lang='lat' dir='ltr'><strong>:et</strong></span> <span class='ocrx_word' id='word_1_632' title='bbox 1452 1283 1603 1304; x_wconf 86' lang='lat' dir='ltr'><strong>revertetur</strong></span> <span class='ocrx_word' id='word_1_633' title='bbox 1613 1277 1706 1311; x_wconf 79' lang='lat' dir='ltr'><strong>Jaeoli,</strong></span> 
     </span>
    </p>
   </div>
   <div class='ocr_carea' id='block_1_73' title="bbox 922 1319 1708 1356">
    <p class='ocr_par' dir='ltr' id='par_1_73' title="bbox 922 1319 1708 1356">
     <span class='ocr_line' id='line_1_73' title="bbox 922 1319 1708 1356; baseline 0.008 -12"><span class='ocrx_word' id='word_1_634' title='bbox 922 1323 949 1345; x_wconf 79' lang='lat' dir='ltr'><strong>et</strong></span> <span class='ocrx_word' id='word_1_635' title='bbox 967 1319 1129 1353; x_wconf 85' lang='lat' dir='ltr'><strong>requiescet,</strong></span> <span class='ocrx_word' id='word_1_636' title='bbox 1150 1326 1177 1347; x_wconf 90' lang='lat' dir='ltr'><strong>et</strong></span> <span class='ocrx_word' id='word_1_637' title='bbox 1192 1320 1260 1348; x_wconf 81' lang='lat' dir='ltr'><strong>liene</strong></span> <span class='ocrx_word' id='word_1_638' title='bbox 1280 1323 1406 1356; x_wconf 79' lang='lat' dir='ltr'><strong>patietur,</strong></span> <span class='ocrx_word' id='word_1_639' title='bbox 1422 1327 1449 1349; x_wconf 92' lang='lat' dir='ltr'><strong>et</strong></span> <span class='ocrx_word' id='word_1_640' title='bbox 1465 1330 1519 1349; x_wconf 89' lang='lat' dir='ltr'><strong>non</strong></span> <span class='ocrx_word' id='word_1_641' title='bbox 1545 1323 1597 1350; x_wconf 89' lang='lat' dir='ltr'><strong>erit</strong></span> <span class='ocrx_word' id='word_1_642' title='bbox 1623 1329 1708 1350; x_wconf 73' lang='lat' dir='ltr'><strong>exter~</strong></span> 
     </span>
    </p>
   </div>
   <div class='ocr_carea' id='block_1_74' title="bbox 924 1365 1706 1401">
    <p class='ocr_par' dir='ltr' id='par_1_74' title="bbox 924 1365 1706 1401">
     <span class='ocr_line' id='line_1_74' title="bbox 924 1365 1706 1401; baseline 0.008 -11"><span class='ocrx_word' id='word_1_643' title='bbox 924 1372 999 1391; x_wconf 75' lang='lat' dir='ltr'><strong>rens.</strong></span> <span class='ocrx_word' id='word_1_644' title='bbox 1018 1365 1058 1392; x_wconf 83' lang='lat' dir='ltr'><strong>ll.</strong></span> <span class='ocrx_word' id='word_1_645' title='bbox 1075 1365 1144 1397; x_wconf 82' lang='lat' dir='ltr'><strong>Quia</strong></span> <span class='ocrx_word' id='word_1_646' title='bbox 1161 1371 1248 1393; x_wconf 83' lang='lat' dir='ltr'><strong>tecum</strong></span> <span class='ocrx_word' id='word_1_647' title='bbox 1265 1375 1337 1398; x_wconf 80' lang='lat' dir='ltr'><strong>sum.</strong></span> <span class='ocrx_word' id='word_1_648' title='bbox 1357 1367 1423 1395; x_wconf 82' lang='lat' dir='ltr'><strong>dicit</strong></span> <span class='ocrx_word' id='word_1_649' title='bbox 1452 1368 1594 1401; x_wconf 84' lang='lat' dir='ltr'><strong>Dominus,</strong></span> <span class='ocrx_word' id='word_1_650' title='bbox 1614 1370 1646 1396; x_wconf 83' lang='lat' dir='ltr'><strong>ad</strong></span> <span class='ocrx_word' id='word_1_651' title='bbox 1665 1377 1706 1396; x_wconf 86' lang='lat' dir='ltr'><strong>re-</strong></span> 
     </span>
    </p>
   </div>
   <div class='ocr_carea' id='block_1_75' title="bbox 924 1410 1708 1446">
    <p class='ocr_par' dir='ltr' id='par_1_75' title="bbox 924 1410 1708 1446">
     <span class='ocr_line' id='line_1_75' title="bbox 924 1410 1708 1446; baseline 0.009 -11"><span class='ocrx_word' id='word_1_652' title='bbox 924 1410 1080 1437; x_wconf 80' lang='lat' dir='ltr'><strong>dimendum</strong></span> <span class='ocrx_word' id='word_1_653' title='bbox 1098 1417 1123 1438; x_wconf 94' lang='lat' dir='ltr'><strong>te</strong></span> <span class='ocrx_word' id='word_1_654' title='bbox 1146 1420 1152 1438; x_wconf 86' lang='lat'>:</span> <span class='ocrx_word' id='word_1_655' title='bbox 1178 1412 1242 1446; x_wconf 88' lang='lat' dir='ltr'><strong>quia</strong></span> <span class='ocrx_word' id='word_1_656' title='bbox 1265 1412 1362 1440; x_wconf 85' lang='lat' dir='ltr'><strong>faciant</strong></span> <span class='ocrx_word' id='word_1_657' title='bbox 1389 1414 1656 1442; x_wconf 82' lang='lat' dir='ltr'><strong>consummationem</strong></span> <span class='ocrx_word' id='word_1_658' title='bbox 1681 1415 1708 1442; x_wconf 91' lang='lat' dir='ltr'><strong>in</strong></span> 
     </span>
    </p>
   </div>
   <div class='ocr_carea' id='block_1_76' title="bbox 924 1456 1708 1494">
    <p class='ocr_par' dir='ltr' id='par_1_76' title="bbox 924 1456 1708 1494">
     <span class='ocr_line' id='line_1_76' title="bbox 924 1456 1708 1494; baseline 0.004 -11"><span class='ocrx_word' id='word_1_659' title='bbox 924 1456 1052 1483; x_wconf 80' lang='lat' dir='ltr'><strong>omnibus</strong></span> <span class='ocrx_word' id='word_1_660' title='bbox 1081 1457 1222 1490; x_wconf 77' lang='lat' dir='ltr'><strong>gentibus,</strong></span> <span class='ocrx_word' id='word_1_661' title='bbox 1239 1458 1266 1484; x_wconf 90' lang='lat' dir='ltr'><strong>in</strong></span> <span class='ocrx_word' id='word_1_662' title='bbox 1283 1466 1353 1492; x_wconf 88' lang='lat' dir='ltr'><strong>quos</strong></span> <span class='ocrx_word' id='word_1_663' title='bbox 1370 1459 1484 1494; x_wconf 84' lang='lat' dir='ltr'><strong>dispersi</strong></span> <span class='ocrx_word' id='word_1_664' title='bbox 1510 1464 1536 1487; x_wconf 88' lang='lat' dir='ltr'><strong>te</strong></span> <span class='ocrx_word' id='word_1_665' title='bbox 1564 1460 1628 1487; x_wconf 92' lang='lat' dir='ltr'><strong>illuc</strong></span> <span class='ocrx_word' id='word_1_666' title='bbox 1644 1469 1651 1487; x_wconf 91' lang='lat'><strong>:</strong></span> <span class='ocrx_word' id='word_1_667' title='bbox 1683 1465 1708 1488; x_wconf 79' lang='lat' dir='ltr'><strong>te</strong></span> 
     </span>
    </p>
   </div>
   <div class='ocr_carea' id='block_1_77' title="bbox 885 1502 1708 1547">
    <p class='ocr_par' dir='ltr' id='par_1_77' title="bbox 885 1502 1708 1547">
     <span class='ocr_line' id='line_1_77' title="bbox 885 1502 1708 1547; baseline 0.006 -20"><span class='ocrx_word' id='word_1_668' title='bbox 885 1520 906 1547; x_wconf 67' lang='grc' dir='ltr'>ϐ</span> <span class='ocrx_word' id='word_1_669' title='bbox 925 1506 1016 1528; x_wconf 86' lang='lat' dir='ltr'><strong>autem</strong></span> <span class='ocrx_word' id='word_1_670' title='bbox 1039 1510 1093 1529; x_wconf 92' lang='lat' dir='ltr'><strong>non</strong></span> <span class='ocrx_word' id='word_1_671' title='bbox 1107 1502 1205 1530; x_wconf 79' lang='lat' dir='ltr'><strong>faciant</strong></span> <span class='ocrx_word' id='word_1_672' title='bbox 1224 1508 1248 1531; x_wconf 90' lang='lat' dir='ltr'><strong>te</strong></span> <span class='ocrx_word' id='word_1_673' title='bbox 1261 1505 1527 1533; x_wconf 87' lang='lat' dir='ltr'><strong>consummationem</strong></span> <span class='ocrx_word' id='word_1_674' title='bbox 1541 1511 1569 1534; x_wconf 88' lang='lat' dir='ltr'><strong>et</strong></span> <span class='ocrx_word' id='word_1_675' title='bbox 1583 1506 1708 1534; x_wconf 85' lang='lat' dir='ltr'><strong>erudiam</strong></span> 
     </span>
    </p>
   </div>
   <div class='ocr_carea' id='block_1_78' title="bbox 923 1546 1712 1586">
    <p class='ocr_par' dir='ltr' id='par_1_78' title="bbox 923 1546 1712 1586">
     <span class='ocr_line' id='line_1_78' title="bbox 923 1546 1712 1586; baseline 0.009 -15"><span class='ocrx_word' id='word_1_676' title='bbox 923 1551 948 1572; x_wconf 92' lang='lat' dir='ltr'><strong>te</strong></span> <span class='ocrx_word' id='word_1_677' title='bbox 962 1546 988 1572; x_wconf 95' lang='lat' dir='ltr'><strong>in</strong></span> <span class='ocrx_word' id='word_1_678' title='bbox 1002 1546 1149 1580; x_wconf 37' lang='lat' dir='ltr'><strong>ju&#39;lieium,</strong></span> <span class='ocrx_word' id='word_1_679' title='bbox 1167 1553 1194 1574; x_wconf 88' lang='lat' dir='ltr'><strong>et</strong></span> <span class='ocrx_word' id='word_1_680' title='bbox 1209 1548 1346 1583; x_wconf 90' lang='lat' dir='ltr'><strong>impunem</strong></span> <span class='ocrx_word' id='word_1_681' title='bbox 1362 1549 1526 1578; x_wconf 72' lang='lat' dir='ltr'><strong>dimittet-do</strong></span> <span class='ocrx_word' id='word_1_682' title='bbox 1541 1558 1597 1578; x_wconf 93' lang='lat' dir='ltr'><strong>non</strong></span> <span class='ocrx_word' id='word_1_683' title='bbox 1620 1551 1712 1586; x_wconf 88' lang='lat' dir='ltr'><strong>impu-</strong></span> 
     </span>
    </p>
   </div>
   <div class='ocr_carea' id='block_1_79' title="bbox 922 1591 1708 1627">
    <p class='ocr_par' dir='ltr' id='par_1_79' title="bbox 922 1591 1708 1627">
     <span class='ocr_line' id='line_1_79' title="bbox 922 1591 1708 1627; baseline 0.008 -9"><span class='ocrx_word' id='word_1_684' title='bbox 922 1600 984 1618; x_wconf 84' lang='lat' dir='ltr'><strong>nem</strong></span> <span class='ocrx_word' id='word_1_685' title='bbox 1010 1591 1146 1619; x_wconf 90' lang='lat' dir='ltr'><strong>dimittam</strong></span> <span class='ocrx_word' id='word_1_686' title='bbox 1168 1596 1194 1620; x_wconf 90' lang='lat' dir='ltr'><strong>te</strong></span> <span class='ocrx_word' id='word_1_687' title='bbox 1211 1593 1234 1627; x_wconf 83' lang='lat'><strong>2.</strong></span> <span class='ocrx_word' id='word_1_688' title='bbox 1262 1594 1305 1620; x_wconf 71' lang='lat' dir='ltr'><strong>l2.</strong></span> <span class='ocrx_word' id='word_1_689' title='bbox 1331 1595 1370 1627; x_wconf 79' lang='grc' dir='ltr'><strong>(ιι)</strong></span> <span class='ocrx_word' id='word_1_690' title='bbox 1393 1594 1439 1622; x_wconf 87' lang='lat' dir='ltr'><strong>Sic</strong></span> <span class='ocrx_word' id='word_1_691' title='bbox 1461 1595 1532 1623; x_wconf 79' lang='lat' dir='ltr'><strong>dixit</strong></span> <span class='ocrx_word' id='word_1_692' title='bbox 1553 1596 1708 1625; x_wconf 90' lang='lat' dir='ltr'><strong>Dominus:</strong></span> 
     </span>
    </p>
   </div>
   <div class='ocr_carea' id='block_1_80' title="bbox 923 1636 1708 1677">
    <p class='ocr_par' dir='ltr' id='par_1_80' title="bbox 923 1636 1708 1677">
     <span class='ocr_line' id='line_1_80' title="bbox 923 1636 1708 1677; baseline 0.009 -14"><span class='ocrx_word' id='word_1_693' title='bbox 923 1636 1044 1664; x_wconf 69' lang='lat' dir='ltr'><strong>Exeitari</strong></span> <span class='ocrx_word' id='word_1_694' title='bbox 1061 1639 1094 1671; x_wconf 85' lang='grc' dir='ltr'><strong>Χ</strong></span> <span class='ocrx_word' id='word_1_695' title='bbox 1109 1638 1322 1666; x_wconf 78' lang='lat' dir='ltr'><strong>eonfracﬁooem</strong></span> <span class='ocrx_word' id='word_1_696' title='bbox 1337 1644 1409 1667; x_wconf 86' lang='lat' dir='ltr'><strong>luant</strong></span> <span class='ocrx_word' id='word_1_697' title='bbox 1425 1640 1436 1674; x_wconf 88' lang='lat'><strong>2</strong></span> <span class='ocrx_word' id='word_1_698' title='bbox 1458 1649 1465 1667; x_wconf 94' lang='lat'><strong>:</strong></span> <span class='ocrx_word' id='word_1_699' title='bbox 1490 1641 1617 1669; x_wconf 86' lang='lat' dir='ltr'><strong>dolomsa</strong></span> <span class='ocrx_word' id='word_1_700' title='bbox 1632 1642 1708 1677; x_wconf 77' lang='lat' dir='ltr'><strong>plaga</strong></span> 
     </span>
    </p>
   </div>
   <div class='ocr_carea' id='block_1_81' title="bbox 923 1683 1708 1719">
    <p class='ocr_par' dir='ltr' id='par_1_81' title="bbox 923 1683 1708 1719">
     <span class='ocr_line' id='line_1_81' title="bbox 923 1683 1708 1719; baseline 0.008 -10"><span class='ocrx_word' id='word_1_701' title='bbox 923 1686 968 1709; x_wconf 90' lang='lat' dir='ltr'><strong>ttta</strong></span> <span class='ocrx_word' id='word_1_702' title='bbox 982 1692 988 1710; x_wconf 75' lang='grc' dir='ltr'><strong>ε</strong></span> <span class='ocrx_word' id='word_1_703' title='bbox 1006 1683 1047 1710; x_wconf 83' lang='lat' dir='ltr'><strong>l5.</strong></span> <span class='ocrx_word' id='word_1_704' title='bbox 1064 1691 1118 1710; x_wconf 87' lang='lat' dir='ltr'><strong>non</strong></span> <span class='ocrx_word' id='word_1_705' title='bbox 1134 1690 1184 1715; x_wconf 88' lang='lat' dir='ltr'><strong>est.</strong></span> <span class='ocrx_word' id='word_1_706' title='bbox 1202 1685 1360 1719; x_wconf 85' lang='lat' dir='ltr'><strong>quijudieet</strong></span> <span class='ocrx_word' id='word_1_707' title='bbox 1375 1685 1508 1719; x_wconf 88' lang='lat' dir='ltr'><strong>judicitim</strong></span> <span class='ocrx_word' id='word_1_708' title='bbox 1524 1695 1530 1713; x_wconf 91' lang='lat'>:</span> <span class='ocrx_word' id='word_1_709' title='bbox 1545 1687 1572 1713; x_wconf 90' lang='lat' dir='ltr'><strong>in</strong></span> <span class='ocrx_word' id='word_1_710' title='bbox 1586 1688 1708 1715; x_wconf 85' lang='lat' dir='ltr'><strong>dolorem</strong></span> 
     </span>
    </p>
   </div>
   <div class='ocr_carea' id='block_1_82' title="bbox 923 1730 1709 1764">
    <p class='ocr_par' dir='ltr' id='par_1_82' title="bbox 923 1730 1709 1764">
     <span class='ocr_line' id='line_1_82' title="bbox 923 1730 1709 1764; baseline 0.006 -9"><span class='ocrx_word' id='word_1_711' title='bbox 923 1733 1018 1756; x_wconf 84' lang='lat' dir='ltr'><strong>sanata</strong></span> <span class='ocrx_word' id='word_1_712' title='bbox 1029 1737 1075 1756; x_wconf 81' lang='lat' dir='ltr'><strong>es:</strong></span> <span class='ocrx_word' id='word_1_713' title='bbox 1091 1730 1130 1764; x_wconf 74' lang='lat' dir='ltr'><strong>(ar)</strong></span> <span class='ocrx_word' id='word_1_714' title='bbox 1148 1730 1253 1758; x_wconf 87' lang='lat' dir='ltr'><strong>utilitas</strong></span> <span class='ocrx_word' id='word_1_715' title='bbox 1271 1739 1324 1757; x_wconf 90' lang='lat' dir='ltr'><strong>non</strong></span> <span class='ocrx_word' id='word_1_716' title='bbox 1336 1736 1377 1758; x_wconf 81' lang='lat' dir='ltr'><strong>est</strong></span> <span class='ocrx_word' id='word_1_717' title='bbox 1390 1732 1448 1758; x_wconf 90' lang='lat' dir='ltr'><strong>tibi.</strong></span> <span class='ocrx_word' id='word_1_718' title='bbox 1463 1732 1504 1759; x_wconf 81' lang='grc'><strong>14.</strong></span> <span class='ocrx_word' id='word_1_719' title='bbox 1518 1732 1620 1760; x_wconf 89' lang='lat' dir='ltr'><strong>Omnes</strong></span> <span class='ocrx_word' id='word_1_720' title='bbox 1631 1733 1709 1760; x_wconf 76' lang='lat' dir='ltr'><strong>antici</strong></span> 
     </span>
    </p>
   </div>
   <div class='ocr_carea' id='block_1_83' title="bbox 923 1775 1709 1813">
    <p class='ocr_par' dir='ltr' id='par_1_83' title="bbox 923 1775 1709 1813">
     <span class='ocr_line' id='line_1_83' title="bbox 923 1775 1709 1813; baseline 0.006 -12"><span class='ocrx_word' id='word_1_721' title='bbox 923 1775 1171 1806; x_wconf 79' lang='lat' dir='ltr'><strong>tuioblitisunttui.</strong></span> <span class='ocrx_word' id='word_1_722' title='bbox 1185 1778 1218 1811; x_wconf 86' lang='grc' dir='ltr'><strong>Χ</strong></span> <span class='ocrx_word' id='word_1_723' title='bbox 1229 1777 1284 1811; x_wconf 84' lang='lat' dir='ltr'><strong>ipse</strong></span> <span class='ocrx_word' id='word_1_724' title='bbox 1298 1777 1309 1812; x_wconf 74' lang='grc' dir='ltr'>ζ</span> <span class='ocrx_word' id='word_1_725' title='bbox 1324 1777 1386 1812; x_wconf 87' lang='lat' dir='ltr'><strong>(sic)</strong></span> <span class='ocrx_word' id='word_1_726' title='bbox 1399 1786 1451 1805; x_wconf 93' lang='lat' dir='ltr'><strong>non</strong></span> <span class='ocrx_word' id='word_1_727' title='bbox 1465 1778 1709 1813; x_wconf 74' lang='lat' dir='ltr'><strong>interrogabuntde</strong></span> 
     </span>
    </p>
   </div>
   <div class='ocr_carea' id='block_1_84' title="bbox 922 1821 1710 1857">
    <p class='ocr_par' dir='ltr' id='par_1_84' title="bbox 922 1821 1710 1857">
     <span class='ocr_line' id='line_1_84' title="bbox 922 1821 1710 1857; baseline 0.004 -10"><span class='ocrx_word' id='word_1_728' title='bbox 922 1821 1041 1855; x_wconf 80' lang='lat' dir='ltr'><strong>tc;quia</strong></span> <span class='ocrx_word' id='word_1_729' title='bbox 1059 1822 1236 1856; x_wconf 90' lang='lat' dir='ltr'><strong>percussione</strong></span> <span class='ocrx_word' id='word_1_730' title='bbox 1253 1823 1355 1850; x_wconf 81' lang='lat' dir='ltr'><strong>inimici</strong></span> <span class='ocrx_word' id='word_1_731' title='bbox 1373 1823 1493 1857; x_wconf 87' lang='lat' dir='ltr'><strong>percussi</strong></span> <span class='ocrx_word' id='word_1_732' title='bbox 1508 1827 1545 1854; x_wconf 83' lang='lat' dir='ltr'><strong>te,</strong></span> <span class='ocrx_word' id='word_1_733' title='bbox 1561 1823 1710 1857; x_wconf 76' lang='lat' dir='ltr'><strong>disciplina</strong></span> 
     </span>
    </p>
   </div>
   <div class='ocr_carea' id='block_1_85' title="bbox 923 1867 1712 1903">
    <p class='ocr_par' dir='ltr' id='par_1_85' title="bbox 923 1867 1712 1903">
     <span class='ocr_line' id='line_1_85' title="bbox 923 1867 1712 1903; baseline 0.003 -9"><span class='ocrx_word' id='word_1_734' title='bbox 923 1867 993 1894; x_wconf 87' lang='lat' dir='ltr'><strong>dura</strong></span> <span class='ocrx_word' id='word_1_735' title='bbox 1017 1875 1099 1901; x_wconf 87' lang='lat' dir='ltr'><strong>super</strong></span> <span class='ocrx_word' id='word_1_736' title='bbox 1120 1875 1228 1894; x_wconf 87' lang='lat' dir='ltr'><strong>omnem</strong></span> <span class='ocrx_word' id='word_1_737' title='bbox 1245 1868 1418 1902; x_wconf 85' lang='lat' dir='ltr'><strong>iniquitatem</strong></span> <span class='ocrx_word' id='word_1_738' title='bbox 1445 1873 1517 1896; x_wconf 86' lang='lat' dir='ltr'><strong>luant</strong></span> <span class='ocrx_word' id='word_1_739' title='bbox 1533 1869 1712 1903; x_wconf 83' lang='lat' dir='ltr'><strong>multiplicata</strong></span> 
     </span>
    </p>
   </div>
   <div class='ocr_carea' id='block_1_86' title="bbox 923 1913 1711 1948">
    <p class='ocr_par' dir='ltr' id='par_1_86' title="bbox 923 1913 1711 1948">
     <span class='ocr_line' id='line_1_86' title="bbox 923 1913 1711 1948; baseline -0.001 -8"><span class='ocrx_word' id='word_1_740' title='bbox 923 1918 988 1940; x_wconf 88' lang='lat' dir='ltr'><strong>sunt</strong></span> <span class='ocrx_word' id='word_1_741' title='bbox 1003 1917 1114 1947; x_wconf 79' lang='lat' dir='ltr'><strong>peccata</strong></span> <span class='ocrx_word' id='word_1_742' title='bbox 1136 1918 1192 1941; x_wconf 89' lang='lat' dir='ltr'><strong>tua.</strong></span> <span class='ocrx_word' id='word_1_743' title='bbox 1212 1913 1256 1940; x_wconf 82' lang='lat' dir='ltr'><strong>l5.</strong></span> <span class='ocrx_word' id='word_1_744' title='bbox 1272 1915 1306 1948; x_wconf 82' lang='grc' dir='ltr'><strong>Χ</strong></span> <span class='ocrx_word' id='word_1_745' title='bbox 1319 1913 1409 1946; x_wconf 86' lang='lat' dir='ltr'><strong>Quare</strong></span> <span class='ocrx_word' id='word_1_746' title='bbox 1427 1914 1530 1941; x_wconf 86' lang='lat' dir='ltr'><strong>clamas</strong></span> <span class='ocrx_word' id='word_1_747' title='bbox 1545 1921 1627 1948; x_wconf 82' lang='lat' dir='ltr'><strong>super</strong></span> <span class='ocrx_word' id='word_1_748' title='bbox 1647 1922 1711 1941; x_wconf 84' lang='lat' dir='ltr'><strong>eon-</strong></span> 
     </span>
    </p>
   </div>
   <div class='ocr_carea' id='block_1_87' title="bbox 924 1959 1711 1993">
    <p class='ocr_par' dir='ltr' id='par_1_87' title="bbox 924 1959 1711 1993">
     <span class='ocr_line' id='line_1_87' title="bbox 924 1959 1711 1993; baseline 0.001 -8"><span class='ocrx_word' id='word_1_749' title='bbox 924 1959 1084 1986; x_wconf 84' lang='lat' dir='ltr'><strong>fractionem</strong></span> <span class='ocrx_word' id='word_1_750' title='bbox 1102 1959 1198 1985; x_wconf 88' lang='lat' dir='ltr'><strong>tuam?</strong></span> <span class='ocrx_word' id='word_1_751' title='bbox 1212 1959 1316 1986; x_wconf 82' lang='lat' dir='ltr'><strong>violetis</strong></span> <span class='ocrx_word' id='word_1_752' title='bbox 1328 1959 1406 1985; x_wconf 91' lang='lat' dir='ltr'><strong>dolor</strong></span> <span class='ocrx_word' id='word_1_753' title='bbox 1421 1963 1483 1985; x_wconf 89' lang='lat' dir='ltr'><strong>tuus</strong></span> <span class='ocrx_word' id='word_1_754' title='bbox 1494 1964 1604 1993; x_wconf 83' lang='lat' dir='ltr'><strong>propter</strong></span> <span class='ocrx_word' id='word_1_755' title='bbox 1619 1959 1711 1986; x_wconf 89' lang='lat' dir='ltr'><strong>multi-</strong></span> 
     </span>
    </p>
   </div>
   <div class='ocr_carea' id='block_1_88' title="bbox 924 2003 1711 2038">
    <p class='ocr_par' dir='ltr' id='par_1_88' title="bbox 924 2003 1711 2038">
     <span class='ocr_line' id='line_1_88' title="bbox 924 2003 1711 2038; baseline 0.001 -9"><span class='ocrx_word' id='word_1_756' title='bbox 924 2003 1045 2030; x_wconf 83' lang='lat' dir='ltr'><strong>tudinem</strong></span> <span class='ocrx_word' id='word_1_757' title='bbox 1073 2003 1248 2037; x_wconf 89' lang='lat' dir='ltr'><strong>iiiiquitatum</strong></span> <span class='ocrx_word' id='word_1_758' title='bbox 1274 2007 1382 2030; x_wconf 84' lang='lat' dir='ltr'><strong>tuarum</strong></span> <span class='ocrx_word' id='word_1_759' title='bbox 1410 2011 1418 2029; x_wconf 88' lang='lat'><strong>:</strong></span> <span class='ocrx_word' id='word_1_760' title='bbox 1441 2004 1514 2038; x_wconf 78' lang='lat' dir='ltr'><strong>quod</strong></span> <span class='ocrx_word' id='word_1_761' title='bbox 1540 2003 1711 2030; x_wconf 83' lang='lat' dir='ltr'><strong>invalucruut</strong></span> 
     </span>
    </p>
   </div>
   <div class='ocr_carea' id='block_1_89' title="bbox 924 2047 1712 2083">
    <p class='ocr_par' dir='ltr' id='par_1_89' title="bbox 924 2047 1712 2083">
     <span class='ocr_line' id='line_1_89' title="bbox 924 2047 1712 2083; baseline 0.001 -9"><span class='ocrx_word' id='word_1_762' title='bbox 924 2052 1034 2082; x_wconf 87' lang='lat' dir='ltr'><strong>peccata</strong></span> <span class='ocrx_word' id='word_1_763' title='bbox 1055 2053 1113 2079; x_wconf 84' lang='lat' dir='ltr'><strong>tua,</strong></span> <span class='ocrx_word' id='word_1_764' title='bbox 1133 2047 1256 2074; x_wconf 83' lang='lat' dir='ltr'><strong>fecerunt</strong></span> <span class='ocrx_word' id='word_1_765' title='bbox 1275 2048 1332 2074; x_wconf 65' lang='lat' dir='ltr'><strong>haec</strong></span> <span class='ocrx_word' id='word_1_766' title='bbox 1355 2047 1402 2074; x_wconf 92' lang='lat' dir='ltr'><strong>tibi</strong></span> <span class='ocrx_word' id='word_1_767' title='bbox 1424 2048 1446 2082; x_wconf 68' lang='grc' dir='ltr'><strong>ζ.</strong></span> <span class='ocrx_word' id='word_1_768' title='bbox 1469 2048 1513 2074; x_wconf 83' lang='grc'><strong>16.</strong></span> <span class='ocrx_word' id='word_1_769' title='bbox 1529 2047 1643 2083; x_wconf 81' lang='lat' dir='ltr'><strong>Propter</strong></span> <span class='ocrx_word' id='word_1_770' title='bbox 1659 2048 1712 2075; x_wconf 86' lang='lat' dir='ltr'><strong>hoc</strong></span> 
     </span>
    </p>
   </div>
   <div class='ocr_carea' id='block_1_90' title="bbox 924 2092 1712 2127">
    <p class='ocr_par' dir='ltr' id='par_1_90' title="bbox 924 2092 1712 2127">
     <span class='ocr_line' id='line_1_90' title="bbox 924 2092 1712 2127; baseline 0 -7"><span class='ocrx_word' id='word_1_771' title='bbox 924 2101 1031 2124; x_wconf 87' lang='lat' dir='ltr'><strong>omnes,</strong></span> <span class='ocrx_word' id='word_1_772' title='bbox 1047 2093 1092 2127; x_wconf 89' lang='lat' dir='ltr'><strong>qui</strong></span> <span class='ocrx_word' id='word_1_773' title='bbox 1111 2093 1258 2119; x_wconf 87' lang='lat' dir='ltr'><strong>comedunt</strong></span> <span class='ocrx_word' id='word_1_774' title='bbox 1277 2097 1312 2124; x_wconf 91' lang='lat' dir='ltr'><strong>te,</strong></span> <span class='ocrx_word' id='word_1_775' title='bbox 1328 2092 1508 2119; x_wconf 89' lang='lat' dir='ltr'><strong>comedentur</strong></span> <span class='ocrx_word' id='word_1_776' title='bbox 1532 2101 1540 2119; x_wconf 90' lang='lat'><strong>:</strong></span> <span class='ocrx_word' id='word_1_777' title='bbox 1565 2097 1592 2119; x_wconf 89' lang='lat' dir='ltr'><strong>et</strong></span> <span class='ocrx_word' id='word_1_778' title='bbox 1617 2099 1712 2120; x_wconf 90' lang='lat' dir='ltr'><strong>omnes</strong></span> 
     </span>
    </p>
   </div>
   <div class='ocr_carea' id='block_1_91' title="bbox 925 2137 1710 2173">
    <p class='ocr_par' dir='ltr' id='par_1_91' title="bbox 925 2137 1710 2173">
     <span class='ocr_line' id='line_1_91' title="bbox 925 2137 1710 2173; baseline 0 -8"><span class='ocrx_word' id='word_1_779' title='bbox 925 2139 961 2173; x_wconf 76' lang='grc' dir='ltr'><strong>(υ)</strong></span> <span class='ocrx_word' id='word_1_780' title='bbox 986 2139 1090 2166; x_wconf 81' lang='lat' dir='ltr'><strong>inimici</strong></span> <span class='ocrx_word' id='word_1_781' title='bbox 1110 2139 1146 2165; x_wconf 90' lang='lat' dir='ltr'><strong>tui</strong></span> <span class='ocrx_word' id='word_1_782' title='bbox 1167 2146 1278 2166; x_wconf 86' lang='lat' dir='ltr'><strong>carnem</strong></span> <span class='ocrx_word' id='word_1_783' title='bbox 1296 2145 1373 2165; x_wconf 86' lang='lat' dir='ltr'><strong>suam</strong></span> <span class='ocrx_word' id='word_1_784' title='bbox 1403 2144 1512 2164; x_wconf 88' lang='lat' dir='ltr'><strong>onmem</strong></span> <span class='ocrx_word' id='word_1_785' title='bbox 1536 2137 1680 2165; x_wconf 70' lang='lat' dir='ltr'><strong>comedi-nt</strong></span> <span class='ocrx_word' id='word_1_786' title='bbox 1703 2147 1710 2165; x_wconf 88' lang='lat'><strong>:</strong></span> 
     </span>
    </p>
   </div>
   <div class='ocr_carea' id='block_1_92' title="bbox 84 2181 1713 2219">
    <p class='ocr_par' dir='ltr' id='par_1_92' title="bbox 84 2181 1713 2219">
     <span class='ocr_line' id='line_1_92' title="bbox 84 2181 1713 2219; baseline 0.001 -10"><span class='ocrx_word' id='word_1_787' title='bbox 84 2183 118 2209; x_wconf 86' lang='lat' dir='ltr'><strong>ad</strong></span> <span class='ocrx_word' id='word_1_788' title='bbox 135 2183 279 2210; x_wconf 71' lang='lat' dir='ltr'><strong>videndum</strong></span> <span class='ocrx_word' id='word_1_789' title='bbox 294 2184 375 2215; x_wconf 83' lang='lat' dir='ltr'><strong>bona,</strong></span> <span class='ocrx_word' id='word_1_790' title='bbox 395 2193 456 2218; x_wconf 70' lang='lat' dir='ltr'><strong>quin</strong></span> <span class='ocrx_word' id='word_1_791' title='bbox 474 2193 524 2219; x_wconf 72' lang='lat' dir='ltr'><strong>ego</strong></span> <span class='ocrx_word' id='word_1_792' title='bbox 544 2184 641 2212; x_wconf 88' lang='lat' dir='ltr'><strong>faciam</strong></span> <span class='ocrx_word' id='word_1_793' title='bbox 657 2184 744 2216; x_wconf 86' lang='lat' dir='ltr'><strong>vobis,</strong></span> <span class='ocrx_word' id='word_1_794' title='bbox 762 2186 795 2219; x_wconf 84' lang='grc' dir='ltr'><strong>Χ</strong></span> <span class='ocrx_word' id='word_1_795' title='bbox 811 2186 876 2212; x_wconf 78' lang='lat' dir='ltr'><strong>dicit</strong></span> <span class='ocrx_word' id='word_1_796' title='bbox 891 2181 914 2210; x_wconf 82' lang='lat' dir='ltr'><strong>D</strong></span> <span class='ocrx_word' id='word_1_797' title='bbox 930 2191 959 2212; x_wconf 84' lang='lat' dir='ltr'><strong>-t—</strong></span> <span class='ocrx_word' id='word_1_798' title='bbox 985 2192 1065 2218; x_wconf 74' lang='lat' dir='ltr'><strong>super</strong></span> <span class='ocrx_word' id='word_1_799' title='bbox 1083 2183 1284 2210; x_wconf 86' lang='lat' dir='ltr'><strong>multitudinem</strong></span> <span class='ocrx_word' id='word_1_800' title='bbox 1306 2182 1482 2217; x_wconf 88' lang='lat' dir='ltr'><strong>iuiquitatum</strong></span> <span class='ocrx_word' id='word_1_801' title='bbox 1499 2186 1607 2210; x_wconf 84' lang='lat' dir='ltr'><strong>tuarum</strong></span> <span class='ocrx_word' id='word_1_802' title='bbox 1624 2183 1713 2210; x_wconf 86' lang='lat' dir='ltr'><strong>multi-</strong></span> 
     </span>
    </p>
   </div>
   <div class='ocr_carea' id='block_1_93' title="bbox 87 2228 875 2265">
    <p class='ocr_par' dir='ltr' id='par_1_93' title="bbox 87 2228 875 2265">
     <span class='ocr_line' id='line_1_93' title="bbox 87 2228 875 2265; baseline 0.004 -11"><span class='ocrx_word' id='word_1_803' title='bbox 87 2228 233 2260; x_wconf 82' lang='lat' dir='ltr'><strong>Dominus,</strong></span> <span class='ocrx_word' id='word_1_804' title='bbox 261 2229 324 2264; x_wconf 88' lang='lat' dir='ltr'><strong>quia</strong></span> <span class='ocrx_word' id='word_1_805' title='bbox 345 2231 574 2258; x_wconf 86' lang='lat' dir='ltr'><strong>machinationem</strong></span> <span class='ocrx_word' id='word_1_806' title='bbox 598 2231 706 2258; x_wconf 87' lang='lat' dir='ltr'><strong>loculus</strong></span> <span class='ocrx_word' id='word_1_807' title='bbox 734 2236 775 2258; x_wconf 85' lang='lat' dir='ltr'><strong>est</strong></span> <span class='ocrx_word' id='word_1_808' title='bbox 793 2238 875 2265; x_wconf 89' lang='lat' dir='ltr'><strong>super</strong></span> 
     </span>
    </p>
   </div>
   <div class='ocr_carea' id='block_1_94' title="bbox 87 2275 234 2308">
    <p class='ocr_par' dir='ltr' id='par_1_94' title="bbox 87 2275 234 2308">
     <span class='ocr_line' id='line_1_94' title="bbox 87 2275 234 2308; baseline 0.007 -7"><span class='ocrx_word' id='word_1_809' title='bbox 87 2275 200 2302; x_wconf 91' lang='lat' dir='ltr'><strong>Domino</strong></span> <span class='ocrx_word' id='word_1_810' title='bbox 212 2276 234 2308; x_wconf 83' lang='lat'><strong>2.</strong></span> 
     </span>
    </p>
   </div>
   <div class='ocr_carea' id='block_1_95' title="bbox 118 2321 872 2357">
    <p class='ocr_par' dir='ltr' id='par_1_95' title="bbox 118 2321 872 2357">
     <span class='ocr_line' id='line_1_95' title="bbox 118 2321 872 2357; baseline 0.005 -10"><span class='ocrx_word' id='word_1_811' title='bbox 118 2321 185 2356; x_wconf 75' lang='lat' dir='ltr'><strong>Cap.</strong></span> <span class='ocrx_word' id='word_1_812' title='bbox 203 2321 362 2349; x_wconf 61' lang='lat' dir='ltr'><strong>xxx—1.</strong></span> <span class='ocrx_word' id='word_1_813' title='bbox 377 2322 504 2354; x_wconf 87' lang='lat' dir='ltr'><strong>Verbum,</strong></span> <span class='ocrx_word' id='word_1_814' title='bbox 519 2322 592 2357; x_wconf 89' lang='lat' dir='ltr'><strong>quod</strong></span> <span class='ocrx_word' id='word_1_815' title='bbox 606 2321 708 2351; x_wconf 81' lang='lat' dir='ltr'><strong>factum</strong></span> <span class='ocrx_word' id='word_1_816' title='bbox 723 2328 764 2350; x_wconf 81' lang='lat' dir='ltr'><strong>est</strong></span> <span class='ocrx_word' id='word_1_817' title='bbox 779 2322 812 2350; x_wconf 86' lang='lat' dir='ltr'><strong>ad</strong></span> <span class='ocrx_word' id='word_1_818' title='bbox 826 2321 872 2351; x_wconf 85' lang='lat' dir='ltr'><strong>Je-</strong></span> 
     </span>
    </p>
   </div>
   <div class='ocr_carea' id='block_1_96' title="bbox 927 2226 1713 2264">
    <p class='ocr_par' dir='ltr' id='par_1_96' title="bbox 927 2226 1713 2264">
     <span class='ocr_line' id='line_1_96' title="bbox 927 2226 1713 2264; baseline -0.004 -8"><span class='ocrx_word' id='word_1_819' title='bbox 927 2230 1024 2264; x_wconf 88' lang='lat' dir='ltr'><strong>plieata</strong></span> <span class='ocrx_word' id='word_1_820' title='bbox 1041 2233 1102 2255; x_wconf 88' lang='lat' dir='ltr'><strong>sunt</strong></span> <span class='ocrx_word' id='word_1_821' title='bbox 1121 2233 1230 2262; x_wconf 83' lang='lat' dir='ltr'><strong>peeeata</strong></span> <span class='ocrx_word' id='word_1_822' title='bbox 1251 2232 1306 2259; x_wconf 86' lang='lat' dir='ltr'><strong>tua,</strong></span> <span class='ocrx_word' id='word_1_823' title='bbox 1330 2227 1453 2254; x_wconf 90' lang='lat' dir='ltr'><strong>fecerunt</strong></span> <span class='ocrx_word' id='word_1_824' title='bbox 1477 2227 1535 2254; x_wconf 67' lang='lat' dir='ltr'><strong>haec</strong></span> <span class='ocrx_word' id='word_1_825' title='bbox 1560 2227 1608 2254; x_wconf 93' lang='lat' dir='ltr'><strong>tibi</strong></span> <span class='ocrx_word' id='word_1_826' title='bbox 1631 2226 1643 2261; x_wconf 85' lang='lat'><strong>2</strong></span> <span class='ocrx_word' id='word_1_827' title='bbox 1661 2236 1668 2253; x_wconf 90' lang='lat'><strong>:</strong></span> <span class='ocrx_word' id='word_1_828' title='bbox 1686 2231 1713 2254; x_wconf 94' lang='lat' dir='ltr'><strong>et</strong></span> 
     </span>
    </p>
   </div>
   <div class='ocr_carea' id='block_1_97' title="bbox 926 2272 1711 2309">
    <p class='ocr_par' dir='ltr' id='par_1_97' title="bbox 926 2272 1711 2309">
     <span class='ocr_line' id='line_1_97' title="bbox 926 2272 1711 2309; baseline -0.006 -6"><span class='ocrx_word' id='word_1_829' title='bbox 926 2280 1016 2308; x_wconf 89' lang='lat' dir='ltr'><strong>erunt,</strong></span> <span class='ocrx_word' id='word_1_830' title='bbox 1038 2275 1084 2309; x_wconf 86' lang='lat' dir='ltr'><strong>qui</strong></span> <span class='ocrx_word' id='word_1_831' title='bbox 1112 2274 1229 2301; x_wconf 79' lang='lat' dir='ltr'><strong>illudnnt</strong></span> <span class='ocrx_word' id='word_1_832' title='bbox 1254 2273 1302 2300; x_wconf 90' lang='lat' dir='ltr'><strong>tibi</strong></span> <span class='ocrx_word' id='word_1_833' title='bbox 1331 2272 1356 2299; x_wconf 92' lang='lat' dir='ltr'><strong>in</strong></span> <span class='ocrx_word' id='word_1_834' title='bbox 1382 2272 1584 2302; x_wconf 84' lang='lat' dir='ltr'><strong>ludilit&#39;iuni.ct</strong></span> <span class='ocrx_word' id='word_1_835' title='bbox 1606 2279 1711 2303; x_wconf 85' lang='lat' dir='ltr'><strong>omnes,</strong></span> 
     </span>
    </p>
   </div>
   <div class='ocr_carea' id='block_1_98' title="bbox 926 2316 1709 2356">
    <p class='ocr_par' dir='ltr' id='par_1_98' title="bbox 926 2316 1709 2356">
     <span class='ocr_line' id='line_1_98' title="bbox 926 2316 1709 2356; baseline -0.004 -9"><span class='ocrx_word' id='word_1_836' title='bbox 926 2322 963 2356; x_wconf 83' lang='lat' dir='ltr'><strong>(z)</strong></span> <span class='ocrx_word' id='word_1_837' title='bbox 988 2320 1034 2356; x_wconf 90' lang='lat' dir='ltr'><strong>qui</strong></span> <span class='ocrx_word' id='word_1_838' title='bbox 1056 2319 1202 2355; x_wconf 67' lang='lat' dir='ltr'><strong>depraedati</strong></span> <span class='ocrx_word' id='word_1_839' title='bbox 1227 2323 1292 2346; x_wconf 90' lang='lat' dir='ltr'><strong>sunt</strong></span> <span class='ocrx_word' id='word_1_840' title='bbox 1319 2324 1356 2349; x_wconf 78' lang='lat' dir='ltr'><strong>te.</strong></span> <span class='ocrx_word' id='word_1_841' title='bbox 1375 2318 1448 2345; x_wconf 86' lang='lat' dir='ltr'><strong>dabo</strong></span> <span class='ocrx_word' id='word_1_842' title='bbox 1473 2317 1500 2344; x_wconf 93' lang='lat' dir='ltr'><strong>iii</strong></span> <span class='ocrx_word' id='word_1_843' title='bbox 1519 2317 1647 2352; x_wconf 59' lang='lat' dir='ltr'><strong>priedam.</strong></span> <span class='ocrx_word' id='word_1_844' title='bbox 1669 2316 1709 2344; x_wconf 85' lang='grc' dir='ltr'><strong>Π.</strong></span> 
     </span>
    </p>
   </div>
   <div class='ocr_carea' id='block_1_99' title="bbox 122 2436 1711 2477">
    <p class='ocr_par' dir='ltr' id='par_1_99' title="bbox 122 2436 1711 2477">
     <span class='ocr_line' id='line_1_99' title="bbox 122 2436 1711 2477; baseline -0.004 -8"><span class='ocrx_word' id='word_1_845' title='bbox 122 2443 157 2475; x_wconf 72' lang='lat'><strong>(2)</strong></span> <span class='ocrx_word' id='word_1_846' title='bbox 177 2442 334 2469; x_wconf 78' lang='lat' dir='ltr'><strong>Audivistis.</strong></span> <span class='ocrx_word' id='word_1_847' title='bbox 374 2442 411 2476; x_wconf 83' lang='grc' dir='ltr'><strong>(α)</strong></span> <span class='ocrx_word' id='word_1_848' title='bbox 432 2441 559 2469; x_wconf 88' lang='lat' dir='ltr'><strong>Scholion</strong></span> <span class='ocrx_word' id='word_1_849' title='bbox 576 2442 636 2469; x_wconf 88' lang='lat' dir='ltr'><strong>eod.</strong></span> <span class='ocrx_word' id='word_1_850' title='bbox 653 2442 757 2477; x_wconf 86' lang='lat' dir='ltr'><strong>Syriaci</strong></span> <span class='ocrx_word' id='word_1_851' title='bbox 773 2440 884 2469; x_wconf 49' lang='lat' dir='ltr'><strong>{Allata</strong></span> <span class='ocrx_word' id='word_1_852' title='bbox 907 2442 952 2469; x_wconf 93' lang='lat' dir='ltr'><strong>hic</strong></span> <span class='ocrx_word' id='word_1_853' title='bbox 975 2440 1055 2467; x_wconf 87' lang='lat' dir='ltr'><strong>verba</strong></span> <span class='ocrx_word' id='word_1_854' title='bbox 1070 2439 1197 2477; x_wconf 60' lang='lat' dir='ltr'><strong>quaedam</strong></span> <span class='ocrx_word' id='word_1_855' title='bbox 1221 2437 1370 2477; x_wconf 75' lang='lat' dir='ltr'><strong>secundum</strong></span> <span class='ocrx_word' id='word_1_856' title='bbox 1389 2437 1527 2477; x_wconf 79' lang='lat' dir='ltr'><strong>Aquilam,</strong></span> <span class='ocrx_word' id='word_1_857' title='bbox 1546 2436 1711 2477; x_wconf 35' lang='lat' dir='ltr'><strong>utiuqti‘i‘dem</strong></span> 
     </span>
    </p>
   </div>
   <div class='ocr_carea' id='block_1_100' title="bbox 86 2472 1536 2517">
    <p class='ocr_par' dir='ltr' id='par_1_100' title="bbox 86 2472 1536 2517">
     <span class='ocr_line' id='line_1_100' title="bbox 86 2472 1536 2517; baseline -0.005 -12"><span class='ocrx_word' id='word_1_858' title='bbox 86 2472 130 2517; x_wconf 65' lang='lat' dir='ltr'><strong>iis.</strong></span> <span class='ocrx_word' id='word_1_859' title='bbox 143 2472 202 2517; x_wconf 66' lang='lat' dir='ltr'><strong>quae</strong></span> <span class='ocrx_word' id='word_1_860' title='bbox 219 2485 268 2517; x_wconf 49' lang='lat' dir='ltr'><strong>arx</strong></span> <span class='ocrx_word' id='word_1_861' title='bbox 285 2472 546 2517; x_wconf 48' lang='lat' dir='ltr'><strong>interpretesnpostea</strong></span> <span class='ocrx_word' id='word_1_862' title='bbox 561 2472 952 2517; x_wconf 28' lang='lat' dir='ltr'><strong>posucrtinlacongrpentiora,</strong></span> <span class='ocrx_word' id='word_1_863' title='bbox 967 2477 1004 2517; x_wconf 76' lang='lat' dir='ltr'><strong>ibi</strong></span> <span class='ocrx_word' id='word_1_864' title='bbox 1020 2472 1106 2515; x_wconf 77' lang='lat' dir='ltr'><strong>posita</strong></span> <span class='ocrx_word' id='word_1_865' title='bbox 1122 2478 1207 2517; x_wconf 42' lang='lat' dir='ltr'><strong>sunt;</strong></span> <span class='ocrx_word' id='word_1_866' title='bbox 1225 2474 1262 2508; x_wconf 80' lang='lat' dir='ltr'><strong>(li)</strong></span> <span class='ocrx_word' id='word_1_867' title='bbox 1281 2473 1324 2513; x_wconf 64' lang='grc' dir='ltr'><strong>ΑἸ</strong></span> <span class='ocrx_word' id='word_1_868' title='bbox 1342 2475 1368 2513; x_wconf 78' lang='lat' dir='ltr'><strong>in</strong></span> <span class='ocrx_word' id='word_1_869' title='bbox 1385 2472 1536 2517; x_wconf 45' lang='lat' dir='ltr'><strong>mendacio2</strong></span> 
     </span>
    </p>
   </div>
   <div class='ocr_carea' id='block_1_101' title="bbox 1575 2470 1711 2505">
    <p class='ocr_par' dir='ltr' id='par_1_101' title="bbox 1575 2470 1711 2505">
     <span class='ocr_line' id='line_1_101' title="bbox 1575 2470 1711 2505; baseline -0.007 -8"><span class='ocrx_word' id='word_1_870' title='bbox 1575 2470 1711 2505; x_wconf 56' lang='lat' dir='ltr'><strong>(&#39;jElIer,</strong></span> 
     </span>
    </p>
   </div>
   <div class='ocr_carea' id='block_1_102' title="bbox 86 2505 869 2549">
    <p class='ocr_par' dir='ltr' id='par_1_102' title="bbox 86 2505 865 2549">
     <span class='ocr_line' id='line_1_102' title="bbox 86 2505 865 2549; baseline -0.001 -10"><span class='ocrx_word' id='word_1_871' title='bbox 86 2505 278 2549; x_wconf 34' lang='grc' dir='ltr'><strong>ΑεζΙὶἰειΙξηυιςἱ</strong></span> <span class='ocrx_word' id='word_1_872' title='bbox 314 2505 479 2549; x_wconf 55' lang='grc' dir='ltr'><strong>(ε)’Λ..-8’.,</strong></span> <span class='ocrx_word' id='word_1_873' title='bbox 503 2505 615 2538; x_wconf 62' lang='grc' dir='ltr'><strong>θςεένὶι.</strong></span> <span class='ocrx_word' id='word_1_874' title='bbox 654 2512 694 2549; x_wconf 74' lang='lat' dir='ltr'><strong>(tl)_</strong></span> <span class='ocrx_word' id='word_1_875' title='bbox 714 2505 758 2544; x_wconf 73' lang='lat'><strong>.4.,</strong></span> <span class='ocrx_word' id='word_1_876' title='bbox 778 2505 865 2549; x_wconf 44' lang='lat' dir='ltr'><strong>tilcfas.</strong></span> 
     </span>
    </p>
   </div>
   <div class='ocr_carea' id='block_1_103' title="bbox 921 2505 1712 2549">
    <p class='ocr_par' dir='ltr' id='par_1_103' title="bbox 921 2505 1712 2549">
     <span class='ocr_line' id='line_1_103' title="bbox 921 2505 1712 2549; baseline -0.008 -11"><span class='ocrx_word' id='word_1_877' title='bbox 921 2505 1002 2549; x_wconf 42' lang='lat' dir='ltr'><strong>r)&#39;_A_.,</strong></span> <span class='ocrx_word' id='word_1_878' title='bbox 1018 2505 1166 2549; x_wconf 64' lang='lat' dir='ltr'><strong>sociorum.</strong></span> <span class='ocrx_word' id='word_1_879' title='bbox 1188 2505 1234 2540; x_wconf 46' lang='lat' dir='ltr'><strong>S.,&#39;</strong></span> <span class='ocrx_word' id='word_1_880' title='bbox 1247 2505 1376 2549; x_wconf 75' lang='lat' dir='ltr'><strong>proximi.</strong></span> <span class='ocrx_word' id='word_1_881' title='bbox 1467 2508 1513 2549; x_wconf 68' lang='grc' dir='ltr'><strong>ᾼ..</strong></span> <span class='ocrx_word' id='word_1_882' title='bbox 1528 2506 1611 2549; x_wconf 54' lang='lat' dir='ltr'><strong>S.,et</strong></span> <span class='ocrx_word' id='word_1_883' title='bbox 1630 2505 1712 2549; x_wconf 64' lang='lat' dir='ltr'><strong>locuti</strong></span> 
     </span>
    </p>
   </div>
   <div class='ocr_carea' id='block_1_104' title="bbox 87 2551 158 2575">
    <p class='ocr_par' dir='ltr' id='par_1_104' title="bbox 87 2551 158 2575">
     <span class='ocr_line' id='line_1_104' title="bbox 87 2551 158 2575; baseline 0.014 -4"><span class='ocrx_word' id='word_1_884' title='bbox 87 2551 158 2575; x_wconf 84' lang='lat' dir='ltr'><strong>sunt.</strong></span> 
     </span>
    </p>
   </div>
   <div class='ocr_carea' id='block_1_105' title="bbox 87 2652 385 2685">
    <p class='ocr_par' dir='ltr' id='par_1_105' title="bbox 87 2652 385 2685">
     <span class='ocr_line' id='line_1_105' title="bbox 87 2652 385 2685; baseline 0 -8"><span class='ocrx_word' id='word_1_885' title='bbox 87 2654 125 2684; x_wconf 76' lang='lat' dir='ltr'><strong>(ti)</strong></span> <span class='ocrx_word' id='word_1_886' title='bbox 147 2653 190 2681; x_wconf 83' lang='grc' dir='ltr'><strong>Α..</strong></span> <span class='ocrx_word' id='word_1_887' title='bbox 207 2660 298 2678; x_wconf 72' lang='lat' dir='ltr'><strong>semen</strong></span> <span class='ocrx_word' id='word_1_888' title='bbox 316 2652 385 2685; x_wconf 80' lang='lat' dir='ltr'><strong>ejus.</strong></span> 
     </span>
    </p>
   </div>
   <div class='ocr_carea' id='block_1_106' title="bbox 425 2651 876 2685">
    <p class='ocr_par' dir='ltr' id='par_1_106' title="bbox 425 2651 876 2685">
     <span class='ocr_line' id='line_1_106' title="bbox 425 2651 876 2685; baseline 0 -9"><span class='ocrx_word' id='word_1_889' title='bbox 425 2653 461 2682; x_wconf 81' lang='grc' dir='ltr'><strong>(ο)</strong></span> <span class='ocrx_word' id='word_1_890' title='bbox 484 2652 527 2682; x_wconf 83' lang='grc' dir='ltr'><strong>Α..</strong></span> <span class='ocrx_word' id='word_1_891' title='bbox 546 2651 588 2681; x_wconf 78' lang='grc'><strong>8.,</strong></span> <span class='ocrx_word' id='word_1_892' title='bbox 607 2659 666 2685; x_wconf 70' lang='lat' dir='ltr'><strong>qum</strong></span> <span class='ocrx_word' id='word_1_893' title='bbox 685 2651 790 2678; x_wconf 77' lang='lat' dir='ltr'><strong>locutus</strong></span> <span class='ocrx_word' id='word_1_894' title='bbox 805 2658 876 2677; x_wconf 89' lang='lat' dir='ltr'><strong>sum.</strong></span> 
     </span>
    </p>
   </div>
   <div class='ocr_carea' id='block_1_107' title="bbox 87 2687 318 2719">
    <p class='ocr_par' dir='ltr' id='par_1_107' title="bbox 87 2687 318 2719">
     <span class='ocr_line' id='line_1_107' title="bbox 87 2687 318 2719; baseline 0.004 -7"><span class='ocrx_word' id='word_1_895' title='bbox 87 2692 113 2712; x_wconf 79' lang='lat' dir='ltr'><strong>et</strong></span> <span class='ocrx_word' id='word_1_896' title='bbox 134 2687 318 2719; x_wconf 78' lang='lat' dir='ltr'><strong>possidebunt.</strong></span> 
     </span>
    </p>
   </div>
   <div class='ocr_carea' id='block_1_108' title="bbox 364 2686 800 2719">
    <p class='ocr_par' dir='ltr' id='par_1_108' title="bbox 364 2686 800 2719">
     <span class='ocr_line' id='line_1_108' title="bbox 364 2686 800 2719; baseline 0.005 -8"><span class='ocrx_word' id='word_1_897' title='bbox 364 2688 398 2719; x_wconf 74' lang='grc' dir='ltr'><strong>(δ)</strong></span> <span class='ocrx_word' id='word_1_898' title='bbox 420 2687 462 2715; x_wconf 75' lang='grc' dir='ltr'><strong>Α..</strong></span> <span class='ocrx_word' id='word_1_899' title='bbox 479 2691 566 2718; x_wconf 79' lang='lat' dir='ltr'><strong>stupui</strong></span> <span class='ocrx_word' id='word_1_900' title='bbox 576 2687 597 2712; x_wconf 87' lang='lat' dir='ltr'><strong>is</strong></span> <span class='ocrx_word' id='word_1_901' title='bbox 619 2686 773 2712; x_wconf 84' lang='lat' dir='ltr'><strong>audivimus</strong></span> <span class='ocrx_word' id='word_1_902' title='bbox 793 2695 800 2713; x_wconf 72' lang='grc' dir='ltr'><em>τ</em></span> 
     </span>
    </p>
   </div>
   <div class='ocr_carea' id='block_1_109' title="bbox 88 2719 1095 2753">
    <p class='ocr_par' dir='ltr' id='par_1_109' title="bbox 88 2719 1095 2753">
     <span class='ocr_line' id='line_1_109' title="bbox 88 2719 1095 2753; baseline -0.001 -7"><span class='ocrx_word' id='word_1_903' title='bbox 88 2721 178 2751; x_wconf 81' lang='lat' dir='ltr'><strong>alieni,</strong></span> <span class='ocrx_word' id='word_1_904' title='bbox 193 2723 238 2747; x_wconf 78' lang='lat' dir='ltr'><strong>sed</strong></span> <span class='ocrx_word' id='word_1_905' title='bbox 255 2721 342 2748; x_wconf 81' lang='lat' dir='ltr'><strong>colent</strong></span> <span class='ocrx_word' id='word_1_906' title='bbox 360 2721 501 2746; x_wconf 74' lang='lat' dir='ltr'><strong>ser-.itium</strong></span> <span class='ocrx_word' id='word_1_907' title='bbox 519 2721 631 2747; x_wconf 87' lang='lat' dir='ltr'><strong>Domino</strong></span> <span class='ocrx_word' id='word_1_908' title='bbox 648 2720 702 2746; x_wconf 84' lang='lat' dir='ltr'><strong>Deo</strong></span> <span class='ocrx_word' id='word_1_909' title='bbox 718 2729 777 2750; x_wconf 81' lang='lat' dir='ltr'><strong>suo,</strong></span> <span class='ocrx_word' id='word_1_910' title='bbox 804 2719 831 2746; x_wconf 85' lang='lat' dir='ltr'><strong>et</strong></span> <span class='ocrx_word' id='word_1_911' title='bbox 850 2720 940 2746; x_wconf 79' lang='lat' dir='ltr'><strong>Davidi</strong></span> <span class='ocrx_word' id='word_1_912' title='bbox 960 2719 1013 2753; x_wconf 73' lang='lat' dir='ltr'><strong>regi</strong></span> <span class='ocrx_word' id='word_1_913' title='bbox 1035 2727 1095 2745; x_wconf 79' lang='lat' dir='ltr'><strong>suo.</strong></span> 
     </span>
    </p>
   </div>
   <div class='ocr_carea' id='block_1_110' title="bbox 914 2650 1676 2685">
    <p class='ocr_par' dir='ltr' id='par_1_110' title="bbox 914 2650 1676 2685">
     <span class='ocr_line' id='line_1_110' title="bbox 914 2650 1676 2685; baseline -0.009 -7"><span class='ocrx_word' id='word_1_914' title='bbox 914 2651 952 2685; x_wconf 79' lang='lat' dir='ltr'><strong>(pi</strong></span> <span class='ocrx_word' id='word_1_915' title='bbox 971 2650 1158 2685; x_wconf 55' lang='lat' dir='ltr'><strong>Aversiouein.</strong></span> <span class='ocrx_word' id='word_1_916' title='bbox 1197 2650 1234 2683; x_wconf 82' lang='lat' dir='ltr'><strong>(q)</strong></span> <span class='ocrx_word' id='word_1_917' title='bbox 1256 2650 1300 2678; x_wconf 82' lang='grc' dir='ltr'><strong>Α.,</strong></span> <span class='ocrx_word' id='word_1_918' title='bbox 1322 2652 1349 2674; x_wconf 89' lang='lat' dir='ltr'><strong>ct</strong></span> <span class='ocrx_word' id='word_1_919' title='bbox 1365 2650 1514 2685; x_wconf 78' lang='lat' dir='ltr'><strong>collocabo.</strong></span> <span class='ocrx_word' id='word_1_920' title='bbox 1553 2650 1588 2680; x_wconf 85' lang='lat' dir='ltr'><strong>(r)</strong></span> <span class='ocrx_word' id='word_1_921' title='bbox 1609 2650 1676 2685; x_wconf 59' lang='lat' dir='ltr'><strong>A.,_:‘</strong></span> 
     </span>
    </p>
   </div>
   <div class='ocr_carea' id='block_1_111' title="bbox 827 2680 1713 2720">
    <p class='ocr_par' dir='ltr' id='par_1_111' title="bbox 827 2680 1713 2720">
     <span class='ocr_line' id='line_1_111' title="bbox 827 2680 1713 2720; baseline -0.007 -9"><span class='ocrx_word' id='word_1_922' title='bbox 827 2680 930 2720; x_wconf 63' lang='lat' dir='ltr'><strong>pavor.&quot;</strong></span> <span class='ocrx_word' id='word_1_923' title='bbox 957 2685 988 2719; x_wconf 82' lang='grc' dir='ltr'><strong>(ι)</strong></span> <span class='ocrx_word' id='word_1_924' title='bbox 1073 2691 1125 2710; x_wconf 91' lang='lat' dir='ltr'><strong>non</strong></span> <span class='ocrx_word' id='word_1_925' title='bbox 1147 2684 1172 2710; x_wconf 93' lang='lat' dir='ltr'><strong>in</strong></span> <span class='ocrx_word' id='word_1_926' title='bbox 1194 2680 1350 2720; x_wconf 67' lang='lat' dir='ltr'><strong>servitutem</strong></span> <span class='ocrx_word' id='word_1_927' title='bbox 1371 2681 1578 2720; x_wconf 56' lang='lat' dir='ltr'><strong>redigent_t-_uni</strong></span> <span class='ocrx_word' id='word_1_928' title='bbox 1597 2680 1713 2719; x_wconf 78' lang='lat' dir='ltr'><strong>amplius</strong></span> 
     </span>
    </p>
   </div>
   <div class='ocr_carea' id='block_1_112' title="bbox 198 2541 1714 2604">
    <p class='ocr_par' dir='ltr' id='par_1_112' title="bbox 198 2541 1714 2604">
     <span class='ocr_line' id='line_1_112' title="bbox 198 2541 1714 2604; baseline -0.005 -31"><span class='ocrx_word' id='word_1_929' title='bbox 198 2547 234 2581; x_wconf 71' lang='grc' dir='ltr'><strong>(ῃ)</strong></span> <span class='ocrx_word' id='word_1_930' title='bbox 256 2541 322 2573; x_wconf 67' lang='lat' dir='ltr'><strong>Meo.</strong></span> <span class='ocrx_word' id='word_1_931' title='bbox 339 2541 345 2547; x_wconf 89' lang='grc'><em>’</em></span> <span class='ocrx_word' id='word_1_932' title='bbox 360 2548 398 2579; x_wconf 82' lang='grc' dir='ltr'><strong>(Ιι)</strong></span> <span class='ocrx_word' id='word_1_933' title='bbox 420 2546 460 2577; x_wconf 83' lang='lat' dir='ltr'><strong>S.,</strong></span> <span class='ocrx_word' id='word_1_934' title='bbox 474 2541 504 2573; x_wconf 75' lang='grc' dir='ltr'><strong>ἰιι</strong></span> <span class='ocrx_word' id='word_1_935' title='bbox 517 2554 592 2574; x_wconf 84' lang='lat' dir='ltr'><strong>esses</strong></span> <span class='ocrx_word' id='word_1_936' title='bbox 605 2541 758 2581; x_wconf 71' lang='lat' dir='ltr'><strong>speculator</strong></span> <span class='ocrx_word' id='word_1_937' title='bbox 769 2546 868 2573; x_wconf 88' lang='lat' dir='ltr'><strong>domus</strong></span> <span class='ocrx_word' id='word_1_938' title='bbox 884 2541 990 2572; x_wconf 79' lang='lat' dir='ltr'><strong>Domini</strong></span> <span class='ocrx_word' id='word_1_939' title='bbox 1009 2545 1080 2580; x_wconf 87' lang='lat' dir='ltr'><strong>apud</strong></span> <span class='ocrx_word' id='word_1_940' title='bbox 1099 2551 1212 2585; x_wconf 75' lang='lat' dir='ltr'><strong>omnem</strong></span> <span class='ocrx_word' id='word_1_941' title='bbox 1230 2541 1317 2570; x_wconf 84' lang='lat' dir='ltr'><strong>virum</strong></span> <span class='ocrx_word' id='word_1_942' title='bbox 1332 2542 1527 2604; x_wconf 37' lang='lat' dir='ltr'><strong>Lprmdicentcm</strong></span> <span class='ocrx_word' id='word_1_943' title='bbox 1551 2546 1578 2568; x_wconf 89' lang='lat' dir='ltr'><strong>et</strong></span> <span class='ocrx_word' id='word_1_944' title='bbox 1598 2541 1714 2581; x_wconf 68' lang='lat' dir='ltr'><strong>prophe-</strong></span> 
     </span>
     <span class='ocr_line' id='line_1_113' title="bbox 212 2575 1713 2604; baseline 0 0"><span class='ocrx_word' id='word_1_945' title='bbox 212 2587 237 2604; x_wconf 89' lang='lat' dir='ltr'><strong>til</strong></span> <span class='ocrx_word' id='word_1_946' title='bbox 255 2582 401 2604; x_wconf 68' lang='lat' dir='ltr'><strong>t-niiiienri&#39;s</strong></span> <span class='ocrx_word' id='word_1_947' title='bbox 416 2590 477 2604; x_wconf 64' lang='lat' dir='ltr'><strong>eiiin</strong></span> <span class='ocrx_word' id='word_1_948' title='bbox 491 2583 516 2604; x_wconf 90' lang='lat' dir='ltr'><strong>in</strong></span> <span class='ocrx_word' id='word_1_949' title='bbox 532 2581 642 2604; x_wconf 75' lang='lat' dir='ltr'><strong>{inllllllll</strong></span> <span class='ocrx_word' id='word_1_950' title='bbox 659 2586 867 2604; x_wconf 75' lang='lat' dir='ltr'><strong>toriiioiiltiriitii.</strong></span> <span class='ocrx_word' id='word_1_951' title='bbox 879 2586 906 2604; x_wconf 75' lang='lat' dir='ltr'><strong>et</strong></span> <span class='ocrx_word' id='word_1_952' title='bbox 922 2581 972 2604; x_wconf 72' lang='lat' dir='ltr'><strong>stili</strong></span> <span class='ocrx_word' id='word_1_953' title='bbox 985 2588 1055 2604; x_wconf 75' lang='lat' dir='ltr'><strong>sera.</strong></span> <span class='ocrx_word' id='word_1_954' title='bbox 1095 2580 1126 2604; x_wconf 77' lang='lat' dir='ltr'><strong>fil</strong></span> <span class='ocrx_word' id='word_1_955' title='bbox 1146 2578 1189 2604; x_wconf 85' lang='grc' dir='ltr'><strong>Α..</strong></span> <span class='ocrx_word' id='word_1_956' title='bbox 1206 2586 1313 2604; x_wconf 84' lang='lat' dir='ltr'><strong>insano.</strong></span> <span class='ocrx_word' id='word_1_957' title='bbox 1356 2597 1374 2604; x_wconf 91' lang='lat'><strong>..</strong></span> <span class='ocrx_word' id='word_1_958' title='bbox 1388 2577 1504 2604; x_wconf 89' lang='lat' dir='ltr'><strong>oerdito.</strong></span> <span class='ocrx_word' id='word_1_959' title='bbox 1543 2576 1579 2604; x_wconf 64' lang='lat' dir='ltr'><strong>Uti</strong></span> <span class='ocrx_word' id='word_1_960' title='bbox 1598 2575 1713 2604; x_wconf 74' lang='grc' dir='ltr'><strong>Πειισηι.</strong></span> 
     </span>
    </p>
   </div>
   <div class='ocr_carea' id='block_1_113' title="bbox 87 2581 1055 2615">
    <p class='ocr_par' dir='ltr' id='par_1_113' title="bbox 87 2581 1055 2615">
     <span class='ocr_line' id='line_1_114' title="bbox 87 2581 1055 2615; baseline -0.002 -7"><span class='ocrx_word' id='word_1_961' title='bbox 87 2586 198 2610; x_wconf 77' lang='lat' dir='ltr'><strong>tanti-in.</strong></span> <span class='ocrx_word' id='word_1_962' title='bbox 212 2587 239 2608; x_wconf 90' lang='lat' dir='ltr'><strong>ut</strong></span> <span class='ocrx_word' id='word_1_963' title='bbox 255 2582 401 2615; x_wconf 76' lang='lat' dir='ltr'><strong>eonjieeres</strong></span> <span class='ocrx_word' id='word_1_964' title='bbox 416 2590 477 2608; x_wconf 72' lang='lat' dir='ltr'><strong>eum</strong></span> <span class='ocrx_word' id='word_1_965' title='bbox 491 2583 516 2608; x_wconf 94' lang='lat' dir='ltr'><strong>in</strong></span> <span class='ocrx_word' id='word_1_966' title='bbox 532 2581 643 2608; x_wconf 84' lang='lat' dir='ltr'><strong>dominii</strong></span> <span class='ocrx_word' id='word_1_967' title='bbox 659 2586 868 2613; x_wconf 84' lang='lat' dir='ltr'><strong>tormentorum,</strong></span> <span class='ocrx_word' id='word_1_968' title='bbox 879 2586 906 2607; x_wconf 85' lang='lat' dir='ltr'><strong>et</strong></span> <span class='ocrx_word' id='word_1_969' title='bbox 922 2581 972 2607; x_wconf 90' lang='lat' dir='ltr'><strong>sub</strong></span> <span class='ocrx_word' id='word_1_970' title='bbox 985 2588 1055 2607; x_wconf 78' lang='lat' dir='ltr'><strong>sera.</strong></span> 
     </span>
    </p>
   </div>
   <div class='ocr_carea' id='block_1_114' title="bbox 88 2616 962 2650">
    <p class='ocr_par' dir='ltr' id='par_1_114' title="bbox 88 2616 962 2650">
     <span class='ocr_line' id='line_1_115' title="bbox 88 2616 962 2650; baseline -0.001 -8"><span class='ocrx_word' id='word_1_971' title='bbox 88 2625 140 2643; x_wconf 90' lang='lat' dir='ltr'><strong>non</strong></span> <span class='ocrx_word' id='word_1_972' title='bbox 157 2616 300 2650; x_wconf 83' lang='lat' dir='ltr'><strong>inerepasti</strong></span> <span class='ocrx_word' id='word_1_973' title='bbox 321 2617 464 2643; x_wconf 79' lang='lat' dir='ltr'><strong>.lercmiani</strong></span> <span class='ocrx_word' id='word_1_974' title='bbox 488 2616 690 2642; x_wconf 83' lang='lat' dir='ltr'><strong>Anathothiten.</strong></span> <span class='ocrx_word' id='word_1_975' title='bbox 718 2616 862 2642; x_wconf 85' lang='lat' dir='ltr'><strong>Convitiati</strong></span> <span class='ocrx_word' id='word_1_976' title='bbox 887 2616 962 2642; x_wconf 77' lang='lat' dir='ltr'><strong>estis.</strong></span> 
     </span>
    </p>
   </div>
   <div class='ocr_carea' id='block_1_115' title="bbox 1095 2578 1313 2613">
    <p class='ocr_par' dir='ltr' id='par_1_115' title="bbox 1095 2578 1313 2613">
     <span class='ocr_line' id='line_1_116' title="bbox 1095 2578 1313 2613; baseline -0.005 -7"><span class='ocrx_word' id='word_1_977' title='bbox 1095 2580 1126 2613; x_wconf 87' lang='lat' dir='ltr'><strong>(i)</strong></span> <span class='ocrx_word' id='word_1_978' title='bbox 1146 2578 1189 2609; x_wconf 77' lang='grc' dir='ltr'><strong>Α..</strong></span> <span class='ocrx_word' id='word_1_979' title='bbox 1206 2578 1313 2605; x_wconf 85' lang='lat' dir='ltr'><strong>insano.</strong></span> 
     </span>
    </p>
   </div>
   <div class='ocr_carea' id='block_1_116' title="bbox 1001 2613 1293 2648">
    <p class='ocr_par' dir='ltr' id='par_1_116' title="bbox 1001 2613 1293 2648">
     <span class='ocr_line' id='line_1_117' title="bbox 1001 2613 1293 2648; baseline -0.01 -5"><span class='ocrx_word' id='word_1_980' title='bbox 1001 2615 1031 2648; x_wconf 91' lang='lat' dir='ltr'><strong>(I)</strong></span> <span class='ocrx_word' id='word_1_981' title='bbox 1053 2616 1097 2645; x_wconf 77' lang='grc' dir='ltr'><strong>Α..</strong></span> <span class='ocrx_word' id='word_1_982' title='bbox 1123 2613 1165 2644; x_wconf 82' lang='lat'><strong>8.,</strong></span> <span class='ocrx_word' id='word_1_983' title='bbox 1183 2613 1216 2640; x_wconf 86' lang='lat' dir='ltr'><strong>ad</strong></span> <span class='ocrx_word' id='word_1_984' title='bbox 1233 2621 1293 2640; x_wconf 87' lang='lat' dir='ltr'><strong>nos.</strong></span> 
     </span>
    </p>
   </div>
   <div class='ocr_carea' id='block_1_117' title="bbox 1197 2646 1514 2683">
    <p class='ocr_par' dir='ltr' id='par_1_117' title="bbox 1197 2646 1514 2683">
     <span class='ocr_line' id='line_1_118' title="bbox 1197 2646 1514 2683; baseline -0.016 -7"><span class='ocrx_word' id='word_1_985' title='bbox 1197 2648 1234 2683; x_wconf 82' lang='lat' dir='ltr'><strong>(q)</strong></span> <span class='ocrx_word' id='word_1_986' title='bbox 1256 2649 1300 2678; x_wconf 83' lang='grc' dir='ltr'><strong>Α.,</strong></span> <span class='ocrx_word' id='word_1_987' title='bbox 1322 2652 1349 2674; x_wconf 89' lang='lat' dir='ltr'><strong>et</strong></span> <span class='ocrx_word' id='word_1_988' title='bbox 1365 2646 1514 2683; x_wconf 80' lang='lat' dir='ltr'><strong>collocabo.</strong></span> 
     </span>
    </p>
   </div>
   <div class='ocr_carea' id='block_1_118' title="bbox 1356 2575 1713 2612">
    <p class='ocr_par' dir='ltr' id='par_1_118' title="bbox 1356 2575 1713 2612">
     <span class='ocr_line' id='line_1_119' title="bbox 1356 2575 1713 2612; baseline -0.011 -8"><span class='ocrx_word' id='word_1_989' title='bbox 1356 2597 1374 2608; x_wconf 82' lang='lat'><strong><em>..</em></strong></span> <span class='ocrx_word' id='word_1_990' title='bbox 1388 2577 1504 2612; x_wconf 89' lang='lat' dir='ltr'><strong>perdito.</strong></span> <span class='ocrx_word' id='word_1_991' title='bbox 1543 2576 1579 2608; x_wconf 77' lang='lat' dir='ltr'><strong>(It)</strong></span> <span class='ocrx_word' id='word_1_992' title='bbox 1598 2575 1713 2612; x_wconf 68' lang='lat' dir='ltr'><strong>Reliqui,</strong></span> 
     </span>
    </p>
   </div>
   <div class='ocr_carea' id='block_1_119' title="bbox 1332 2609 1713 2680">
    <p class='ocr_par' dir='ltr' id='par_1_119' title="bbox 1332 2609 1713 2680">
     <span class='ocr_line' id='line_1_120' title="bbox 1332 2609 1712 2646; baseline -0.005 -8"><span class='ocrx_word' id='word_1_993' title='bbox 1332 2611 1379 2646; x_wconf 86' lang='lat' dir='ltr'><strong>(in)</strong></span> <span class='ocrx_word' id='word_1_994' title='bbox 1390 2609 1444 2642; x_wconf 63' lang='grc' dir='ltr'><strong>’Λη</strong></span> <span class='ocrx_word' id='word_1_995' title='bbox 1462 2619 1543 2645; x_wconf 89' lang='lat' dir='ltr'><strong>super</strong></span> <span class='ocrx_word' id='word_1_996' title='bbox 1560 2609 1712 2637; x_wconf 86' lang='lat' dir='ltr'><strong>mendacio.</strong></span> 
     </span>
     <span class='ocr_line' id='line_1_121' title="bbox 1332 2643 1713 2680; baseline -0.013 -6"><span class='ocrx_word' id='word_1_997' title='bbox 1332 2652 1349 2674; x_wconf 85' lang='lat' dir='ltr'><strong>:t</strong></span> <span class='ocrx_word' id='word_1_998' title='bbox 1365 2646 1514 2674; x_wconf 83' lang='lat' dir='ltr'><strong>collocabo.</strong></span> <span class='ocrx_word' id='word_1_999' title='bbox 1553 2646 1588 2680; x_wconf 89' lang='lat' dir='ltr'><strong>(r)</strong></span> <span class='ocrx_word' id='word_1_1000' title='bbox 1609 2646 1654 2676; x_wconf 83' lang='lat' dir='ltr'><strong>A.,</strong></span> <span class='ocrx_word' id='word_1_1001' title='bbox 1671 2643 1713 2680; x_wconf 69' lang='grc'><strong>8.,</strong></span> 
     </span>
    </p>
   </div>
   <div class='ocr_carea' id='block_1_120' title="bbox 1134 2715 1712 2751">
    <p class='ocr_par' dir='ltr' id='par_1_120' title="bbox 1134 2715 1712 2751">
     <span class='ocr_line' id='line_1_122' title="bbox 1134 2715 1712 2751; baseline -0.007 -7"><span class='ocrx_word' id='word_1_1002' title='bbox 1134 2720 1173 2750; x_wconf 81' lang='grc' dir='ltr'><strong>(η)</strong></span> <span class='ocrx_word' id='word_1_1003' title='bbox 1194 2719 1237 2748; x_wconf 78' lang='grc' dir='ltr'><strong>Λ.,</strong></span> <span class='ocrx_word' id='word_1_1004' title='bbox 1257 2717 1386 2751; x_wconf 82' lang='lat' dir='ltr'><strong>quoniam</strong></span> <span class='ocrx_word' id='word_1_1005' title='bbox 1406 2716 1463 2743; x_wconf 73' lang='lat' dir='ltr'><strong>[nec</strong></span> <span class='ocrx_word' id='word_1_1006' title='bbox 1478 2715 1543 2742; x_wconf 90' lang='lat' dir='ltr'><strong>dicit</strong></span> <span class='ocrx_word' id='word_1_1007' title='bbox 1562 2715 1712 2742; x_wconf 86' lang='lat' dir='ltr'><strong>Dominus:</strong></span> 
     </span>
    </p>
   </div>
   <div class='ocr_carea' id='block_1_121' title="bbox 89 2751 1712 2789">
    <p class='ocr_par' dir='ltr' id='par_1_121' title="bbox 89 2751 1712 2789">
     <span class='ocr_line' id='line_1_123' title="bbox 89 2751 1712 2789; baseline -0.004 -8"><span class='ocrx_word' id='word_1_1008' title='bbox 89 2761 191 2782; x_wconf 72' lang='lat' dir='ltr'><strong>rt&#39;sel&#39;ltl</strong></span> <span class='ocrx_word' id='word_1_1009' title='bbox 206 2764 267 2789; x_wconf 76' lang='lat' dir='ltr'><strong>spes</strong></span> <span class='ocrx_word' id='word_1_1010' title='bbox 290 2756 483 2782; x_wconf 56' lang='lat' dir='ltr'><strong>eonfiat-tionis</strong></span> <span class='ocrx_word' id='word_1_1011' title='bbox 498 2761 549 2781; x_wconf 73' lang='lat' dir='ltr'><strong>line</strong></span> <span class='ocrx_word' id='word_1_1012' title='bbox 567 2767 571 2782; x_wconf 87' lang='lat'><strong>:</strong></span> <span class='ocrx_word' id='word_1_1013' title='bbox 587 2756 653 2781; x_wconf 80' lang='lat' dir='ltr'><strong>dura</strong></span> <span class='ocrx_word' id='word_1_1014' title='bbox 673 2756 748 2789; x_wconf 67' lang='lat' dir='ltr'><strong>plaga</strong></span> <span class='ocrx_word' id='word_1_1015' title='bbox 766 2760 809 2782; x_wconf 88' lang='lat' dir='ltr'><strong>tua</strong></span> <span class='ocrx_word' id='word_1_1016' title='bbox 826 2765 832 2782; x_wconf 92' lang='lat'>:</span> <span class='ocrx_word' id='word_1_1017' title='bbox 851 2763 904 2781; x_wconf 85' lang='lat' dir='ltr'><strong>non</strong></span> <span class='ocrx_word' id='word_1_1018' title='bbox 919 2760 969 2784; x_wconf 74' lang='lat' dir='ltr'><strong>est.</strong></span> <span class='ocrx_word' id='word_1_1019' title='bbox 990 2751 1035 2787; x_wconf 71' lang='lat' dir='ltr'><strong>qui</strong></span> <span class='ocrx_word' id='word_1_1020' title='bbox 1057 2753 1159 2786; x_wconf 73' lang='lat' dir='ltr'><strong>jlltiit’l&#39;l</strong></span> <span class='ocrx_word' id='word_1_1021' title='bbox 1174 2753 1205 2779; x_wconf 90' lang='lat' dir='ltr'><strong>ad</strong></span> <span class='ocrx_word' id='word_1_1022' title='bbox 1221 2751 1562 2789; x_wconf 47' lang='grc' dir='ltr'><strong>ιῃῌὶμτιιίοῃριιῃδίψὶιέιιιιιιι</strong></span> <span class='ocrx_word' id='word_1_1023' title='bbox 1592 2754 1712 2789; x_wconf 53' lang='grc' dir='ltr'><strong>ῑυψχιιιεξ.</strong></span> 
     </span>
    </p>
   </div>
   <div class='ocr_carea' id='block_1_122' title="bbox 89 2790 323 2824">
    <p class='ocr_par' dir='ltr' id='par_1_122' title="bbox 89 2790 323 2824">
     <span class='ocr_line' id='line_1_124' title="bbox 89 2790 323 2824; baseline 0.004 -8"><span class='ocrx_word' id='word_1_1024' title='bbox 89 2791 126 2824; x_wconf 76' lang='lat' dir='ltr'><strong>(c)</strong></span> <span class='ocrx_word' id='word_1_1025' title='bbox 147 2790 188 2821; x_wconf 80' lang='lat'><strong>8.,</strong></span> <span class='ocrx_word' id='word_1_1026' title='bbox 213 2791 323 2817; x_wconf 78' lang='lat' dir='ltr'><strong>sanitas.</strong></span> 
     </span>
    </p>
   </div>
   <div class='ocr_carea' id='block_1_123' title="bbox 89 2825 563 2860">
    <p class='ocr_par' dir='ltr' id='par_1_123' title="bbox 89 2825 563 2860">
     <span class='ocr_line' id='line_1_125' title="bbox 89 2825 563 2860; baseline 0 -9"><span class='ocrx_word' id='word_1_1027' title='bbox 89 2833 133 2860; x_wconf 83' lang='lat' dir='ltr'><strong>qui</strong></span> <span class='ocrx_word' id='word_1_1028' title='bbox 148 2826 279 2860; x_wconf 81' lang='lat' dir='ltr'><strong>diripiunt</strong></span> <span class='ocrx_word' id='word_1_1029' title='bbox 294 2831 319 2854; x_wconf 86' lang='lat' dir='ltr'><strong>te</strong></span> <span class='ocrx_word' id='word_1_1030' title='bbox 335 2826 360 2853; x_wconf 94' lang='lat' dir='ltr'><strong>iti</strong></span> <span class='ocrx_word' id='word_1_1031' title='bbox 376 2825 563 2860; x_wconf 83' lang='lat' dir='ltr'><strong>direptionem.</strong></span> 
     </span>
    </p>
   </div>
   <div class='ocr_carea' id='block_1_124' title="bbox 364 2785 1572 2825">
    <p class='ocr_par' dir='ltr' id='par_1_124' title="bbox 364 2785 1572 2825">
     <span class='ocr_line' id='line_1_126' title="bbox 364 2785 1572 2825; baseline -0.01 -1"><span class='ocrx_word' id='word_1_1032' title='bbox 364 2790 400 2824; x_wconf 78' lang='lat' dir='ltr'><strong>(tl)</strong></span> <span class='ocrx_word' id='word_1_1033' title='bbox 421 2790 465 2819; x_wconf 63' lang='lat' dir='ltr'><strong>IL.</strong></span> <span class='ocrx_word' id='word_1_1034' title='bbox 482 2790 523 2822; x_wconf 70' lang='grc'><strong>8.,</strong></span> <span class='ocrx_word' id='word_1_1035' title='bbox 546 2785 775 2825; x_wconf 55' lang='grc' dir='ltr'><strong>(νυνι-ρδθυὶυέἶυί</strong></span> <span class='ocrx_word' id='word_1_1036' title='bbox 798 2798 893 2818; x_wconf 79' lang='lat' dir='ltr'><strong>omnes</strong></span> <span class='ocrx_word' id='word_1_1037' title='bbox 919 2790 955 2817; x_wconf 87' lang='lat' dir='ltr'><strong>illi</strong></span> <span class='ocrx_word' id='word_1_1038' title='bbox 982 2785 1007 2817; x_wconf 87' lang='lat' dir='ltr'><strong>iii</strong></span> <span class='ocrx_word' id='word_1_1039' title='bbox 1025 2785 1206 2824; x_wconf 61' lang='lat' dir='ltr'><strong>captivitatem</strong></span> <span class='ocrx_word' id='word_1_1040' title='bbox 1230 2788 1316 2814; x_wconf 88' lang='lat' dir='ltr'><strong>ibunt.</strong></span> <span class='ocrx_word' id='word_1_1041' title='bbox 1335 2785 1376 2819; x_wconf 79' lang='lat'><strong>8.,</strong></span> <span class='ocrx_word' id='word_1_1042' title='bbox 1395 2785 1572 2813; x_wconf 86' lang='lat' dir='ltr'><strong>deducentur.</strong></span> 
     </span>
    </p>
   </div>
   <div class='ocr_carea' id='block_1_125' title="bbox 1623 2784 1713 2819">
    <p class='ocr_par' dir='ltr' id='par_1_125' title="bbox 1623 2784 1713 2819">
     <span class='ocr_line' id='line_1_127' title="bbox 1623 2784 1713 2819; baseline 0 0"><span class='ocrx_word' id='word_1_1043' title='bbox 1623 2784 1661 2819; x_wconf 73' lang='grc' dir='ltr'><strong>(ε)</strong></span> <span class='ocrx_word' id='word_1_1044' title='bbox 1682 2784 1713 2810; x_wconf 77' lang='lat' dir='ltr'><strong>s-</strong></span> 
     </span>
    </p>
   </div>
  </div>
