1919 3077
216 125 283 155 Ωόὕί

799 126 913 154 CODEX
933 125 1266 154 SYllO-IIEXAPLAIHS.

1770 126 1844 157 2352

218 187 286 219 Quia
302 185 435 213 adducam
453 184 490 219 (ιι)
504 185 673 211 sanationem
691 187 764 210 luam
785 193 791 210 :
808 191 822 210 ιι
838 184 913 218 plaga
928 184 1004 211 doln-
1018 187 1041 214 Α
1054 185 1178 214 claudus,
1189 183 1310 218 gravida,
1326 187 1354 210 et
1366 182 1474 218 pariens
1489 182 1586 211 simul:
1600 188 1688 211 cmtus
1697 186 1843 219 magnusz,

218 240 280 259 rosa
294 232 397 259 saltabo
417 236 453 262 te,
469 231 534 257 dicit
555 229 703 261 Dominus;
730 230 766 264 (b)
795 230 859 263 quia
880 230 1002 264 dispersa

216 283 312 304 vocata
325 285 365 304 es.
390 279 422 310 με(
445 276 510 303 Sion
528 277 585 303 haec
602 277 613 310 ζ
634 282 663 302 +
681 275 790 302 venatio
806 280 895 302 vestra
916 280 958 302 est
972 275 1000 309 2;

216 324 280 358 quia
298 323 345 358 qui
363 327 467 357 quaerat
482 330 552 354 eam,
571 325 689 348 nonest.
708 321 749 347 18.
767 321 803 355 (ε)
813 321 859 348 Sic
871 321 1003 348 dixitDe-

217 369 308 396 minus
326 376 335 396 :
351 368 420 395 Ecce
432 376 481 401 ego
493 368 619 394 reducam
631 367 856 401 demigratiouem
868 368 901 400 Ἀ(
913 371 1002 394 tento-

216 415 319 440 riorum
334 414 345 447 ζ
365 413 470 445 Jacobi,
482 418 509 439 et
531 412 569 447 id)
584 412 749 446 captivitatis
765 412 825 446 ejus
840 412 999 439 miserebor.

216 459 249 486 Et
269 459 448 486 :editicabitur
472 459 538 484 urbs
564 465 646 492 super
669 457 840 484 altitudinem
863 457 922 491 ejus
944 466 951 483 :
975 462 1003 484 et

214 504 344 537 templum
362 503 439 537 juxta
453 502 585 536 judicium
598 510 678 529 suum
693 503 806 530 sedebit.
824 503 867 529 19.
884 502 1001 537 ltiti-gre-

210 549 323 580 dientur
343 549 376 583 (ε)
394 555 426 575 ex
446 548 487 575 eis
508 547 688 580 celebrantes,
705 553 731 575 et
754 555 805 575 vox
824 548 973 575 ludentimn
990 557 998 575 ι

214 601 241 621 et
255 594 442 628 multiplicabo
454 602 511 624 eos,
526 599 553 620 et
564 601 617 620 nou
634 594 801 625 minuentur,
820 595 854 628 Χ
869 599 896 621 ct
913 593 1001 620 eﬂuu-

213 638 275 665 dam
294 646 353 669 eos,
374 643 401 664 et
418 645 471 664 non
498 638 576 672 pauci
596 638 743 665 reddentur
762 638 785 672 ζ.
800 637 845 664 20.
862 638 894 663 Et
910 638 1000 672 ingre-

213 684 322 710 dientur
342 683 389 710 lilii
413 690 519 714 eorum,
546 688 574 710 ut
599 688 678 710 antea
702 692 708 710 :
734 683 768 718 (Ῑ)
790 688 818 710 et
844 683 999 710 testimonia

213 736 308 755 eorum
324 733 387 755 ante
403 729 497 756 faciem
515 736 603 755 meam
626 729 778 764 dirigentur
801 738 807 755 :
830 733 857 755 et
883 729 1000 756 visitabo

214 774 247 807 Χ
263 781 344 807 super
364 781 460 801 omnes
483 773 512 807 ζ,
537 774 583 808 qui
610 773 731 808 allligunt
752 781 822 801 eos:
846 773 890 800 2|.
919 774 956 808 (ῃ)
973 780 1001 801 et

212 824 293 846 erunt
307 819 473 853 potentiores
488 826 520 845 eo
534 826 614 853 super
627 826 674 846 eos
689 828 695 845 :
709 823 737 845 et
751 819 877 853 princeps
892 819 952 854 ejus
966 827 998 847 ex

1057 234 1083 256 et
1098 233 1267 256 revertentur
1283 228 1346 255 huc.
1368 229 1394 255 9.
1419 227 1445 254 In
1463 227 1526 254 ﬂetu
1540 228 1676 260 exierunt,
1689 233 1716 256 et
1735 229 1763 255 iu
1777 237 1844 256 con-

1056 274 1190 302 solatione
1205 273 1336 300 adducam
1347 281 1394 300 eos
1402 273 1440 309 (ιι)
1456 273 1621 301 conﬁrmans
1633 275 1664 308 (·>
1675 282 1758 309 super
1768 275 1845 302 rivos

1057 325 1189 352 aquarum
1206 318 1233 345 in
1246 317 1290 344 via
1306 321 1389 349 recte,
1404 322 1431 345 et
1456 326 1510 345 non
1524 319 1655 346 errabunt
1669 319 1696 345 in
1714 327 1758 347 ea.
1772 319 1844 352 Quia

1056 363 1144 390 factus
1158 371 1218 390 sum
1236 362 1326 389 l~raeli
1343 363 1368 389 in
1386 367 1489 398 patrem
1505 373 1512 390 :
1526 367 1552 391 et
1570 363 1692 398 Ephrem
1703 365 1844 400 primoge-

1056 408 1130 436 nitus
1141 416 1216 435 meus
1234 414 1286 435 est.
1305 408 1345 435 10.
1359 408 1457 436 Audite
1467 409 1580 436 verbum
1602 409 1720 443 Domini,
1735 416 1844 445 gentes,

1054 459 1081 480 et
1103 454 1261 481 annuntiate
1285 453 1312 480 in
1337 453 1441 481 insulas
1459 454 1637 489 longinquas,
1663 455 1769 482 dicite:
1790 455 1844 488 Qui

1054 500 1195 527 ventilavit
1214 497 1352 531 lsraelem,
1376 499 1551 534 congregabit
1570 507 1645 532 eum,
1665 504 1692 527 et
1705 501 1845 527 custodiet

1054 552 1127 575 eum.
1143 544 1228 578 utqui
1242 544 1328 578 pascit
1341 552 1447 579 gregem
1466 551 1557 571 suum.
1575 545 1617 571 Η.
1642 544 1710 577 Quia
1728 544 1846 571 redemit

1055 590 1186 616 Dominus
1202 588 1345 620 Jacobum,
1362 589 1398 623 (ι)
1415 589 1539 616 liberavit
1551 596 1611 616 eum
1623 597 1639 616 c
1651 596 1735 615 manu
1746 589 1845 616 durio-

1054 636 1092 663 ris
1107 644 1140 662 co
1154 644 1160 662 :
1176 635 1217 662 12.
1231 640 1258 661 et
1274 635 1392 666 venient,
1404 639 1431 661 ct
1445 634 1619 664 Izetabuntur.
1633 635 1665 668 ὶε(
1680 638 1708 661 et
1720 635 1843 662 exsulta-

1054 683 1121 709 buut
1136 682 1145 716 ζ
1163 682 1199 716 (ιι)
1217 682 1243 708 in
1260 685 1350 708 monte
1364 681 1454 708 Sintiis
1477 689 1483 706 :
1502 685 1529 708 et
1546 682 1654 708 venient
1675 690 1759 716 super
1774 682 1845 709 bona

1054 728 1172 760 Domini,
1203 735 1285 762 super
1309 732 1408 754 terram
1427 726 1572 759 frumenti,
1597 733 1624 753 ct
1651 727 1728 758 viui,
1757 727 1797 761 (b)
1819 731 1846 754 et

1054 774 1183 804 fructum.
1209 778 1236 801 et
1264 773 1462 808 jumentorum,
1494 778 1522 800 et
1543 773 1647 805 ovium,
1675 778 1702 800 et
1729 773 1844 800 boum:

1053 826 1079 848 et
1103 821 1156 848 erit
1184 820 1274 847 anima
1305 827 1412 852 eorum,
1435 819 1470 853 (ε)
1498 824 1528 846 ιιι
1558 819 1670 854 lignum,
1693 818 1769 853 quod
1798 818 1846 846 dat

212 872 246 891 eo
264 864 428 898 egredietur.
445 864 483 898 (Ii)
510 863 543 890 Et
565 864 738 898 cungrcgabo
754 871 812 896 eos,
836 868 863 891 et
885 871 915 892 se
934 871 999 892 con-
1017 871 1036 900 Β
1052 866 1179 894 fruetus:
1204 871 1231 893 et
1248 873 1302 893 non
1327 866 1450 893 esurient
1469 865 1596 899 amplius.
1618 865 1660 892 13.
1679 864 1760 891 Tunc
1775 872 1844 899 gau-

212 914 318 936 verteut
333 911 365 936 ad
382 917 425 936 me
443 918 450 936 :
467 910 598 944 quoniam
613 910 676 944 quis
691 909 734 936 hic
754 914 806 941 est,
829 909 875 944 qui
894 910 1000 937 dederit

212 961 260 980 cor
275 961 354 980 suum
375 953 405 988 (i)
428 953 550 980 conwrti
569 953 602 980 ad
621 960 674 984 tlte,
703 954 736 986 Χ
763 953 829 979 dicit
850 952 1001 979 Dominus?

210 999 256 1025 2'2.
275 999 306 1025 Et
320 999 397 1025 eritis
414 999 482 1025 tnihi
504 999 529 1025 in
546 999 689 1033 populum,
708 1003 734 1024 rt.
748 1007 798 1033 ego
815 1006 863 1026 ero
879 998 958 1026 vobis
972 999 999 1025 in

212 1045 297 1071 Deum
311 1044 334 1077 ζ.
348 1044 394 1071 25.
413 1043 448 1079 (k)
464 1044 534 1076 Quia
550 1044 589 1071 ira
607 1043 714 1070 Domini
731 1043 879 1071 furibunda
889 1052 1000 1078 egressa

211 1095 253 1117 est
273 1099 279 1116 :
299 1098 410 1125 egressa
433 1095 475 1117 est
496 1091 547 1121 ira,
574 1097 636 1124 qua:
662 1095 770 1117 versata
793 1097 876 1124 super
901 1090 1000 1124 impios

213 1136 311 1163 veniet.
328 1136 373 1162 Ἡ.
391 1136 449 1162 Νοιι
470 1140 620 1162 revertetur
638 1136 677 1162 ira
697 1135 798 1163 furoris
817 1136 937 1168 Domini,
952 1136 1001 1162 do-

214 1189 264 1208 nec
297 1181 389 1214 faciat,
421 1188 446 1208 et
473 1182 561 1209 donec
592 1182 740 1208 constituat
774 1182 999 1216 prmparationem

211 1227 303 1254 cordis
314 1227 367 1254 sui.
384 1228 412 1253 ln
433 1228 484 1253 line
499 1227 604 1254 dierum
622 1227 792 1261 cognoscetis
806 1235 848 1253 ea.

246 1272 323 1298 CAP.
342 1271 504 1298 XXXl.—1.
520 1271 547 1298 ln
566 1276 687 1306 tempore
706 1272 752 1298 illo
767 1271 837 1298 dixit
854 1271 1000 1302 Dominus,

210 1320 264 1346 Ero
278 1319 304 1345 iIt
321 1318 404 1345 Deum
422 1318 453 1353 (ι)
477 1318 569 1352 generi
598 1317 715 1349 lsraelis,
732 1321 757 1344 et
783 1317 820 1344 illi
842 1317 999 1344 crunttnibi

212 1365 237 1390 in
251 1363 390 1398 populum.
407 1363 435 1389 '2.
454 1362 500 1389 Sic
518 1362 586 1389 dixit
609 1363 741 1389 Dominus
759 1372 766 1389 :
784 1363 875 1389 Inveni
891 1362 938 1398 (ιη)
956 1370 1001 1390 ca-

210 1409 295 1436 lidum
311 1409 460 1436 indcserto
480 1408 518 1443 (n)
540 1416 600 1435 cmn
620 1408 663 1439 iis,
686 1409 732 1442 qui
750 1408 887 1442 perierunt
901 1408 999 1442 gladio.

210 1453 258 1485 lle,
280 1459 306 1481 et
320 1462 353 1480 nc
365 1453 483 1488 perdatis
505 1453 629 1480 Israclem
647 1462 654 1480 ε
676 1454 704 1480 5.
723 1462 756 1480 cx
774 1454 925 1488 longinquo
950 1454 1002 1480 Do-

211 1501 303 1527 minus
329 1500 405 1527 visus
427 1505 469 1527 est
490 1501 525 1526 ei.
546 1500 704 1530 Dilectione.
723 1507 784 1534 quae
811 1500 836 1526 in
860 1500 1000 1531 saaculum,

1050 913 1154 939 dcbuut
1169 912 1289 946 virgines
1303 911 1341 945 (ιι)
1354 911 1380 937 in
1393 915 1467 937 coetu
1481 910 1708 942 adolescemium,
1721 914 1750 936 et
1764 917 1846 937 senes

1052 964 1082 987 σιτ
1099 957 1252 992 gaudebunt
1273 956 1284 990 ζ
1303 965 1310 982 ;
1330 960 1358 982 et
1377 960 1479 982 vertam
1497 955 1599 982 luctum
1615 963 1711 981 eorum
1730 955 1759 981 in
1776 963 1844 989 gau-

1050 1003 1135 1034 dium,
1158 1002 1193 1037 (e)
1214 1007 1241 1028 et
1256 1001 1354 1028 I'aeiam
1373 1008 1421 1028 eos
1442 1001 1563 1028 lzetantes
1586 1001 1619 1033 Β(
1640 1007 1655 1027 e
1676 1000 1845 1027 meroribus

1050 1056 1146 1076 eorum
1162 1049 1186 1082 ξ.
1203 1048 1244 1075 Η.
1258 1055 1288 1075 -ιπ
1299 1047 1477 1082 Magnilieabo
1488 1047 1511 1080 ζ,
1523 1047 1708 1073 ειιιίιιειιιήυΙιο
1721 1046 1845 1073 animam

1050 1094 1223 1122 sacerdotum
1244 1101 1273 1121 -ι-
1291 1093 1408 1120 ﬁliorum
1424 1092 1488 1119 Levi
1509 1092 1532 1125 ζ,
1548 1093 1581 1126 χ
1598 1092 1785 1126 pinguedine:
1798 1101 1806 1119 :
1819 1098 1845 1120 et

1051 1139 1167 1174 populus
1192 1146 1269 1166 meus
1298 1138 1377 1165 bonis
1403 1138 1471 1165 meis
1494 1138 1707 1170 saturabuntur,
1726 1139 1762 1170 Χ
1779 1138 1845 1165 dicit

1052 1185 1182 1212 Dominus
1194 1185 1218 1218 ζ.
1240 1185 1284 1211 15.
1303 1183 1349 1211 Sic
1367 1184 1436 1211 dixit
1459 1183 1611 1211 Dominus:
1630 1183 1687 1210 Vox
1708 1184 1737 1210 in
1759 1183 1844 1210 llam:

1050 1231 1142 1259 audita
1153 1235 1203 1264 est,
1219 1231 1252 1265 (Ι)
1271 1231 1441 1262 lamentatio,
1459 1235 1485 1257 et
1507 1229 1586 1257 ﬂetus
1604 1239 1611 1256 :
1633 1229 1735 1256 Rachel
1747 1230 1844 1264 deplo-

1052 1285 1116 1304 rans
1139 1283 1221 1311 super
1244 1276 1308 1303 tiliis
1327 1276 1384 1303 suis
1402 1283 1410 1303 :
1437 1283 1490 1303 non
1507 1275 1594 1303 voluit
1612 1275 1648 1310 lg)
1669 1276 1844 1310 requiescere

1053 1324 1086 1356 3K
1102 1330 1184 1356 super
1202 1322 1265 1350 ﬁliis
1285 1322 1342 1349 suis
1360 1322 1384 1356 ζ,
1401 1321 1467 1356 quia
1486 1329 1538 1348 non
1562 1327 1635 1348 sunt.
1654 1321 1697 1348 16.
1714 1321 1762 1348 Sic
1775 1321 1843 1348 dixit

1052 1368 1184 1395 Dominus
1207 1377 1214 1395 :
1247 1367 1365 1395 Desislat
1379 1375 1430 1394 vox
1456 1371 1501 1393 tua
1517 1374 1532 1393 a
1551 1367 1625 1399 ﬂetu,
1644 1371 1671 1393 ct
1684 1366 1758 1393 oculi
1775 1367 1814 1393 tui
1828 1375 1843 1394 a

1052 1415 1189 1448 lacrimis;
1211 1415 1276 1449 quia
1296 1418 1338 1441 est
1357 1421 1462 1441 merces
1482 1413 1557 1447 operi
1576 1417 1634 1446 tuo,
1656 1414 1689 1446 Χ
1709 1413 1776 1440 dicit
1791 1413 1842 1440 Do-

1051 1461 1143 1487 minus
1166 1461 1189 1494 ζ,
1216 1465 1243 1487 et
1274 1464 1445 1487 revertentur
1471 1466 1505 1485 ex
1533 1463 1604 1485 terra
1639 1459 1842 1485 inimicorum:

1053 1507 1085 1533 17
1103 1508 1136 1540 Χ
1150 1512 1175 1533 et
1191 1507 1244 1533 erit
1257 1513 1319 1540 spes
1330 1504 1497 1532 extremitati
1512 1509 1574 1536 tute,
1589 1504 1653 1531 dicit
1667 1503 1803 1531 Dominus
1818 1505 1842 1538 ζ,

210 1546 291 1572 dilexi
308 1550 333 1572 te
353 1555 360 1572 :
382 1550 492 1580 propter
509 1546 560 1572 hoc
580 1546 649 1572 ιτεκί
675 1549 700 1572 te
724 1546 757 1572 ad
783 1545 996 1572 misericordiam

1052 1552 1088 1587 (It)
1119 1552 1306 1586 permanentia
1336 1551 1398 1578 ﬁliis
1427 1551 1482 1578 tuis
1510 1551 1538 1577 in
1566 1550 1696 1577 terminos
1730 1557 1840 1576 eorum.

209 1592 424 1626 adipiscendam.
453 1593 480 1618 4.
512 1591 664 1618 JEdilicabo
693 1595 727 1622 te,
758 1596 785 1618 et
808 1591 995 1622 atditicaberis,

209 1641 286 1673 virgo
297 1639 404 1667 lsraelis
422 1648 428 1666 :
446 1639 483 1674 (υ)
501 1639 590 1666 adhuc
604 1647 728 1666 assumes
739 1644 895 1674 tympanum
909 1644 996 1670 tuum,

209 1689 237 1711 rt
252 1684 401 1718 egredieris
422 1684 460 1719 (ρ)
475 1692 538 1711 cum
555 1685 632 1711 turba
658 1684 819 1711 ludentium.
840 1684 867 1711 5.
893 1683 999 1711 llursus

209 1728 345 1762 plantabis
361 1728 455 1755 vineas
471 1728 499 1755 in
513 1734 605 1756 monte
620 1727 751 1755 Samaria:
769 1737 774 1755 :
791 1729 909 1762 plantate
923 1728 1000 1762 plan-

210 1774 337 1805 lationes.
352 1775 388 1809 (ιι)
407 1779 431 1800 et
449 1774 555 1801 laudate
573 1784 579 1801 :
605 1774 631 1800 6.
653 1774 716 1808 quia
733 1779 774 1801 est
788 1773 847 1801 dies
867 1774 903 1808 (ν)
918 1782 998 1801 voca-

209 1819 292 1846 tionis
307 1819 476 1846 dcl'cndentis
490 1827 617 1846 sermone
638 1819 664 1846 iu
687 1819 826 1846 montibus
852 1819 974 1854 Ephrazm
990 1828 997 1846 :

206 1864 323 1898 surgite,
350 1863 384 1898 (ι)
407 1867 434 1890 et
451 1864 589 1890 ascendite
609 1864 635 1890 in
661 1863 771 1890 Sionem
793 1864 826 1890 ad
852 1863 995 1890 Dominum

210 1908 295 1935 Deum
313 1913 445 1935 nostrum.
457 1908 483 1933 ’1.
497 1909 528 1941 (ι)
542 1907 588 1934 Sic
596 1908 665 1934 dixit
680 1908 810 1935 Dominus
823 1909 857 1942 >εν<
868 1907 996 1941 ιΙτιεοϋοζί

208 1953 249 1989 ('u)
266 1953 417 1985 Exsultate,
433 1953 572 1986 laetamini,
583 1957 610 1980 et
625 1953 729 1980 hinnite
740 1961 822 1988 super
837 1957 919 1988 caput
931 1961 999 1986 gen-

210 1999 277 2025 tium
296 2008 302 2025 :
320 1999 413 2026 audita
436 1998 527 2031 facite,
555 2005 582 2025 et
605 1999 723 2030 laudate,
748 1999 830 2025 dicite
849 2008 856 2026 :
880 1998 999 2025 Salvav'rt

209 2044 342 2071 Dominus
361 2045 488 2079 populum
509 2053 598 2076 suum,
612 2044 743 2079 reliquias
758 2043 876 2071 lsraelis.
889 2044 916 2071 8.
929 2043 999 2072 Ecce

208 2098 258 2125 ego
277 2090 384 2117 adduco
397 2098 444 2117 eos
459 2098 493 2117 ex
512 2091 650 2125 aquilone,
667 2095 694 2117 ct
708 2090 881 2125 congregabo
893 2097 941 2117 eos
959 2090 999 2125 (ω)

209 2137 243 2163 ab
254 2141 376 2163 extremo
387 2141 464 2163 terra:
482 2136 508 2163 in
526 2136 698 2163 solemnitate
714 2136 863 2170 paschatis;
879 2137 913 2169 Χ
928 2141 955 2163 et
965 2137 999 2163 ad

209 2183 363 2210 faciendum
379 2182 449 2210 lilios
465 2184 572 2210 turbam
594 2184 707 2210 multam
725 2192 732 2210 :
755 2183 781 2210 in
797 2184 838 2211 eis
851 2191 952 2216 caecus,
967 2188 994 2210 et

1051 1596 1094 1623 18.
1119 1596 1262 1623 Audiendo
1287 1595 1379 1622 audivi
1405 1595 1533 1630 Ephrzem
1554 1594 1583 1629 (i)
1605 1599 1841 1628 conquerentem:

1049 1642 1188 1676 castigasti
1201 1649 1254 1672 me.
1267 1647 1293 1668 et
1307 1642 1455 1676 castigatus
1468 1649 1528 1668 sum
1547 1650 1552 1667 :
1565 1645 1593 1668 ut
1607 1641 1709 1667 vitulus
1724 1640 1761 1674 (Ιι)
1787 1648 1841 1667 non

1049 1686 1141 1714 didici.
1169 1686 1304 1713 Converte
1333 1693 1386 1715 me,
1413 1690 1441 1712 et
1468 1689 1623 1715 convertar,
1642 1683 1707 1718 quia
1732 1688 1762 1710 tu
1785 1683 1839 1710 Do-

1050 1733 1141 1759 minus
1156 1732 1227 1759 Deus
1242 1739 1317 1758 meus
1334 1740 1341 1758 :
1358 1731 1401 1758 19.
1420 1731 1549 1766 quoniam
1565 1730 1595 1765 (Ι)
1618 1730 1651 1756 ad
1670 1730 1751 1756 tinent
1769 1737 1837 1764 cap-

1049 1778 1160 1805 tivitatis
1179 1785 1244 1804 mea:
1258 1777 1384 1811 paenituit
1401 1785 1454 1808 me,
1477 1777 1524 1811 (ιιι)
1542 1780 1570 1803 et
1589 1776 1622 1802 ad
1640 1776 1720 1802 tinem
1734 1782 1769 1802 ex
1785 1783 1840 1810 quo

1049 1823 1175 1858 cognovi,
1197 1823 1236 1857 (ιι)
1258 1822 1377 1857 ingcmui
1401 1830 1456 1856 pne
1472 1822 1516 1848 die
1538 1821 1660 1855 pudoris,
1677 1825 1705 1847 et
1730 1820 1840 1847 ostendi

1048 1869 1110 1899 tibi,
1124 1868 1196 1903 quod
1214 1868 1306 1902 accepi
1320 1867 1495 1902 opprobrium
1512 1867 1546 1893 ab
1564 1866 1750 1893 adolescentia
1769 1873 1840 1893 mea.

1048 1913 1094 1939 ‘20.
1113 1912 1148 1939 Es
1177 1912 1249 1939 (ilius
1270 1912 1306 1947 (ο)
1327 1912 1443 1939 dilectus
1466 1911 1534 1938 mihi
1560 1910 1697 1945 Ephnem:
1721 1911 1755 1943 x
1779 1909 1839 1942 es:

1048 1956 1180 1991 parvulus
1193 1956 1342 1989 delicatus;
1359 1956 1424 1990 quia
1438 1955 1477 1991 (ρ)
1489 1963 1538 1989 pro
1552 1963 1584 1982 eo
1598 1955 1670 1989 quod
1684 1954 1768 1981 verba
1781 1962 1840 1981 mea

1050 2003 1077 2030 in
1091 2011 1123 2030 e0
1137 2003 1185 2038 (II),
1209 2002 1378 2030 recordando
1395 2002 1560 2029 recordabar
1574 2001 1635 2035 ejus
1651 2001 1684 2034 Χ
1702 2000 1802 2026 iterum
1815 2000 1838 2033 1:

1049 2048 1085 2083 (ι’)
1106 2053 1217 2083 propter
1237 2048 1288 2075 hoc
1307 2048 1342 2083 (δ)
1362 2047 1487 2075 festinuvi
1503 2055 1587 2082 super
1609 2054 1651 2078 eo,
1678 2046 1839 2074 miserendo

1050 2093 1199 2120 miserebor
1215 2093 1284 2127 ejus,
1304 2092 1368 2120 dicit
1386 2092 1529 2119 Dominus.
1547 2092 1592 2119 21.
1614 2091 1759 2119 Constitue
1773 2092 1840 2125 teip-

1048 2146 1119 2169 sam.
1133 2140 1166 2172 χ(
1180 2138 1212 2174 (ι)
1230 2138 1417 2173 speculatores
1438 2137 1480 2165 fac
1495 2138 1542 2164 tibi
1563 2136 1613 2172 ipsi
1633 2137 1643 2171 ζ
1661 2139 1699 2171 (ιι)
1722 2137 1842 2172 punitio-

1049 2191 1124 2215 nem,
1136 2183 1170 2210 da
1187 2191 1234 2210 cor
1248 2188 1324 2210 tuum
1341 2183 1381 2218 (ω)
1399 2183 1426 2210 in
1446 2183 1575 2210 humeros
1591 2191 1598 2209 ε
1615 2183 1653 2216 (y)
1667 2182 1721 2213 via,
1738 2182 1767 2208 in
1787 2189 1840 2216 qua

243 2254 282 2288 ia)
294 2254 340 2290 11.,
352 2252 393 2284 S.,
402 2254 545 2290 sanitatem
558 2254 616 2280 tibi.
645 2253 682 2287 (b)
695 2253 736 2286 S.,
745 2254 923 2290 quiarremota
936 2259 1029 2281 vocata
1044 2262 1084 2282 es.
1114 2254 1149 2289 (ε)
1161 2254 1233 2282 llaec.
1263 2254 1302 2290 (τι)
1315 2254 1355 2286 S.,
1367 2254 1523 2281 diversoriis
1534 2253 1592 2288 ejus
1604 2258 1717 2290 gratiam
1730 2253 1840 2290 faciam.

209 2289 243 2323 (ε)
256 2290 298 2320 11.,
312 2288 355 2320 8.,
367 2296 399 2314 ex
413 2289 452 2324 eis
466 2289 615 2324 gratiarum
632 2289 714 2316 actio.
754 2289 787 2324 (Γ)
803 2289 847 2320 Α.,
867 2290 909 2320 8.,
923 2293 950 2316 et
962 2294 1059 2317 caelus.

207 2324 268 2363 ejus
285 2330 318 2363 εξ
329 2330 374 2363 eo.
398 2323 448 2363 '(li)
464 2323 509 2354 11.,
527 2323 568 2352 8..
581 2328 607 2350 et
621 2324 750 2363 accedere.
766 2324 862 2363 faciam
876 2332 948 2355 eum,
961 2329 988 2351 et
1003 2323 1117 2363 accedet
1128 2325 1162 2351 ad
1177 2332 1230 2351 me.
1269 2325 1300 2358 (i)
1316 2325 1365 2363 11.,
1381 2323 1554 2363 accedet-ead
1570 2331 1645 2363 me."
1663 2323 1671 2358 (

1099 2287 1190 2324 (9)78"
1203 2294 1229 2317 et
1241 2287 1297 2317 erit
1308 2290 1386 2316 fortis
1398 2291 1458 2323 ejus
1472 2297 1505 2316 ex
1520 2297 1562 2316 eo.
1578 2287 1622 2320 11.7,
1638 2292 1665 2314 et
1677 2287 1841 2324 ιιι-Πισαίων

1673 2322 1698 2351 Ir)
1719 2323 1766 2353 Α..
1779 2331 1842 2349 ecce

209 2359 286 2398 turbo
298 2357 416 2398 Domini“,
431 2358 481 2398 ira,
491 2365 554 2398 qua:
573 2359 737 2398 egredietur,
753 2359 868 2398 procella
881 2364 1014 2398 evetteus.
1032 2359 1072 2392 8.,
1083 2367 1145 2398 ecce
1157 2357 1303 2398 tempestas
1316 2359 1433 2385 Domini.
1462 2358 1549 2398 (011.,
1563 2357 1690 2398 omnibus
1701 2359 1841 2398 cogitatio-

208 2393 299 2419 nibus.
326 2392 373 2426 (ιιι)
395 2393 507 2426 Reliqui,
528 2394 652 2426 gratiam.

692 2393 730 2428 (η)
749 2394 792 2424 .-1.,
815 2394 928 2428 populus
954 2394 1057 2421 deletus
1073 2394 1173 2428 gladio,
1199 2392 1244 2428 qui
1261 2395 1326 2426 abit,
1352 2399 1380 2420 ut
1398 2392 1517 2427 requiem
1539 2396 1646 2427 prtcstct
1665 2392 1770 2419 ISraeli.
1799 2392 1839 2425 8.,

218 2427 340 2462 )opulum
357 2432 494 2454 servatum
516 2428 642 2462 agladio,
663 2429 709 2462 qui
729 2429 796 2458 abit.
811 2427 971 2462 utrequiem
991 2427 1100 2463 przestet
1116 2427 1218 2456 lsraelil
1257 2429 1295 2464 (υ)
1315 2429 1359 2461 Α.,
1376 2428 1527 2455 oruaberis.
1566 2428 1603 2463 (ρ)
1623 2428 1668 2459 Α.,
1687 2428 1714 2454 ιιι
1736 2432 1839 2454 turnia.

208 2436 245 2502 ξφ)
337 2466 363 2488 et
377 2462 541 2502 profanato.
559 2497 564 2502 _
587 2463 620 2497 (Γ)
641 2464 696 2502 Al,
711 2463 753 2502 8A.,
779 2464 931 2502 clamat-unt
948 2464 1126 2502 custodes_in
1155 2469 1246 2490 monte
1268 2464 1404 2502 Epignmi].
1449 2463 1484 2497 (δ)
1508 2464 1553 2494 11.,
1584 2461 1630 2502 Si,
1647 2463 1838 2502 ascendamus.

221 2464 245 2496 ιγ)
268 2463 311 2493 Α.,
337 2466 363 2488 et
389 2462 541 2496 profanato.
587 2463 620 2497 (Γ)
641 2464 687 2495 Λ.,
711 2463 753 2494 S.,

779 2464 931 2490 clamat-unt
948 2464 1076 2491 custodes
1100 2464 1126 2490 in
1155 2469 1246 2490 monte
1268 2464 1404 2498 Eplll‘tﬂlll.

1449 2463 1484 2497 (δ)
1508 2464 1553 2494 11.,
1571 2461 1625 2494 VS.,
1647 2463 1838 2489 aseendamus.

209 2497 240 2532 (ι)
263 2497 334 2538 llaec.
372 2498 412 2531 (ιι)
503 2497 621 2538 laudate.
661 2499 700 2532 (ιτ)
720 2498 766 2530 Α..
786 2506 801 2524 a
821 2498 916 2538 foveis.
940 2499 994 2538 _(g)
1011 2499 1059 2538 _11.,
1076 2499 1173 2538 ducam
1193 2507 1241 2526 eos
1260 2500 1299 2538 ad
1317 2498 1404 2538 fontes
1420 2505 1562 2538 aquarum.
1602 2499 1633 2531 (')
1659 2497 1839 2538 Ριίχᾚὶᾚ.

208 2533 378 2566 conﬁrmans.
394 2533 678 2568 scribendunrpntem
699 2538 801 2565 trimo,
817 2533 945 2568 hospitari
962 2534 1071 2568 [ὶιείειιδ.
1095 2534 1115 2560 1\
1123 2534 1227 2568 orberg.

852 2566 886 2603 (c)
908 2566 1000 2600 11.,‘ut
1023 2569 1118 2596 hortus
1136 2566 1275 2602 irriguus.‘
1294 2566 1344 2602 '(a)
1365 2568 1408 2600 11.,
1433 2568 1460 2594 in
1482 2573 1579 2603 turma,
1600 2572 1624 2593 et
1640 2567 1839 2603 adolescentes,

209 2568 353 2594 altitudine
364 2567 466 2595 Sionis.
506 2567 543 2601 (b)
563 2566 605 2600 S.,
617 2575 698 2602 super
713 2569 814 2594 oleum.

1267 2534 1303 2568 (τι)
1322 2535 1365 2566 Α.,
1382 2538 1409 2559 et
1423 2533 1562 2559 roboravit
1577 2540 1651 2559 eum.
1667 2567 1671 2568 γ
1689 2532 1728 2566 ((ι)
1752 2532 1797 2565 8.,
1815 2533 1840 2558 in

208 2607 235 2628 et
254 2610 333 2629 senes
349 2603 441 2629 simul.
480 2603 513 2638 (ι)
533 2603 578 2635 Α.,
595 2608 621 2629 et
638 2603 803 2630 consolabor
816 2609 874 2633 eos.
889 2607 916 2630 et
932 2603 1073 2630 ltelilieabo
1088 2612 1145 2631 eos.
1184 2603 1217 2638 (f)
1238 2603 1282 2635 11.,
1303 2604 1345 2635 5.,
1366 2603 1501 2630 canticum
1518 2602 1596 2638 llr-tus
1610 2602 1838 2638 amaritudinum.

210 2638 245 2673 (ιι)
258 2637 304 2669 11.,
317 2638 532 2664 consolationem
541 2638 663 2671 accipere
678 2646 759 2672 ~~uper
770 2638 832 2673 [iliis
845 2638 985 2673 suis,quia
998 2647 1050 2665 non
1065 2644 1139 2665 sunt.
1177 2642 1215 2672 (I1)
1237 2638 1281 2668 11.,
1293 2643 1319 2664 et
1334 2642 1503 2664 revertentur
1514 2638 1561 2663 iilii
1577 2637 1604 2663 iu
1614 2637 1755 2673 terminos
1764 2645 1839 2663 suos.

211 2671 272 2704 ΊἸι.,
288 2673 333 2698 lilii
351 2673 399 2699 tui.
438 2672 468 2707 (i)
488 2674 533 2704 11.,
549 2671 752 2707 demigrantem.

211 2708 259 2740 (m)
275 2709 317 2736 Α..
334 2707 374 2738 8..
388 2711 415 2733 et
428 2712 571 2742 postquam
586 2709 711 2742 cognovi,
722 2709 809 2742 plausl
826 2709 986 2742 superlatus
1001 2716 1102 2735 meum.

393 2741 434 2776 ip}
455 2741 557 2775 S.,’cx.
595 2741 632 2777 (ιι)
654 2743 732 2769 Sunt.
771 2743 805 2777 (ι’)
826 2741 870 2773 11.,
883 2748 1018 2769 commota
1032 2747 1095 2770 sunt
1110 2741 1211 2770 viscera
1230 2750 1287 2769 mea
1300 2742 1324 2768 ei
1342 2751 1348 2768 :
1367 2742 1523 2777 miserando
1536 2741 1698 2768 miscrabor.
1716 2741 1758 2774 S.,
1774 2750 1840 2768 con-

211 2742 353 2774 pretiosus.

792 2672 827 2707 (Ιί)
847 2673 907 2705 TI1.,
928 2671 980 2700 non
992 2682 999 2699 ι

1052 2678 1115 2700 :tus.
1154 2671 1186 2707 (Ι)
1206 2671 1249 2706 Ὰ.,
1265 2678 1406 2707 postquam
1419 2680 1566 2699 conversus
1584 2671 1770 2705 lui,pmniluit
1788 2680 1840 2697 me.

1137 2706 1175 2743 (ιι)
1189 2706 1306 2741 Ingemui
1317 2715 1401 2747 super
1414 2708 1507 2747 diebus
1518 2707 1629 2741 pudoris
1638 2706 1705 2747 Imei.
1719 2741 1734 2747 Π
1745 2707 1783 2741 (ο)
1795 2708 1814 2732 Α
1832 2727 1839 2736 ,

211 2777 318 2814 turbata
330 2781 393 2814 sunt
405 2785 466 2814 vasa
476 2778 603 2814 interiora
613 2778 677 2812 (Le.
690 2776 884 2814 mediastimun)
898 2785 956 2804 mea
969 2786 1049 2811 super
1060 2786 1102 2804 eo.
1135 2778 1169 2812 (δ)
1186 2777 1294 2814 ὶζίδὶιιινὶ
1304 2785 1376 2803 cum.
1406 2779 1438 2811 (ι)
1453 2777 1496 2810 Λ,,
1510 2776 1550 2808 8.,
1563 2777 1713 2809 speculam.
1742 2779 1839 2812 (11).!”

211 2812 416 2839 ataat'itudines.
430 2812 472 2845 S.,
487 2813 622 2840 semitam.
660 2815 755 2848 (.t')11.,
771 2813 835 2840 dum
851 2813 979 2840 crucilixa
991 2821 1031 2840 es.
1071 2813 1108 2849 (ν)
1128 2816 1171 2846 11.,
1188 2813 1229 2846 S.,
1245 2813 1271 2839 in
1291 2813 1342 2845 via,
1363 2820 1417 2848 qua
1428 2813 1528 2844 abiisti,
1545 2815 1689 2840 revet'tmc.
