  <div class='ocr_page' id='page_1' title='image "/cluster/home/n/w/nwhite01/storage/ocr_20150623/16, pt.2/njp.32101010944567/562.png"; bbox 0 0 1919 3077; ppageno 0'>
   <div class='ocr_carea' id='block_1_1' title="bbox 89 140 159 171">
    <p class='ocr_par' dir='ltr' id='par_1_1' title="bbox 89 140 159 171">
     <span class='ocr_line' id='line_1_1' title="bbox 89 140 159 171; baseline 0.014 -1"><span class='ocrx_word' id='word_1_1' title='bbox 89 140 159 171; x_wconf 69' lang='grc'><strong>2555</strong></span> 
     </span>
    </p>
   </div>
   <div class='ocr_carea' id='block_1_2' title="bbox 90 196 618 232">
    <p class='ocr_par' dir='ltr' id='par_1_2' title="bbox 90 196 618 232">
     <span class='ocr_line' id='line_1_2' title="bbox 90 196 618 232; baseline -0.006 -6"><span class='ocrx_word' id='word_1_2' title='bbox 90 198 192 230; x_wconf 77' lang='lat' dir='ltr'><strong>abiisti,</strong></span> <span class='ocrx_word' id='word_1_3' title='bbox 209 198 242 231; x_wconf 60' lang='grc' dir='ltr'>Χ</span> <span class='ocrx_word' id='word_1_4' title='bbox 257 202 401 228; x_wconf 85' lang='lat' dir='ltr'><strong>revertere,</strong></span> <span class='ocrx_word' id='word_1_5' title='bbox 417 197 494 232; x_wconf 84' lang='lat' dir='ltr'><strong>virgo</strong></span> <span class='ocrx_word' id='word_1_6' title='bbox 511 196 618 223; x_wconf 79' lang='lat' dir='ltr'><strong>Israelis</strong></span> 
     </span>
    </p>
   </div>
   <div class='ocr_carea' id='block_1_3' title="bbox 90 241 880 278">
    <p class='ocr_par' dir='ltr' id='par_1_3' title="bbox 90 241 880 278">
     <span class='ocr_line' id='line_1_3' title="bbox 90 241 880 278; baseline -0.006 -6"><span class='ocrx_word' id='word_1_7' title='bbox 90 245 173 272; x_wconf 83' lang='lat' dir='ltr'><strong>urbes</strong></span> <span class='ocrx_word' id='word_1_8' title='bbox 184 249 245 271; x_wconf 87' lang='lat' dir='ltr'><strong>tttas</strong></span> <span class='ocrx_word' id='word_1_9' title='bbox 260 244 363 278; x_wconf 84' lang='lat' dir='ltr'><strong>lugens.</strong></span> <span class='ocrx_word' id='word_1_10' title='bbox 378 243 424 271; x_wconf 68' lang='lat'><strong>22.</strong></span> <span class='ocrx_word' id='word_1_11' title='bbox 442 242 590 277; x_wconf 88' lang='lat' dir='ltr'><strong>Usquequo</strong></span> <span class='ocrx_word' id='word_1_12' title='bbox 603 243 639 277; x_wconf 68' lang='grc' dir='ltr'><strong>(ι)</strong></span> <span class='ocrx_word' id='word_1_13' title='bbox 657 241 812 274; x_wconf 82' lang='lat' dir='ltr'><strong>reverteris,</strong></span> <span class='ocrx_word' id='word_1_14' title='bbox 826 241 880 268; x_wconf 86' lang='lat' dir='ltr'><strong>lilia</strong></span> 
     </span>
    </p>
   </div>
   <div class='ocr_carea' id='block_1_4' title="bbox 90 287 879 326">
    <p class='ocr_par' dir='ltr' id='par_1_4' title="bbox 90 287 879 326">
     <span class='ocr_line' id='line_1_4' title="bbox 90 287 879 326; baseline -0.008 -8"><span class='ocrx_word' id='word_1_15' title='bbox 90 291 238 326; x_wconf 81' lang='lat' dir='ltr'><strong>despecta?</strong></span> <span class='ocrx_word' id='word_1_16' title='bbox 261 291 324 325; x_wconf 85' lang='lat' dir='ltr'><strong>quia</strong></span> <span class='ocrx_word' id='word_1_17' title='bbox 342 290 445 317; x_wconf 85' lang='lat' dir='ltr'><strong>creavit</strong></span> <span class='ocrx_word' id='word_1_18' title='bbox 464 289 595 316; x_wconf 82' lang='lat' dir='ltr'><strong>Dominus</strong></span> <span class='ocrx_word' id='word_1_19' title='bbox 611 288 726 315; x_wconf 87' lang='lat' dir='ltr'><strong>salutem</strong></span> <span class='ocrx_word' id='word_1_20' title='bbox 747 294 777 314; x_wconf 73' lang='grc' dir='ltr'><strong>οε-</strong></span> <span class='ocrx_word' id='word_1_21' title='bbox 801 287 839 321; x_wconf 84' lang='lat' dir='ltr'><strong>(a)</strong></span> <span class='ocrx_word' id='word_1_22' title='bbox 853 287 879 313; x_wconf 91' lang='lat' dir='ltr'><strong>in</strong></span> 
     </span>
    </p>
   </div>
   <div class='ocr_carea' id='block_1_5' title="bbox 87 333 881 371">
    <p class='ocr_par' dir='ltr' id='par_1_5' title="bbox 87 333 881 371">
     <span class='ocr_line' id='line_1_5' title="bbox 87 333 881 371; baseline -0.006 -8"><span class='ocrx_word' id='word_1_23' title='bbox 87 337 287 371; x_wconf 80' lang='lat' dir='ltr'><strong>plautationcm</strong></span> <span class='ocrx_word' id='word_1_24' title='bbox 308 337 319 370; x_wconf 70' lang='grc' dir='ltr'>ζ</span> <span class='ocrx_word' id='word_1_25' title='bbox 340 343 436 363; x_wconf 87' lang='lat' dir='ltr'><strong>novam</strong></span> <span class='ocrx_word' id='word_1_26' title='bbox 451 344 458 362; x_wconf 88' lang='lat'>:</span> <span class='ocrx_word' id='word_1_27' title='bbox 476 335 502 361; x_wconf 91' lang='lat' dir='ltr'><strong>in</strong></span> <span class='ocrx_word' id='word_1_28' title='bbox 519 335 606 362; x_wconf 88' lang='lat' dir='ltr'><strong>salute</strong></span> <span class='ocrx_word' id='word_1_29' title='bbox 619 333 774 361; x_wconf 88' lang='lat' dir='ltr'><strong>circuibuut</strong></span> <span class='ocrx_word' id='word_1_30' title='bbox 791 333 881 359; x_wconf 88' lang='lat' dir='ltr'><strong>homi-</strong></span> 
     </span>
    </p>
   </div>
   <div class='ocr_carea' id='block_1_6' title="bbox 89 378 882 413">
    <p class='ocr_par' dir='ltr' id='par_1_6' title="bbox 89 378 882 413">
     <span class='ocr_line' id='line_1_6' title="bbox 89 378 882 413; baseline -0.006 -4"><span class='ocrx_word' id='word_1_31' title='bbox 89 390 150 409; x_wconf 87' lang='lat' dir='ltr'><strong>nes.</strong></span> <span class='ocrx_word' id='word_1_32' title='bbox 161 382 207 409; x_wconf 68' lang='lat'><strong>23.</strong></span> <span class='ocrx_word' id='word_1_33' title='bbox 221 381 267 409; x_wconf 89' lang='lat' dir='ltr'><strong>Sic</strong></span> <span class='ocrx_word' id='word_1_34' title='bbox 277 382 344 409; x_wconf 87' lang='lat' dir='ltr'><strong>dixit</strong></span> <span class='ocrx_word' id='word_1_35' title='bbox 361 381 492 408; x_wconf 87' lang='lat' dir='ltr'><strong>Dominus</strong></span> <span class='ocrx_word' id='word_1_36' title='bbox 507 382 540 413; x_wconf 69' lang='grc' dir='ltr'><strong>&gt;ς&lt;</strong></span> <span class='ocrx_word' id='word_1_37' title='bbox 557 380 685 406; x_wconf 85' lang='lat' dir='ltr'><strong>virtutum</strong></span> <span class='ocrx_word' id='word_1_38' title='bbox 704 378 775 406; x_wconf 81' lang='lat' dir='ltr'><strong>Deus</strong></span> <span class='ocrx_word' id='word_1_39' title='bbox 796 378 882 405; x_wconf 84' lang='lat' dir='ltr'><strong>Israe-</strong></span> 
     </span>
    </p>
   </div>
   <div class='ocr_carea' id='block_1_7' title="bbox 90 422 881 462">
    <p class='ocr_par' dir='ltr' id='par_1_7' title="bbox 90 422 881 462">
     <span class='ocr_line' id='line_1_7' title="bbox 90 422 881 462; baseline -0.008 -7"><span class='ocrx_word' id='word_1_40' title='bbox 90 427 126 455; x_wconf 91' lang='lat' dir='ltr'><strong>Iis</strong></span> <span class='ocrx_word' id='word_1_41' title='bbox 137 428 166 462; x_wconf 62' lang='lat'><strong>1;</strong></span> <span class='ocrx_word' id='word_1_42' title='bbox 180 428 277 454; x_wconf 78' lang='lat' dir='ltr'><strong>Adhuc</strong></span> <span class='ocrx_word' id='word_1_43' title='bbox 292 427 384 454; x_wconf 84' lang='lat' dir='ltr'><strong>dicent</strong></span> <span class='ocrx_word' id='word_1_44' title='bbox 402 432 557 454; x_wconf 78' lang='lat' dir='ltr'><strong>sermonem</strong></span> <span class='ocrx_word' id='word_1_45' title='bbox 573 425 646 451; x_wconf 91' lang='lat' dir='ltr'><strong>hunc</strong></span> <span class='ocrx_word' id='word_1_46' title='bbox 662 423 689 450; x_wconf 93' lang='lat' dir='ltr'><strong>in</strong></span> <span class='ocrx_word' id='word_1_47' title='bbox 708 428 779 450; x_wconf 89' lang='lat' dir='ltr'><strong>terra</strong></span> <span class='ocrx_word' id='word_1_48' title='bbox 795 422 881 455; x_wconf 67' lang='lat' dir='ltr'><strong>Iudae,</strong></span> 
     </span>
    </p>
   </div>
   <div class='ocr_carea' id='block_1_8' title="bbox 90 468 882 506">
    <p class='ocr_par' dir='ltr' id='par_1_8' title="bbox 90 468 882 506">
     <span class='ocr_line' id='line_1_8' title="bbox 90 468 882 506; baseline -0.01 -5"><span class='ocrx_word' id='word_1_49' title='bbox 90 479 118 501; x_wconf 80' lang='lat' dir='ltr'><strong>et</strong></span> <span class='ocrx_word' id='word_1_50' title='bbox 138 473 165 500; x_wconf 89' lang='lat' dir='ltr'><strong>in</strong></span> <span class='ocrx_word' id='word_1_51' title='bbox 189 473 303 500; x_wconf 85' lang='lat' dir='ltr'><strong>urbibus</strong></span> <span class='ocrx_word' id='word_1_52' title='bbox 322 472 400 506; x_wconf 86' lang='lat' dir='ltr'><strong>ejus,</strong></span> <span class='ocrx_word' id='word_1_53' title='bbox 422 471 532 506; x_wconf 90' lang='lat' dir='ltr'><strong>quando</strong></span> <span class='ocrx_word' id='word_1_54' title='bbox 550 470 685 498; x_wconf 77' lang='lat' dir='ltr'><strong>reduxere</strong></span> <span class='ocrx_word' id='word_1_55' title='bbox 705 468 882 503; x_wconf 77' lang='lat' dir='ltr'><strong>demigratio-</strong></span> 
     </span>
    </p>
   </div>
   <div class='ocr_carea' id='block_1_9' title="bbox 91 515 882 553">
    <p class='ocr_par' dir='ltr' id='par_1_9' title="bbox 91 515 882 553">
     <span class='ocr_line' id='line_1_9' title="bbox 91 515 882 553; baseline -0.009 -8"><span class='ocrx_word' id='word_1_56' title='bbox 91 526 154 545; x_wconf 88' lang='lat' dir='ltr'><strong>ncm</strong></span> <span class='ocrx_word' id='word_1_57' title='bbox 168 519 228 553; x_wconf 87' lang='lat' dir='ltr'><strong>ejus</strong></span> <span class='ocrx_word' id='word_1_58' title='bbox 244 527 251 545; x_wconf 89' lang='lat'><strong>:</strong></span> <span class='ocrx_word' id='word_1_59' title='bbox 269 518 306 553; x_wconf 87' lang='lat' dir='ltr'><strong>(b)</strong></span> <span class='ocrx_word' id='word_1_60' title='bbox 332 517 492 544; x_wconf 81' lang='lat' dir='ltr'><strong>Benedictus</strong></span> <span class='ocrx_word' id='word_1_61' title='bbox 510 515 642 543; x_wconf 90' lang='lat' dir='ltr'><strong>Donnnus</strong></span> <span class='ocrx_word' id='word_1_62' title='bbox 663 523 745 549; x_wconf 85' lang='lat' dir='ltr'><strong>super</strong></span> <span class='ocrx_word' id='word_1_63' title='bbox 762 518 882 541; x_wconf 82' lang='lat' dir='ltr'><strong>tnonlem</strong></span> 
     </span>
    </p>
   </div>
   <div class='ocr_carea' id='block_1_10' title="bbox 90 559 883 600">
    <p class='ocr_par' dir='ltr' id='par_1_10' title="bbox 90 559 883 600">
     <span class='ocr_line' id='line_1_10' title="bbox 90 559 883 600; baseline -0.01 -7"><span class='ocrx_word' id='word_1_64' title='bbox 90 563 194 600; x_wconf 77' lang='lat' dir='ltr'><strong>iustum</strong></span> <span class='ocrx_word' id='word_1_65' title='bbox 207 569 333 592; x_wconf 87' lang='lat' dir='ltr'><strong>sanctum</strong></span> <span class='ocrx_word' id='word_1_66' title='bbox 347 563 428 598; x_wconf 86' lang='lat' dir='ltr'><strong>ejus:</strong></span> <span class='ocrx_word' id='word_1_67' title='bbox 445 563 490 589; x_wconf 64' lang='grc' dir='ltr'>Ἠ.</span> <span class='ocrx_word' id='word_1_68' title='bbox 505 564 539 596; x_wconf 84' lang='lat' dir='ltr'><strong>(r)</strong></span> <span class='ocrx_word' id='word_1_69' title='bbox 551 567 578 589; x_wconf 89' lang='lat' dir='ltr'><strong>et</strong></span> <span class='ocrx_word' id='word_1_70' title='bbox 590 561 636 596; x_wconf 90' lang='lat' dir='ltr'><strong>qui</strong></span> <span class='ocrx_word' id='word_1_71' title='bbox 656 560 780 588; x_wconf 85' lang='lat' dir='ltr'><strong>habitant</strong></span> <span class='ocrx_word' id='word_1_72' title='bbox 796 560 821 586; x_wconf 94' lang='lat' dir='ltr'><strong>iu</strong></span> <span class='ocrx_word' id='word_1_73' title='bbox 836 559 883 586; x_wconf 81' lang='lat' dir='ltr'><strong>Ju-</strong></span> 
     </span>
    </p>
   </div>
   <div class='ocr_carea' id='block_1_11' title="bbox 90 605 885 643">
    <p class='ocr_par' dir='ltr' id='par_1_11' title="bbox 90 605 885 643">
     <span class='ocr_line' id='line_1_11' title="bbox 90 605 885 643; baseline -0.009 -5"><span class='ocrx_word' id='word_1_74' title='bbox 90 609 163 642; x_wconf 60' lang='grc' dir='ltr'><strong>(ιω,</strong></span> <span class='ocrx_word' id='word_1_75' title='bbox 188 615 216 638; x_wconf 88' lang='lat' dir='ltr'><strong>et</strong></span> <span class='ocrx_word' id='word_1_76' title='bbox 241 610 268 637; x_wconf 90' lang='lat' dir='ltr'><strong>in</strong></span> <span class='ocrx_word' id='word_1_77' title='bbox 293 609 368 637; x_wconf 90' lang='lat' dir='ltr'><strong>omni</strong></span> <span class='ocrx_word' id='word_1_78' title='bbox 392 609 460 636; x_wconf 87' lang='lat' dir='ltr'><strong>urbe</strong></span> <span class='ocrx_word' id='word_1_79' title='bbox 481 608 560 643; x_wconf 85' lang='lat' dir='ltr'><strong>ejus.</strong></span> <span class='ocrx_word' id='word_1_80' title='bbox 579 615 641 634; x_wconf 90' lang='lat' dir='ltr'><strong>cum</strong></span> <span class='ocrx_word' id='word_1_81' title='bbox 656 606 775 641; x_wconf 77' lang='lat' dir='ltr'><strong>agricola</strong></span> <span class='ocrx_word' id='word_1_82' title='bbox 791 611 816 632; x_wconf 83' lang='lat' dir='ltr'><strong>ct</strong></span> <span class='ocrx_word' id='word_1_83' title='bbox 831 605 885 631; x_wconf 81' lang='lat' dir='ltr'><strong>cle-</strong></span> 
     </span>
    </p>
   </div>
   <div class='ocr_carea' id='block_1_12' title="bbox 92 650 883 690">
    <p class='ocr_par' dir='ltr' id='par_1_12' title="bbox 92 650 883 690">
     <span class='ocr_line' id='line_1_12' title="bbox 92 650 883 690; baseline -0.01 -7"><span class='ocrx_word' id='word_1_84' title='bbox 92 656 202 683; x_wconf 84' lang='lat' dir='ltr'><strong>vabitur</strong></span> <span class='ocrx_word' id='word_1_85' title='bbox 233 655 260 681; x_wconf 93' lang='lat' dir='ltr'><strong>in</strong></span> <span class='ocrx_word' id='word_1_86' title='bbox 298 662 388 690; x_wconf 80' lang='lat' dir='ltr'><strong>grege.</strong></span> <span class='ocrx_word' id='word_1_87' title='bbox 424 653 470 681; x_wconf 69' lang='lat'><strong>25.</strong></span> <span class='ocrx_word' id='word_1_88' title='bbox 510 652 579 685; x_wconf 83' lang='lat' dir='ltr'><strong>Quia</strong></span> <span class='ocrx_word' id='word_1_89' title='bbox 607 650 737 679; x_wconf 77' lang='lat' dir='ltr'><strong>inebriari</strong></span> <span class='ocrx_word' id='word_1_90' title='bbox 775 657 883 677; x_wconf 85' lang='lat' dir='ltr'><strong>omnem</strong></span> 
     </span>
    </p>
   </div>
   <div class='ocr_carea' id='block_1_13' title="bbox 92 697 884 733">
    <p class='ocr_par' dir='ltr' id='par_1_13' title="bbox 92 697 884 733">
     <span class='ocr_line' id='line_1_13' title="bbox 92 697 884 733; baseline -0.009 -4"><span class='ocrx_word' id='word_1_91' title='bbox 92 702 213 729; x_wconf 83' lang='lat' dir='ltr'><strong>animam</strong></span> <span class='ocrx_word' id='word_1_92' title='bbox 233 701 381 733; x_wconf 85' lang='lat' dir='ltr'><strong>sitientem,</strong></span> <span class='ocrx_word' id='word_1_93' title='bbox 403 704 430 726; x_wconf 88' lang='lat' dir='ltr'><strong>et</strong></span> <span class='ocrx_word' id='word_1_94' title='bbox 452 706 560 726; x_wconf 87' lang='lat' dir='ltr'><strong>omnem</strong></span> <span class='ocrx_word' id='word_1_95' title='bbox 577 698 696 725; x_wconf 90' lang='lat' dir='ltr'><strong>animam</strong></span> <span class='ocrx_word' id='word_1_96' title='bbox 719 697 884 724; x_wconf 83' lang='lat' dir='ltr'><strong>esurientem</strong></span> 
     </span>
    </p>
   </div>
   <div class='ocr_carea' id='block_1_14' title="bbox 92 742 886 780">
    <p class='ocr_par' dir='ltr' id='par_1_14' title="bbox 92 742 886 780">
     <span class='ocr_line' id='line_1_14' title="bbox 92 742 886 780; baseline -0.009 -5"><span class='ocrx_word' id='word_1_97' title='bbox 92 747 226 775; x_wconf 84' lang='lat' dir='ltr'><strong>saturavi.</strong></span> <span class='ocrx_word' id='word_1_98' title='bbox 254 747 299 773; x_wconf 68' lang='lat'><strong>‘26.</strong></span> <span class='ocrx_word' id='word_1_99' title='bbox 325 745 439 780; x_wconf 86' lang='lat' dir='ltr'><strong>Propter</strong></span> <span class='ocrx_word' id='word_1_100' title='bbox 463 744 516 771; x_wconf 88' lang='lat' dir='ltr'><strong>hoc</strong></span> <span class='ocrx_word' id='word_1_101' title='bbox 538 742 743 778; x_wconf 74' lang='lat' dir='ltr'><strong>expergefactus</strong></span> <span class='ocrx_word' id='word_1_102' title='bbox 764 750 836 772; x_wconf 83' lang='lat' dir='ltr'><strong>sum,</strong></span> <span class='ocrx_word' id='word_1_103' title='bbox 859 745 886 768; x_wconf 87' lang='lat' dir='ltr'><strong>et</strong></span> 
     </span>
    </p>
   </div>
   <div class='ocr_carea' id='block_1_15' title="bbox 93 787 883 824">
    <p class='ocr_par' dir='ltr' id='par_1_15' title="bbox 93 787 883 824">
     <span class='ocr_line' id='line_1_15' title="bbox 93 787 883 824; baseline -0.008 -5"><span class='ocrx_word' id='word_1_104' title='bbox 93 793 172 820; x_wconf 87' lang='lat' dir='ltr'><strong>vidi:</strong></span> <span class='ocrx_word' id='word_1_105' title='bbox 199 797 228 819; x_wconf 89' lang='lat' dir='ltr'><strong>et</strong></span> <span class='ocrx_word' id='word_1_106' title='bbox 256 799 369 819; x_wconf 82' lang='lat' dir='ltr'><strong>somnus</strong></span> <span class='ocrx_word' id='word_1_107' title='bbox 395 798 471 817; x_wconf 87' lang='lat' dir='ltr'><strong>meus</strong></span> <span class='ocrx_word' id='word_1_108' title='bbox 494 790 585 816; x_wconf 88' lang='lat' dir='ltr'><strong>attulit</strong></span> <span class='ocrx_word' id='word_1_109' title='bbox 613 789 779 824; x_wconf 78' lang='lat' dir='ltr'><strong>voluptatem</strong></span> <span class='ocrx_word' id='word_1_110' title='bbox 806 787 883 814; x_wconf 90' lang='lat' dir='ltr'><strong>mihi.</strong></span> 
     </span>
    </p>
   </div>
   <div class='ocr_carea' id='block_1_16' title="bbox 91 834 885 867">
    <p class='ocr_par' dir='ltr' id='par_1_16' title="bbox 91 834 885 867">
     <span class='ocr_line' id='line_1_16' title="bbox 91 834 885 867; baseline -0.005 -3"><span class='ocrx_word' id='word_1_111' title='bbox 91 837 138 865; x_wconf 80' lang='grc'><strong>27.</strong></span> <span class='ocrx_word' id='word_1_112' title='bbox 155 837 225 864; x_wconf 84' lang='lat' dir='ltr'><strong>Ecce</strong></span> <span class='ocrx_word' id='word_1_113' title='bbox 244 837 302 864; x_wconf 89' lang='lat' dir='ltr'><strong>dies</strong></span> <span class='ocrx_word' id='word_1_114' title='bbox 319 835 441 867; x_wconf 90' lang='lat' dir='ltr'><strong>veniunt,</strong></span> <span class='ocrx_word' id='word_1_115' title='bbox 458 834 524 862; x_wconf 89' lang='lat' dir='ltr'><strong>dicit</strong></span> <span class='ocrx_word' id='word_1_116' title='bbox 542 835 684 865; x_wconf 85' lang='lat' dir='ltr'><strong>Dominus,</strong></span> <span class='ocrx_word' id='word_1_117' title='bbox 706 840 732 861; x_wconf 89' lang='lat' dir='ltr'><strong>ct</strong></span> <span class='ocrx_word' id='word_1_118' title='bbox 745 834 885 861; x_wconf 88' lang='lat' dir='ltr'><strong>scminabo</strong></span> 
     </span>
    </p>
   </div>
   <div class='ocr_carea' id='block_1_17' title="bbox 698 136 1120 166">
    <p class='ocr_par' dir='ltr' id='par_1_17' title="bbox 698 136 1120 166">
     <span class='ocr_line' id='line_1_17' title="bbox 698 136 1120 166; baseline 0.002 -2"><span class='ocrx_word' id='word_1_119' title='bbox 698 136 856 165; x_wconf 57' lang='lat' dir='ltr'><strong>JEREMIXE</strong></span> <span class='ocrx_word' id='word_1_120' title='bbox 876 137 994 166; x_wconf 75' lang='lat' dir='ltr'><strong>CAPUT</strong></span> <span class='ocrx_word' id='word_1_121' title='bbox 1014 136 1120 166; x_wconf 75' lang='lat' dir='ltr'><strong>XXXII.</strong></span> 
     </span>
    </p>
   </div>
   <div class='ocr_carea' id='block_1_18' title="bbox 640 193 1722 230">
    <p class='ocr_par' dir='ltr' id='par_1_18' title="bbox 640 193 1722 230">
     <span class='ocr_line' id='line_1_18' title="bbox 640 193 1722 230; baseline 0.001 -8"><span class='ocrx_word' id='word_1_122' title='bbox 640 196 650 230; x_wconf 70' lang='grc' dir='ltr'>ζ</span> <span class='ocrx_word' id='word_1_123' title='bbox 669 205 675 223; x_wconf 89' lang='lat'><strong><em>:</em></strong></span> <span class='ocrx_word' id='word_1_124' title='bbox 697 200 834 222; x_wconf 73' lang='lat' dir='ltr'><strong>revertere</strong></span> <span class='ocrx_word' id='word_1_125' title='bbox 847 193 880 222; x_wconf 88' lang='lat' dir='ltr'><strong>ad</strong></span> <span class='ocrx_word' id='word_1_126' title='bbox 896 197 917 226; x_wconf 82' lang='grc' dir='ltr'>Α</span> <span class='ocrx_word' id='word_1_127' title='bbox 932 203 993 222; x_wconf 79' lang='lat' dir='ltr'><strong>esse</strong></span> <span class='ocrx_word' id='word_1_128' title='bbox 1007 203 1073 230; x_wconf 82' lang='lat' dir='ltr'><strong>gens</strong></span> <span class='ocrx_word' id='word_1_129' title='bbox 1091 199 1154 222; x_wconf 90' lang='lat' dir='ltr'><strong>ante</strong></span> <span class='ocrx_word' id='word_1_130' title='bbox 1172 194 1268 222; x_wconf 91' lang='lat' dir='ltr'><strong>faciem</strong></span> <span class='ocrx_word' id='word_1_131' title='bbox 1289 201 1376 222; x_wconf 88' lang='lat' dir='ltr'><strong>meam</strong></span> <span class='ocrx_word' id='word_1_132' title='bbox 1391 195 1518 223; x_wconf 89' lang='lat' dir='ltr'><strong>onmibus</strong></span> <span class='ocrx_word' id='word_1_133' title='bbox 1533 196 1640 223; x_wconf 78' lang='lat' dir='ltr'><strong>diebus.</strong></span> <span class='ocrx_word' id='word_1_134' title='bbox 1659 196 1722 223; x_wconf 79' lang='lat' dir='ltr'><strong>lla-c</strong></span> 
     </span>
    </p>
   </div>
   <div class='ocr_carea' id='block_1_19' title="bbox 1651 137 1721 166">
    <p class='ocr_par' dir='ltr' id='par_1_19' title="bbox 1651 137 1721 166">
     <span class='ocr_line' id='line_1_19' title="bbox 1651 137 1721 166; baseline -0.029 0"><span class='ocrx_word' id='word_1_135' title='bbox 1651 137 1721 166; x_wconf 70' lang='grc'><strong>2554</strong></span> 
     </span>
    </p>
   </div>
   <div class='ocr_carea' id='block_1_20' title="bbox 933 241 1721 276">
    <p class='ocr_par' dir='ltr' id='par_1_20' title="bbox 933 241 1721 276">
     <span class='ocr_line' id='line_1_20' title="bbox 933 241 1721 276; baseline 0 -8"><span class='ocrx_word' id='word_1_136' title='bbox 933 241 999 269; x_wconf 90' lang='lat' dir='ltr'><strong>dicit</strong></span> <span class='ocrx_word' id='word_1_137' title='bbox 1014 241 1144 268; x_wconf 86' lang='lat' dir='ltr'><strong>Dominus</strong></span> <span class='ocrx_word' id='word_1_138' title='bbox 1164 251 1171 268; x_wconf 91' lang='lat'><strong>:</strong></span> <span class='ocrx_word' id='word_1_139' title='bbox 1188 241 1231 268; x_wconf 81' lang='grc'><strong>57.</strong></span> <span class='ocrx_word' id='word_1_140' title='bbox 1251 241 1281 276; x_wconf 75' lang='grc' dir='ltr'><strong>(ι)</strong></span> <span class='ocrx_word' id='word_1_141' title='bbox 1297 241 1325 269; x_wconf 90' lang='lat' dir='ltr'><strong>Si</strong></span> <span class='ocrx_word' id='word_1_142' title='bbox 1337 241 1472 269; x_wconf 88' lang='lat' dir='ltr'><strong>clcvatum</strong></span> <span class='ocrx_word' id='word_1_143' title='bbox 1487 241 1566 268; x_wconf 89' lang='lat' dir='ltr'><strong>fuerit</strong></span> <span class='ocrx_word' id='word_1_144' title='bbox 1581 243 1678 270; x_wconf 68' lang='lat' dir='ltr'><strong>coelum</strong></span> <span class='ocrx_word' id='word_1_145' title='bbox 1694 242 1721 268; x_wconf 90' lang='lat' dir='ltr'><strong>in</strong></span> 
     </span>
    </p>
   </div>
   <div class='ocr_carea' id='block_1_21' title="bbox 933 286 1722 321">
    <p class='ocr_par' dir='ltr' id='par_1_21' title="bbox 933 286 1722 321">
     <span class='ocr_line' id='line_1_21' title="bbox 933 286 1722 321; baseline 0 -8"><span class='ocrx_word' id='word_1_146' title='bbox 933 287 1050 314; x_wconf 86' lang='lat' dir='ltr'><strong>sublime</strong></span> <span class='ocrx_word' id='word_1_147' title='bbox 1067 292 1093 314; x_wconf 87' lang='lat' dir='ltr'><strong>et</strong></span> <span class='ocrx_word' id='word_1_148' title='bbox 1109 287 1131 313; x_wconf 89' lang='lat' dir='ltr'><strong>si</strong></span> <span class='ocrx_word' id='word_1_149' title='bbox 1149 287 1309 321; x_wconf 85' lang='lat' dir='ltr'><strong>depressum</strong></span> <span class='ocrx_word' id='word_1_150' title='bbox 1328 287 1409 314; x_wconf 88' lang='lat' dir='ltr'><strong>fuerit</strong></span> <span class='ocrx_word' id='word_1_151' title='bbox 1433 286 1617 321; x_wconf 70' lang='lat' dir='ltr'><strong>pavimentum</strong></span> <span class='ocrx_word' id='word_1_152' title='bbox 1643 292 1722 314; x_wconf 67' lang='lat' dir='ltr'><strong>terra:</strong></span> 
     </span>
    </p>
   </div>
   <div class='ocr_carea' id='block_1_22' title="bbox 933 331 1721 367">
    <p class='ocr_par' dir='ltr' id='par_1_22' title="bbox 933 331 1721 367">
     <span class='ocr_line' id='line_1_22' title="bbox 933 331 1721 367; baseline 0.004 -9"><span class='ocrx_word' id='word_1_153' title='bbox 933 332 1072 363; x_wconf 80' lang='lat' dir='ltr'><strong>deorsum;</strong></span> <span class='ocrx_word' id='word_1_154' title='bbox 1084 331 1166 358; x_wconf 87' lang='lat' dir='ltr'><strong>etiam</strong></span> <span class='ocrx_word' id='word_1_155' title='bbox 1177 339 1228 366; x_wconf 85' lang='lat' dir='ltr'><strong>ego</strong></span> <span class='ocrx_word' id='word_1_156' title='bbox 1238 339 1290 358; x_wconf 90' lang='lat' dir='ltr'><strong>non</strong></span> <span class='ocrx_word' id='word_1_157' title='bbox 1304 332 1453 367; x_wconf 86' lang='lat' dir='ltr'><strong>rcprobabo</strong></span> <span class='ocrx_word' id='word_1_158' title='bbox 1465 333 1498 366; x_wconf 73' lang='grc' dir='ltr'>&gt;κ</span> <span class='ocrx_word' id='word_1_159' title='bbox 1513 339 1594 359; x_wconf 84' lang='lat' dir='ltr'><strong>omne</strong></span> <span class='ocrx_word' id='word_1_160' title='bbox 1607 332 1618 366; x_wconf 72' lang='grc' dir='ltr'>ζ</span> <span class='ocrx_word' id='word_1_161' title='bbox 1635 341 1721 367; x_wconf 78' lang='lat' dir='ltr'><strong>genus</strong></span> 
     </span>
    </p>
   </div>
   <div class='ocr_carea' id='block_1_23' title="bbox 933 376 1720 411">
    <p class='ocr_par' dir='ltr' id='par_1_23' title="bbox 933 376 1720 411">
     <span class='ocr_line' id='line_1_23' title="bbox 933 376 1720 411; baseline 0.003 -9"><span class='ocrx_word' id='word_1_162' title='bbox 933 376 1052 410; x_wconf 84' lang='lat' dir='ltr'><strong>lsraelis,</strong></span> <span class='ocrx_word' id='word_1_163' title='bbox 1065 384 1114 411; x_wconf 90' lang='lat' dir='ltr'><strong>pro</strong></span> <span class='ocrx_word' id='word_1_164' title='bbox 1127 377 1264 408; x_wconf 85' lang='lat' dir='ltr'><strong>omnibus,</strong></span> <span class='ocrx_word' id='word_1_165' title='bbox 1282 384 1342 410; x_wconf 76' lang='lat' dir='ltr'><strong>quae</strong></span> <span class='ocrx_word' id='word_1_166' title='bbox 1354 376 1484 408; x_wconf 82' lang='lat' dir='ltr'><strong>fecerunt.</strong></span> <span class='ocrx_word' id='word_1_167' title='bbox 1497 377 1563 404; x_wconf 85' lang='lat' dir='ltr'><strong>dicit</strong></span> <span class='ocrx_word' id='word_1_168' title='bbox 1580 376 1720 404; x_wconf 84' lang='lat' dir='ltr'><strong>Dominus.</strong></span> 
     </span>
    </p>
   </div>
   <div class='ocr_carea' id='block_1_24' title="bbox 933 422 1723 455">
    <p class='ocr_par' dir='ltr' id='par_1_24' title="bbox 933 422 1723 455">
     <span class='ocr_line' id='line_1_24' title="bbox 933 422 1723 455; baseline -0.001 -4"><span class='ocrx_word' id='word_1_169' title='bbox 933 423 977 451; x_wconf 70' lang='lat'><strong>58.</strong></span> <span class='ocrx_word' id='word_1_170' title='bbox 991 422 1059 450; x_wconf 82' lang='lat' dir='ltr'><strong>Ecce</strong></span> <span class='ocrx_word' id='word_1_171' title='bbox 1070 422 1129 449; x_wconf 83' lang='lat' dir='ltr'><strong>dies</strong></span> <span class='ocrx_word' id='word_1_172' title='bbox 1140 423 1261 455; x_wconf 84' lang='lat' dir='ltr'><strong>veniunt,</strong></span> <span class='ocrx_word' id='word_1_173' title='bbox 1274 422 1492 454; x_wconf 63' lang='lat' dir='ltr'><strong>dicitliominus,</strong></span> <span class='ocrx_word' id='word_1_174' title='bbox 1505 427 1532 450; x_wconf 90' lang='lat' dir='ltr'><strong>et</strong></span> <span class='ocrx_word' id='word_1_175' title='bbox 1546 423 1723 450; x_wconf 68' lang='lat' dir='ltr'><strong>acdilicabilur</strong></span> 
     </span>
    </p>
   </div>
   <div class='ocr_carea' id='block_1_25' title="bbox 934 468 1723 503">
    <p class='ocr_par' dir='ltr' id='par_1_25' title="bbox 934 468 1723 503">
     <span class='ocr_line' id='line_1_25' title="bbox 934 468 1723 503; baseline 0.001 -8"><span class='ocrx_word' id='word_1_176' title='bbox 934 469 999 495; x_wconf 83' lang='lat' dir='ltr'><strong>urbs</strong></span> <span class='ocrx_word' id='word_1_177' title='bbox 1013 468 1129 495; x_wconf 91' lang='lat' dir='ltr'><strong>Domino</strong></span> <span class='ocrx_word' id='word_1_178' title='bbox 1141 476 1155 495; x_wconf 92' lang='lat' dir='ltr'><strong>a</strong></span> <span class='ocrx_word' id='word_1_179' title='bbox 1169 473 1244 495; x_wconf 86' lang='lat' dir='ltr'><strong>turre</strong></span> <span class='ocrx_word' id='word_1_180' title='bbox 1255 468 1393 495; x_wconf 87' lang='lat' dir='ltr'><strong>llananael</strong></span> <span class='ocrx_word' id='word_1_181' title='bbox 1406 477 1491 503; x_wconf 83' lang='lat' dir='ltr'><strong>usque</strong></span> <span class='ocrx_word' id='word_1_182' title='bbox 1507 469 1540 495; x_wconf 86' lang='lat' dir='ltr'><strong>ad</strong></span> <span class='ocrx_word' id='word_1_183' title='bbox 1557 474 1661 503; x_wconf 88' lang='lat' dir='ltr'><strong>portam</strong></span> <span class='ocrx_word' id='word_1_184' title='bbox 1674 477 1723 496; x_wconf 85' lang='lat' dir='ltr'><strong>an-</strong></span> 
     </span>
    </p>
   </div>
   <div class='ocr_carea' id='block_1_26' title="bbox 934 512 1724 549">
    <p class='ocr_par' dir='ltr' id='par_1_26' title="bbox 934 512 1724 549">
     <span class='ocr_line' id='line_1_26' title="bbox 934 512 1724 549; baseline 0.001 -9"><span class='ocrx_word' id='word_1_185' title='bbox 934 514 1001 548; x_wconf 83' lang='lat' dir='ltr'><strong>guli,</strong></span> <span class='ocrx_word' id='word_1_186' title='bbox 1019 514 1063 541; x_wconf 78' lang='lat'><strong>39.</strong></span> <span class='ocrx_word' id='word_1_187' title='bbox 1077 518 1103 541; x_wconf 86' lang='lat' dir='ltr'><strong>ct</strong></span> <span class='ocrx_word' id='word_1_188' title='bbox 1124 514 1207 540; x_wconf 78' lang='lat' dir='ltr'><strong>exibit</strong></span> <span class='ocrx_word' id='word_1_189' title='bbox 1225 514 1259 547; x_wconf 71' lang='grc' dir='ltr'><strong>&gt;ε&lt;</strong></span> <span class='ocrx_word' id='word_1_190' title='bbox 1271 514 1360 540; x_wconf 91' lang='lat' dir='ltr'><strong>adhuc</strong></span> <span class='ocrx_word' id='word_1_191' title='bbox 1373 512 1421 549; x_wconf 80' lang='lat' dir='ltr'><strong>(nt)</strong></span> <span class='ocrx_word' id='word_1_192' title='bbox 1434 521 1495 547; x_wconf 85' lang='lat' dir='ltr'><strong>spes</strong></span> <span class='ocrx_word' id='word_1_193' title='bbox 1511 513 1535 548; x_wconf 68' lang='grc' dir='ltr'><strong>ξ,</strong></span> <span class='ocrx_word' id='word_1_194' title='bbox 1549 518 1575 540; x_wconf 83' lang='lat' dir='ltr'><strong>et</strong></span> <span class='ocrx_word' id='word_1_195' title='bbox 1590 514 1724 541; x_wconf 84' lang='lat' dir='ltr'><strong>dimensio</strong></span> 
     </span>
    </p>
   </div>
   <div class='ocr_carea' id='block_1_27' title="bbox 934 559 1725 596">
    <p class='ocr_par' dir='ltr' id='par_1_27' title="bbox 934 559 1725 596">
     <span class='ocr_line' id='line_1_27' title="bbox 934 559 1725 596; baseline 0 -9"><span class='ocrx_word' id='word_1_196' title='bbox 934 561 993 596; x_wconf 77' lang='lat' dir='ltr'><strong>ejus</strong></span> <span class='ocrx_word' id='word_1_197' title='bbox 1007 568 1099 587; x_wconf 89' lang='lat' dir='ltr'><strong>coram</strong></span> <span class='ocrx_word' id='word_1_198' title='bbox 1111 560 1151 587; x_wconf 80' lang='lat' dir='ltr'><strong>eis</strong></span> <span class='ocrx_word' id='word_1_199' title='bbox 1167 568 1253 594; x_wconf 88' lang='lat' dir='ltr'><strong>usque</strong></span> <span class='ocrx_word' id='word_1_200' title='bbox 1269 560 1301 587; x_wconf 88' lang='lat' dir='ltr'><strong>ad</strong></span> <span class='ocrx_word' id='word_1_201' title='bbox 1313 560 1410 587; x_wconf 89' lang='lat' dir='ltr'><strong>collem</strong></span> <span class='ocrx_word' id='word_1_202' title='bbox 1423 559 1511 586; x_wconf 86' lang='lat' dir='ltr'><strong>Gareb</strong></span> <span class='ocrx_word' id='word_1_203' title='bbox 1527 568 1533 586; x_wconf 90' lang='lat'>:</span> <span class='ocrx_word' id='word_1_204' title='bbox 1555 564 1582 586; x_wconf 87' lang='lat' dir='ltr'><strong>et</strong></span> <span class='ocrx_word' id='word_1_205' title='bbox 1602 561 1725 595; x_wconf 79' lang='lat' dir='ltr'><strong>cingetur</strong></span> 
     </span>
    </p>
   </div>
   <div class='ocr_carea' id='block_1_28' title="bbox 935 605 1725 640">
    <p class='ocr_par' dir='ltr' id='par_1_28' title="bbox 935 605 1725 640">
     <span class='ocr_line' id='line_1_28' title="bbox 935 605 1725 640; baseline -0.003 -7"><span class='ocrx_word' id='word_1_206' title='bbox 935 607 962 633; x_wconf 88' lang='lat' dir='ltr'><strong>in</strong></span> <span class='ocrx_word' id='word_1_207' title='bbox 978 607 1093 634; x_wconf 85' lang='lat' dir='ltr'><strong>circuitu</strong></span> <span class='ocrx_word' id='word_1_208' title='bbox 1111 614 1143 632; x_wconf 91' lang='lat' dir='ltr'><strong>ex</strong></span> <span class='ocrx_word' id='word_1_209' title='bbox 1161 605 1296 640; x_wconf 88' lang='lat' dir='ltr'><strong>lapidibus</strong></span> <span class='ocrx_word' id='word_1_210' title='bbox 1313 605 1352 640; x_wconf 85' lang='grc' dir='ltr'><strong>(η)</strong></span> <span class='ocrx_word' id='word_1_211' title='bbox 1367 605 1480 637; x_wconf 83' lang='lat' dir='ltr'><strong>electis;</strong></span> <span class='ocrx_word' id='word_1_212' title='bbox 1495 605 1539 632; x_wconf 76' lang='grc'><strong>40.</strong></span> <span class='ocrx_word' id='word_1_213' title='bbox 1558 605 1590 639; x_wconf 69' lang='grc' dir='ltr'>&gt;θ&lt;</span> <span class='ocrx_word' id='word_1_214' title='bbox 1603 610 1630 632; x_wconf 85' lang='lat' dir='ltr'><strong>ct</strong></span> <span class='ocrx_word' id='word_1_215' title='bbox 1644 612 1725 632; x_wconf 88' lang='lat' dir='ltr'><strong>onme</strong></span> 
     </span>
    </p>
   </div>
   <div class='ocr_carea' id='block_1_29' title="bbox 935 650 1722 687">
    <p class='ocr_par' dir='ltr' id='par_1_29' title="bbox 935 650 1722 687">
     <span class='ocr_line' id='line_1_29' title="bbox 935 650 1722 687; baseline -0.001 -9"><span class='ocrx_word' id='word_1_216' title='bbox 935 652 1100 687; x_wconf 88' lang='lat' dir='ltr'><strong>profunduln</strong></span> <span class='ocrx_word' id='word_1_217' title='bbox 1113 651 1149 686; x_wconf 84' lang='lat'><strong>(0)</strong></span> <span class='ocrx_word' id='word_1_218' title='bbox 1164 652 1263 678; x_wconf 90' lang='lat' dir='ltr'><strong>domus</strong></span> <span class='ocrx_word' id='word_1_219' title='bbox 1274 650 1403 686; x_wconf 76' lang='lat' dir='ltr'><strong>Fagadim</strong></span> <span class='ocrx_word' id='word_1_220' title='bbox 1419 650 1430 685; x_wconf 71' lang='grc' dir='ltr'>ζ</span> <span class='ocrx_word' id='word_1_221' title='bbox 1443 651 1486 686; x_wconf 76' lang='grc'><strong>(⁸),</strong></span> <span class='ocrx_word' id='word_1_222' title='bbox 1504 650 1540 685; x_wconf 86' lang='grc' dir='ltr'><strong>(ρ)</strong></span> <span class='ocrx_word' id='word_1_223' title='bbox 1555 656 1582 678; x_wconf 90' lang='lat' dir='ltr'><strong>ct</strong></span> <span class='ocrx_word' id='word_1_224' title='bbox 1595 651 1722 682; x_wconf 77' lang='lat' dir='ltr'><strong>cinerem,</strong></span> 
     </span>
    </p>
   </div>
   <div class='ocr_carea' id='block_1_30' title="bbox 935 697 1724 732">
    <p class='ocr_par' dir='ltr' id='par_1_30' title="bbox 935 697 1724 732">
     <span class='ocr_line' id='line_1_30' title="bbox 935 697 1724 732; baseline -0.001 -8"><span class='ocrx_word' id='word_1_225' title='bbox 935 702 963 724; x_wconf 88' lang='lat' dir='ltr'><strong>et</strong></span> <span class='ocrx_word' id='word_1_226' title='bbox 977 705 1085 724; x_wconf 87' lang='lat' dir='ltr'><strong>onmem</strong></span> <span class='ocrx_word' id='word_1_227' title='bbox 1101 697 1256 724; x_wconf 79' lang='lat' dir='ltr'><strong>Asarimotb</strong></span> <span class='ocrx_word' id='word_1_228' title='bbox 1273 705 1360 732; x_wconf 88' lang='lat' dir='ltr'><strong>usque</strong></span> <span class='ocrx_word' id='word_1_229' title='bbox 1385 697 1418 724; x_wconf 87' lang='lat' dir='ltr'><strong>ad</strong></span> <span class='ocrx_word' id='word_1_230' title='bbox 1442 702 1590 724; x_wconf 81' lang='lat' dir='ltr'><strong>torrentem</strong></span> <span class='ocrx_word' id='word_1_231' title='bbox 1605 697 1724 730; x_wconf 79' lang='lat' dir='ltr'><strong>Ccdron,</strong></span> 
     </span>
    </p>
   </div>
   <div class='ocr_carea' id='block_1_31' title="bbox 936 743 1726 778">
    <p class='ocr_par' dir='ltr' id='par_1_31' title="bbox 936 743 1726 778">
     <span class='ocr_line' id='line_1_31' title="bbox 936 743 1726 778; baseline -0.003 -8"><span class='ocrx_word' id='word_1_232' title='bbox 936 751 1024 778; x_wconf 87' lang='lat' dir='ltr'><strong>usque</strong></span> <span class='ocrx_word' id='word_1_233' title='bbox 1037 743 1069 770; x_wconf 90' lang='lat' dir='ltr'><strong>ad</strong></span> <span class='ocrx_word' id='word_1_234' title='bbox 1081 743 1210 778; x_wconf 79' lang='lat' dir='ltr'><strong>angulum</strong></span> <span class='ocrx_word' id='word_1_235' title='bbox 1223 747 1306 778; x_wconf 80' lang='lat' dir='ltr'><strong>portae</strong></span> <span class='ocrx_word' id='word_1_236' title='bbox 1317 750 1450 777; x_wconf 87' lang='lat' dir='ltr'><strong>equorum</strong></span> <span class='ocrx_word' id='word_1_237' title='bbox 1466 743 1502 777; x_wconf 84' lang='lat' dir='ltr'><strong>(q)</strong></span> <span class='ocrx_word' id='word_1_238' title='bbox 1521 743 1643 774; x_wconf 56' lang='lat' dir='ltr'><strong>orientis,</strong></span> <span class='ocrx_word' id='word_1_239' title='bbox 1662 750 1726 770; x_wconf 86' lang='lat' dir='ltr'><strong>san-</strong></span> 
     </span>
    </p>
   </div>
   <div class='ocr_carea' id='block_1_32' title="bbox 937 788 1725 823">
    <p class='ocr_par' dir='ltr' id='par_1_32' title="bbox 937 788 1725 823">
     <span class='ocr_line' id='line_1_32' title="bbox 937 788 1725 823; baseline -0.001 -7"><span class='ocrx_word' id='word_1_240' title='bbox 937 789 1071 816; x_wconf 87' lang='lat' dir='ltr'><strong>ctuarium</strong></span> <span class='ocrx_word' id='word_1_241' title='bbox 1088 788 1214 820; x_wconf 87' lang='lat' dir='ltr'><strong>Domino,</strong></span> <span class='ocrx_word' id='word_1_242' title='bbox 1230 793 1257 816; x_wconf 88' lang='lat' dir='ltr'><strong>et</strong></span> <span class='ocrx_word' id='word_1_243' title='bbox 1277 796 1330 815; x_wconf 92' lang='lat' dir='ltr'><strong>non</strong></span> <span class='ocrx_word' id='word_1_244' title='bbox 1348 788 1466 823; x_wconf 90' lang='lat' dir='ltr'><strong>amplius</strong></span> <span class='ocrx_word' id='word_1_245' title='bbox 1477 788 1617 821; x_wconf 74' lang='lat' dir='ltr'><strong>evelletur,</strong></span> <span class='ocrx_word' id='word_1_246' title='bbox 1639 795 1725 823; x_wconf 85' lang='lat' dir='ltr'><strong>neque</strong></span> 
     </span>
    </p>
   </div>
   <div class='ocr_carea' id='block_1_33' title="bbox 937 834 1419 868">
    <p class='ocr_par' dir='ltr' id='par_1_33' title="bbox 937 834 1419 868">
     <span class='ocr_line' id='line_1_33' title="bbox 937 834 1419 868; baseline -0.002 -7"><span class='ocrx_word' id='word_1_247' title='bbox 937 834 1093 861; x_wconf 83' lang='lat' dir='ltr'><strong>destruetur</strong></span> <span class='ocrx_word' id='word_1_248' title='bbox 1112 835 1238 868; x_wconf 85' lang='lat' dir='ltr'><strong>usqueiu</strong></span> <span class='ocrx_word' id='word_1_249' title='bbox 1257 834 1398 861; x_wconf 71' lang='lat' dir='ltr'><strong>sacculum.</strong></span> <span class='ocrx_word' id='word_1_250' title='bbox 1413 861 1419 867; x_wconf 67' lang='grc'><em>,</em></span> 
     </span>
    </p>
   </div>
   <div class='ocr_carea' id='block_1_34' title="bbox 94 877 1724 918">
    <p class='ocr_par' dir='ltr' id='par_1_34' title="bbox 94 877 1724 918">
     <span class='ocr_line' id='line_1_34' title="bbox 94 877 1724 918; baseline -0.004 -8"><span class='ocrx_word' id='word_1_251' title='bbox 94 885 130 918; x_wconf 63' lang='grc'>31(</span> <span class='ocrx_word' id='word_1_252' title='bbox 147 883 258 910; x_wconf 91' lang='lat' dir='ltr'><strong>domum</strong></span> <span class='ocrx_word' id='word_1_253' title='bbox 273 882 391 914; x_wconf 85' lang='lat' dir='ltr'><strong>lsraclis,</strong></span> <span class='ocrx_word' id='word_1_254' title='bbox 408 885 435 909; x_wconf 90' lang='lat' dir='ltr'><strong>et</strong></span> <span class='ocrx_word' id='word_1_255' title='bbox 452 881 463 915; x_wconf 71' lang='grc' dir='ltr'>ζ</span> <span class='ocrx_word' id='word_1_256' title='bbox 486 881 596 908; x_wconf 91' lang='lat' dir='ltr'><strong>domum</strong></span> <span class='ocrx_word' id='word_1_257' title='bbox 615 879 701 911; x_wconf 67' lang='lat' dir='ltr'><strong>Iudae.</strong></span> <span class='ocrx_word' id='word_1_258' title='bbox 722 887 815 907; x_wconf 83' lang='lat' dir='ltr'><strong>semen</strong></span> <span class='ocrx_word' id='word_1_259' title='bbox 836 879 885 906; x_wconf 90' lang='lat' dir='ltr'><strong>bo-</strong></span> <span class='ocrx_word' id='word_1_260' title='bbox 903 877 922 904; x_wconf 85' lang='grc' dir='ltr'><strong><em>Β</em></strong></span> <span class='ocrx_word' id='word_1_261' title='bbox 970 881 1048 909; x_wconf 79' lang='lat' dir='ltr'><strong>CAP.</strong></span> <span class='ocrx_word' id='word_1_262' title='bbox 1066 881 1212 908; x_wconf 73' lang='lat' dir='ltr'><strong>xxx&quot;.—</strong></span> <span class='ocrx_word' id='word_1_263' title='bbox 1228 883 1252 908; x_wconf 75' lang='grc' dir='ltr'><strong>ί,</strong></span> <span class='ocrx_word' id='word_1_264' title='bbox 1275 881 1403 915; x_wconf 58' lang='lat' dir='ltr'><strong>verbum,</strong></span> <span class='ocrx_word' id='word_1_265' title='bbox 1422 882 1495 917; x_wconf 78' lang='lat' dir='ltr'><strong>quod</strong></span> <span class='ocrx_word' id='word_1_266' title='bbox 1513 882 1613 909; x_wconf 76' lang='lat' dir='ltr'><strong>faculm</strong></span> <span class='ocrx_word' id='word_1_267' title='bbox 1631 890 1671 908; x_wconf 50' lang='lat' dir='ltr'><strong>es:</strong></span> <span class='ocrx_word' id='word_1_268' title='bbox 1690 881 1724 909; x_wconf 72' lang='lat' dir='ltr'><strong>ad</strong></span> 
     </span>
    </p>
   </div>
   <div class='ocr_carea' id='block_1_35' title="bbox 93 925 886 962">
    <p class='ocr_par' dir='ltr' id='par_1_35' title="bbox 93 925 886 962">
     <span class='ocr_line' id='line_1_35' title="bbox 93 925 886 962; baseline -0.004 -6"><span class='ocrx_word' id='word_1_269' title='bbox 93 937 172 960; x_wconf 85' lang='lat' dir='ltr'><strong>num,</strong></span> <span class='ocrx_word' id='word_1_270' title='bbox 189 933 216 956; x_wconf 82' lang='lat' dir='ltr'><strong>et</strong></span> <span class='ocrx_word' id='word_1_271' title='bbox 231 936 322 956; x_wconf 87' lang='lat' dir='ltr'><strong>semen</strong></span> <span class='ocrx_word' id='word_1_272' title='bbox 342 927 470 962; x_wconf 89' lang='lat' dir='ltr'><strong>jumeuti.</strong></span> <span class='ocrx_word' id='word_1_273' title='bbox 485 927 530 953; x_wconf 79' lang='lat'><strong>‘28.</strong></span> <span class='ocrx_word' id='word_1_274' title='bbox 559 927 589 953; x_wconf 69' lang='lat' dir='ltr'><strong>lit</strong></span> <span class='ocrx_word' id='word_1_275' title='bbox 605 928 665 957; x_wconf 77' lang='lat' dir='ltr'><strong>crit,</strong></span> <span class='ocrx_word' id='word_1_276' title='bbox 683 927 755 953; x_wconf 86' lang='lat' dir='ltr'><strong>sicut</strong></span> <span class='ocrx_word' id='word_1_277' title='bbox 769 925 886 960; x_wconf 80' lang='lat' dir='ltr'><strong>vigilans</strong></span> 
     </span>
    </p>
   </div>
   <div class='ocr_carea' id='block_1_36' title="bbox 95 971 886 1008">
    <p class='ocr_par' dir='ltr' id='par_1_36' title="bbox 95 971 886 1008">
     <span class='ocr_line' id='line_1_36' title="bbox 95 971 886 1008; baseline -0.005 -7"><span class='ocrx_word' id='word_1_278' title='bbox 95 974 135 1002; x_wconf 92' lang='lat' dir='ltr'><strong>fui</strong></span> <span class='ocrx_word' id='word_1_279' title='bbox 149 981 231 1008; x_wconf 87' lang='lat' dir='ltr'><strong>super</strong></span> <span class='ocrx_word' id='word_1_280' title='bbox 244 981 292 1001; x_wconf 90' lang='lat' dir='ltr'><strong>eos</strong></span> <span class='ocrx_word' id='word_1_281' title='bbox 307 975 340 1007; x_wconf 62' lang='grc'><strong>31(</strong></span> <span class='ocrx_word' id='word_1_282' title='bbox 360 973 393 999; x_wconf 91' lang='lat' dir='ltr'><strong>ad</strong></span> <span class='ocrx_word' id='word_1_283' title='bbox 410 972 626 1006; x_wconf 82' lang='lat' dir='ltr'><strong>exstirpandum,</strong></span> <span class='ocrx_word' id='word_1_284' title='bbox 647 975 674 998; x_wconf 84' lang='lat' dir='ltr'><strong>et</strong></span> <span class='ocrx_word' id='word_1_285' title='bbox 692 972 725 998; x_wconf 89' lang='lat' dir='ltr'><strong>ad</strong></span> <span class='ocrx_word' id='word_1_286' title='bbox 742 971 886 998; x_wconf 86' lang='lat' dir='ltr'><strong>destruen-</strong></span> 
     </span>
    </p>
   </div>
   <div class='ocr_carea' id='block_1_37' title="bbox 91 1016 884 1053">
    <p class='ocr_par' dir='ltr' id='par_1_37' title="bbox 91 1016 884 1053">
     <span class='ocr_line' id='line_1_37' title="bbox 91 1016 884 1053; baseline -0.006 -6"><span class='ocrx_word' id='word_1_287' title='bbox 91 1021 170 1052; x_wconf 87' lang='lat' dir='ltr'><strong>dum,</strong></span> <span class='ocrx_word' id='word_1_288' title='bbox 191 1024 218 1047; x_wconf 88' lang='lat' dir='ltr'><strong>et</strong></span> <span class='ocrx_word' id='word_1_289' title='bbox 235 1019 259 1053; x_wconf 71' lang='grc' dir='ltr'><strong>ζ,</strong></span> <span class='ocrx_word' id='word_1_290' title='bbox 276 1019 308 1046; x_wconf 90' lang='lat' dir='ltr'><strong>ad</strong></span> <span class='ocrx_word' id='word_1_291' title='bbox 327 1018 514 1051; x_wconf 78' lang='lat' dir='ltr'><strong>evertendum,</strong></span> <span class='ocrx_word' id='word_1_292' title='bbox 531 1019 566 1052; x_wconf 57' lang='grc' dir='ltr'>Χ</span> <span class='ocrx_word' id='word_1_293' title='bbox 580 1023 606 1045; x_wconf 91' lang='lat' dir='ltr'><strong>et</strong></span> <span class='ocrx_word' id='word_1_294' title='bbox 620 1016 653 1043; x_wconf 85' lang='lat' dir='ltr'><strong>ad</strong></span> <span class='ocrx_word' id='word_1_295' title='bbox 675 1016 841 1051; x_wconf 90' lang='lat' dir='ltr'><strong>perdendum</strong></span> <span class='ocrx_word' id='word_1_296' title='bbox 861 1016 884 1050; x_wconf 68' lang='grc' dir='ltr'><strong>ζ,</strong></span> 
     </span>
    </p>
   </div>
   <div class='ocr_carea' id='block_1_38' title="bbox 93 1062 886 1098">
    <p class='ocr_par' dir='ltr' id='par_1_38' title="bbox 93 1062 886 1098">
     <span class='ocr_line' id='line_1_38' title="bbox 93 1062 886 1098; baseline -0.004 -6"><span class='ocrx_word' id='word_1_297' title='bbox 93 1070 121 1092; x_wconf 81' lang='lat' dir='ltr'><strong>ct</strong></span> <span class='ocrx_word' id='word_1_298' title='bbox 140 1065 173 1092; x_wconf 88' lang='lat' dir='ltr'><strong>ad</strong></span> <span class='ocrx_word' id='word_1_299' title='bbox 195 1065 265 1091; x_wconf 85' lang='lat' dir='ltr'><strong>male</strong></span> <span class='ocrx_word' id='word_1_300' title='bbox 287 1064 460 1096; x_wconf 85' lang='lat' dir='ltr'><strong>faciendum;</strong></span> <span class='ocrx_word' id='word_1_301' title='bbox 481 1064 520 1091; x_wconf 88' lang='lat' dir='ltr'><strong>sic</strong></span> <span class='ocrx_word' id='word_1_302' title='bbox 538 1063 656 1098; x_wconf 91' lang='lat' dir='ltr'><strong>vigilabo</strong></span> <span class='ocrx_word' id='word_1_303' title='bbox 673 1070 755 1097; x_wconf 77' lang='lat' dir='ltr'><strong>super</strong></span> <span class='ocrx_word' id='word_1_304' title='bbox 770 1070 827 1091; x_wconf 88' lang='lat' dir='ltr'><strong>eos.</strong></span> <span class='ocrx_word' id='word_1_305' title='bbox 852 1062 886 1089; x_wconf 86' lang='lat' dir='ltr'><strong>ad</strong></span> 
     </span>
    </p>
   </div>
   <div class='ocr_carea' id='block_1_39' title="bbox 92 1107 885 1145">
    <p class='ocr_par' dir='ltr' id='par_1_39' title="bbox 92 1107 885 1145">
     <span class='ocr_line' id='line_1_39' title="bbox 92 1107 885 1145; baseline -0.006 -6"><span class='ocrx_word' id='word_1_306' title='bbox 92 1121 117 1139; x_wconf 77' lang='lat' dir='ltr'><strong>ae</strong></span> <span class='ocrx_word' id='word_1_307' title='bbox 127 1112 324 1144; x_wconf 84' lang='lat' dir='ltr'><strong>lilicamlum,et</strong></span> <span class='ocrx_word' id='word_1_308' title='bbox 336 1110 369 1138; x_wconf 90' lang='lat' dir='ltr'><strong>ad</strong></span> <span class='ocrx_word' id='word_1_309' title='bbox 387 1110 576 1145; x_wconf 82' lang='lat' dir='ltr'><strong>plantandum,</strong></span> <span class='ocrx_word' id='word_1_310' title='bbox 587 1109 653 1136; x_wconf 86' lang='lat' dir='ltr'><strong>dicit</strong></span> <span class='ocrx_word' id='word_1_311' title='bbox 665 1107 885 1135; x_wconf 62' lang='lat' dir='ltr'><strong>Dominusﬂﬁdu</strong></span> 
     </span>
    </p>
   </div>
   <div class='ocr_carea' id='block_1_40' title="bbox 93 1153 886 1189">
    <p class='ocr_par' dir='ltr' id='par_1_40' title="bbox 93 1153 886 1189">
     <span class='ocr_line' id='line_1_40' title="bbox 93 1153 886 1189; baseline -0.004 -8"><span class='ocrx_word' id='word_1_312' title='bbox 93 1156 191 1183; x_wconf 84' lang='lat' dir='ltr'><strong>diebus</strong></span> <span class='ocrx_word' id='word_1_313' title='bbox 206 1155 267 1182; x_wconf 80' lang='lat' dir='ltr'><strong>istis</strong></span> <span class='ocrx_word' id='word_1_314' title='bbox 279 1163 332 1182; x_wconf 93' lang='lat' dir='ltr'><strong>nou</strong></span> <span class='ocrx_word' id='word_1_315' title='bbox 348 1154 440 1182; x_wconf 85' lang='lat' dir='ltr'><strong>dicent</strong></span> <span class='ocrx_word' id='word_1_316' title='bbox 451 1154 585 1189; x_wconf 84' lang='lat' dir='ltr'><strong>amplius:</strong></span> <span class='ocrx_word' id='word_1_317' title='bbox 599 1153 696 1180; x_wconf 82' lang='lat' dir='ltr'><strong>Patres</strong></span> <span class='ocrx_word' id='word_1_318' title='bbox 708 1153 886 1180; x_wconf 87' lang='lat' dir='ltr'><strong>comederunt</strong></span> 
     </span>
    </p>
   </div>
   <div class='ocr_carea' id='block_1_41' title="bbox 93 1199 885 1232">
    <p class='ocr_par' dir='ltr' id='par_1_41' title="bbox 93 1199 885 1232">
     <span class='ocr_line' id='line_1_41' title="bbox 93 1199 885 1232; baseline -0.005 -4"><span class='ocrx_word' id='word_1_319' title='bbox 93 1209 162 1228; x_wconf 88' lang='lat' dir='ltr'><strong>uvas</strong></span> <span class='ocrx_word' id='word_1_320' title='bbox 187 1201 318 1232; x_wconf 80' lang='lat' dir='ltr'><strong>acerbas.</strong></span> <span class='ocrx_word' id='word_1_321' title='bbox 349 1205 375 1227; x_wconf 82' lang='lat' dir='ltr'><strong>et</strong></span> <span class='ocrx_word' id='word_1_322' title='bbox 404 1200 499 1227; x_wconf 90' lang='lat' dir='ltr'><strong>dentes</strong></span> <span class='ocrx_word' id='word_1_323' title='bbox 529 1200 647 1227; x_wconf 84' lang='lat' dir='ltr'><strong>filiorum</strong></span> <span class='ocrx_word' id='word_1_324' title='bbox 677 1199 885 1232; x_wconf 83' lang='lat' dir='ltr'><strong>obstupuerunt.</strong></span> 
     </span>
    </p>
   </div>
   <div class='ocr_carea' id='block_1_42' title="bbox 92 1243 886 1280">
    <p class='ocr_par' dir='ltr' id='par_1_42' title="bbox 92 1243 886 1280">
     <span class='ocr_line' id='line_1_42' title="bbox 92 1243 886 1280; baseline -0.005 -8"><span class='ocrx_word' id='word_1_325' title='bbox 92 1246 139 1273; x_wconf 74' lang='grc'><strong>50.</strong></span> <span class='ocrx_word' id='word_1_326' title='bbox 156 1245 206 1272; x_wconf 84' lang='lat' dir='ltr'><strong>Sed</strong></span> <span class='ocrx_word' id='word_1_327' title='bbox 223 1245 409 1280; x_wconf 80' lang='lat' dir='ltr'><strong>unusquisque</strong></span> <span class='ocrx_word' id='word_1_328' title='bbox 430 1245 456 1271; x_wconf 91' lang='lat' dir='ltr'><strong>in</strong></span> <span class='ocrx_word' id='word_1_329' title='bbox 486 1249 597 1279; x_wconf 79' lang='lat' dir='ltr'><strong>pecrato</strong></span> <span class='ocrx_word' id='word_1_330' title='bbox 619 1251 669 1270; x_wconf 92' lang='lat' dir='ltr'><strong>suo</strong></span> <span class='ocrx_word' id='word_1_331' title='bbox 697 1243 837 1275; x_wconf 88' lang='lat' dir='ltr'><strong>morietur,</strong></span> <span class='ocrx_word' id='word_1_332' title='bbox 852 1243 886 1276; x_wconf 70' lang='grc' dir='ltr'><strong>&gt;ε&lt;</strong></span> 
     </span>
    </p>
   </div>
   <div class='ocr_carea' id='block_1_43' title="bbox 96 1289 885 1326">
    <p class='ocr_par' dir='ltr' id='par_1_43' title="bbox 96 1289 885 1326">
     <span class='ocr_line' id='line_1_43' title="bbox 96 1289 885 1326; baseline -0.003 -8"><span class='ocrx_word' id='word_1_333' title='bbox 96 1291 136 1326; x_wconf 83' lang='lat' dir='ltr'><strong>(d)</strong></span> <span class='ocrx_word' id='word_1_334' title='bbox 152 1292 243 1318; x_wconf 85' lang='lat' dir='ltr'><strong>ontnis</strong></span> <span class='ocrx_word' id='word_1_335' title='bbox 258 1291 341 1318; x_wconf 88' lang='lat' dir='ltr'><strong>homo</strong></span> <span class='ocrx_word' id='word_1_336' title='bbox 356 1291 379 1325; x_wconf 74' lang='grc' dir='ltr'><strong>ζ,</strong></span> <span class='ocrx_word' id='word_1_337' title='bbox 401 1295 427 1317; x_wconf 85' lang='lat' dir='ltr'><strong>et</strong></span> <span class='ocrx_word' id='word_1_338' title='bbox 447 1290 493 1324; x_wconf 92' lang='lat' dir='ltr'><strong>qui</strong></span> <span class='ocrx_word' id='word_1_339' title='bbox 511 1289 660 1318; x_wconf 89' lang='lat' dir='ltr'><strong>comederit</strong></span> <span class='ocrx_word' id='word_1_340' title='bbox 676 1297 743 1316; x_wconf 85' lang='lat' dir='ltr'><strong>uvas</strong></span> <span class='ocrx_word' id='word_1_341' title='bbox 763 1289 885 1321; x_wconf 83' lang='lat' dir='ltr'><strong>acerbas,</strong></span> 
     </span>
    </p>
   </div>
   <div class='ocr_carea' id='block_1_44' title="bbox 92 1334 885 1370">
    <p class='ocr_par' dir='ltr' id='par_1_44' title="bbox 92 1334 885 1370">
     <span class='ocr_line' id='line_1_44' title="bbox 92 1334 885 1370; baseline -0.004 -7"><span class='ocrx_word' id='word_1_342' title='bbox 92 1336 289 1370; x_wconf 86' lang='lat' dir='ltr'><strong>obstupescent</strong></span> <span class='ocrx_word' id='word_1_343' title='bbox 314 1335 411 1364; x_wconf 88' lang='lat' dir='ltr'><strong>dentes</strong></span> <span class='ocrx_word' id='word_1_344' title='bbox 435 1336 504 1370; x_wconf 84' lang='lat' dir='ltr'><strong>ejus.</strong></span> <span class='ocrx_word' id='word_1_345' title='bbox 532 1335 576 1362; x_wconf 76' lang='lat' dir='ltr'><strong>3L</strong></span> <span class='ocrx_word' id='word_1_346' title='bbox 593 1334 663 1362; x_wconf 87' lang='lat' dir='ltr'><strong>Ecce</strong></span> <span class='ocrx_word' id='word_1_347' title='bbox 684 1335 742 1361; x_wconf 85' lang='lat' dir='ltr'><strong>dies</strong></span> <span class='ocrx_word' id='word_1_348' title='bbox 764 1334 885 1367; x_wconf 75' lang='lat' dir='ltr'><strong>Vt‘niltttl,</strong></span> 
     </span>
    </p>
   </div>
   <div class='ocr_carea' id='block_1_45' title="bbox 93 1380 887 1416">
    <p class='ocr_par' dir='ltr' id='par_1_45' title="bbox 93 1380 887 1416">
     <span class='ocr_line' id='line_1_45' title="bbox 93 1380 887 1416; baseline -0.001 -8"><span class='ocrx_word' id='word_1_349' title='bbox 93 1381 159 1408; x_wconf 82' lang='lat' dir='ltr'><strong>dicit</strong></span> <span class='ocrx_word' id='word_1_350' title='bbox 183 1381 324 1413; x_wconf 90' lang='lat' dir='ltr'><strong>Dominus,</strong></span> <span class='ocrx_word' id='word_1_351' title='bbox 341 1385 367 1408; x_wconf 89' lang='lat' dir='ltr'><strong>et</strong></span> <span class='ocrx_word' id='word_1_352' title='bbox 389 1381 423 1416; x_wconf 75' lang='grc' dir='ltr'><strong>(ρ)</strong></span> <span class='ocrx_word' id='word_1_353' title='bbox 445 1381 588 1416; x_wconf 82' lang='lat' dir='ltr'><strong>disponam</strong></span> <span class='ocrx_word' id='word_1_354' title='bbox 610 1381 700 1407; x_wconf 84' lang='lat' dir='ltr'><strong>domui</strong></span> <span class='ocrx_word' id='word_1_355' title='bbox 725 1380 845 1411; x_wconf 81' lang='lat' dir='ltr'><strong>Israelis.</strong></span> <span class='ocrx_word' id='word_1_356' title='bbox 860 1385 887 1407; x_wconf 88' lang='lat' dir='ltr'><strong>et</strong></span> 
     </span>
    </p>
   </div>
   <div class='ocr_carea' id='block_1_46' title="bbox 92 1426 881 1463">
    <p class='ocr_par' dir='ltr' id='par_1_46' title="bbox 92 1426 881 1463">
     <span class='ocr_line' id='line_1_46' title="bbox 92 1426 881 1463; baseline -0.001 -9"><span class='ocrx_word' id='word_1_357' title='bbox 92 1427 186 1454; x_wconf 87' lang='lat' dir='ltr'><strong>domui</strong></span> <span class='ocrx_word' id='word_1_358' title='bbox 203 1426 278 1454; x_wconf 64' lang='lat' dir='ltr'><strong>.ludae</strong></span> <span class='ocrx_word' id='word_1_359' title='bbox 295 1427 327 1463; x_wconf 70' lang='grc' dir='ltr'><strong>(Γ)</strong></span> <span class='ocrx_word' id='word_1_360' title='bbox 340 1426 430 1455; x_wconf 73' lang='lat' dir='ltr'><strong>foedus</strong></span> <span class='ocrx_word' id='word_1_361' title='bbox 443 1435 554 1459; x_wconf 89' lang='lat' dir='ltr'><strong>novum,</strong></span> <span class='ocrx_word' id='word_1_362' title='bbox 567 1427 612 1459; x_wconf 72' lang='lat'><strong>52,</strong></span> <span class='ocrx_word' id='word_1_363' title='bbox 626 1427 768 1462; x_wconf 86' lang='lat' dir='ltr'><strong>nonjuxta</strong></span> <span class='ocrx_word' id='word_1_364' title='bbox 782 1426 881 1458; x_wconf 64' lang='lat' dir='ltr'><strong>foedus,</strong></span> 
     </span>
    </p>
   </div>
   <div class='ocr_carea' id='block_1_47' title="bbox 93 1471 887 1506">
    <p class='ocr_par' dir='ltr' id='par_1_47' title="bbox 93 1471 887 1506">
     <span class='ocr_line' id='line_1_47' title="bbox 93 1471 887 1506; baseline -0.001 -8"><span class='ocrx_word' id='word_1_365' title='bbox 93 1471 166 1506; x_wconf 85' lang='lat' dir='ltr'><strong>quod</strong></span> <span class='ocrx_word' id='word_1_366' title='bbox 194 1472 315 1506; x_wconf 86' lang='lat' dir='ltr'><strong>disposui</strong></span> <span class='ocrx_word' id='word_1_367' title='bbox 335 1472 459 1506; x_wconf 90' lang='lat' dir='ltr'><strong>patribus</strong></span> <span class='ocrx_word' id='word_1_368' title='bbox 481 1479 576 1498; x_wconf 91' lang='lat' dir='ltr'><strong>corum</strong></span> <span class='ocrx_word' id='word_1_369' title='bbox 594 1471 619 1498; x_wconf 96' lang='lat' dir='ltr'><strong>in</strong></span> <span class='ocrx_word' id='word_1_370' title='bbox 642 1471 695 1502; x_wconf 85' lang='lat' dir='ltr'><strong>die,</strong></span> <span class='ocrx_word' id='word_1_371' title='bbox 715 1479 776 1498; x_wconf 91' lang='lat' dir='ltr'><strong>cum</strong></span> <span class='ocrx_word' id='word_1_372' title='bbox 790 1478 887 1505; x_wconf 85' lang='lat' dir='ltr'><strong>appre-</strong></span> 
     </span>
    </p>
   </div>
   <div class='ocr_carea' id='block_1_48' title="bbox 93 1515 884 1548">
    <p class='ocr_par' dir='ltr' id='par_1_48' title="bbox 93 1515 884 1548">
     <span class='ocr_line' id='line_1_48' title="bbox 93 1515 884 1548; baseline 0 -6"><span class='ocrx_word' id='word_1_373' title='bbox 93 1516 175 1542; x_wconf 86' lang='lat' dir='ltr'><strong>bendi</strong></span> <span class='ocrx_word' id='word_1_374' title='bbox 198 1524 308 1542; x_wconf 90' lang='lat' dir='ltr'><strong>manum</strong></span> <span class='ocrx_word' id='word_1_375' title='bbox 327 1523 434 1548; x_wconf 87' lang='lat' dir='ltr'><strong>eorum,</strong></span> <span class='ocrx_word' id='word_1_376' title='bbox 450 1515 483 1542; x_wconf 91' lang='lat' dir='ltr'><strong>ad</strong></span> <span class='ocrx_word' id='word_1_377' title='bbox 504 1515 674 1542; x_wconf 88' lang='lat' dir='ltr'><strong>educendum</strong></span> <span class='ocrx_word' id='word_1_378' title='bbox 692 1523 739 1542; x_wconf 91' lang='lat' dir='ltr'><strong>eos</strong></span> <span class='ocrx_word' id='word_1_379' title='bbox 753 1523 786 1542; x_wconf 87' lang='lat' dir='ltr'><strong>ex</strong></span> <span class='ocrx_word' id='word_1_380' title='bbox 814 1520 884 1542; x_wconf 85' lang='lat' dir='ltr'><strong>terra</strong></span> 
     </span>
    </p>
   </div>
   <div class='ocr_carea' id='block_1_49' title="bbox 93 1560 884 1596">
    <p class='ocr_par' dir='ltr' id='par_1_49' title="bbox 93 1560 884 1596">
     <span class='ocr_line' id='line_1_49' title="bbox 93 1560 884 1596; baseline 0 -9"><span class='ocrx_word' id='word_1_381' title='bbox 93 1560 214 1596; x_wconf 65' lang='lat' dir='ltr'><strong>Aﬁgypti;</strong></span> <span class='ocrx_word' id='word_1_382' title='bbox 230 1561 293 1595; x_wconf 88' lang='lat' dir='ltr'><strong>quia</strong></span> <span class='ocrx_word' id='word_1_383' title='bbox 312 1560 350 1587; x_wconf 91' lang='lat' dir='ltr'><strong>illi</strong></span> <span class='ocrx_word' id='word_1_384' title='bbox 374 1568 428 1587; x_wconf 90' lang='lat' dir='ltr'><strong>non</strong></span> <span class='ocrx_word' id='word_1_385' title='bbox 447 1563 608 1587; x_wconf 86' lang='lat' dir='ltr'><strong>manserunt</strong></span> <span class='ocrx_word' id='word_1_386' title='bbox 635 1561 661 1587; x_wconf 93' lang='lat' dir='ltr'><strong>iu</strong></span> <span class='ocrx_word' id='word_1_387' title='bbox 687 1560 788 1587; x_wconf 68' lang='lat' dir='ltr'><strong>foedere</strong></span> <span class='ocrx_word' id='word_1_388' title='bbox 812 1568 884 1593; x_wconf 83' lang='lat' dir='ltr'><strong>meo,</strong></span> 
     </span>
    </p>
   </div>
   <div class='ocr_carea' id='block_1_50' title="bbox 93 1604 887 1641">
    <p class='ocr_par' dir='ltr' id='par_1_50' title="bbox 93 1604 887 1641">
     <span class='ocr_line' id='line_1_50' title="bbox 93 1604 887 1641; baseline 0.001 -9"><span class='ocrx_word' id='word_1_389' title='bbox 93 1606 175 1633; x_wconf 82' lang='lat' dir='ltr'><strong>etiam</strong></span> <span class='ocrx_word' id='word_1_390' title='bbox 192 1613 241 1641; x_wconf 78' lang='lat' dir='ltr'><strong>ego</strong></span> <span class='ocrx_word' id='word_1_391' title='bbox 257 1606 361 1641; x_wconf 79' lang='lat' dir='ltr'><strong>neglexi</strong></span> <span class='ocrx_word' id='word_1_392' title='bbox 375 1613 433 1636; x_wconf 85' lang='lat' dir='ltr'><strong>eos,</strong></span> <span class='ocrx_word' id='word_1_393' title='bbox 450 1605 517 1632; x_wconf 70' lang='lat' dir='ltr'><strong>dicit</strong></span> <span class='ocrx_word' id='word_1_394' title='bbox 533 1604 673 1633; x_wconf 86' lang='lat' dir='ltr'><strong>Dominus.</strong></span> <span class='ocrx_word' id='word_1_395' title='bbox 690 1605 733 1632; x_wconf 76' lang='grc'><strong>55.</strong></span> <span class='ocrx_word' id='word_1_396' title='bbox 752 1605 821 1638; x_wconf 83' lang='lat' dir='ltr'><strong>Quia</strong></span> <span class='ocrx_word' id='word_1_397' title='bbox 836 1606 887 1633; x_wconf 90' lang='lat' dir='ltr'><strong>hoc</strong></span> 
     </span>
    </p>
   </div>
   <div class='ocr_carea' id='block_1_51' title="bbox 94 1651 887 1686">
    <p class='ocr_par' dir='ltr' id='par_1_51' title="bbox 94 1651 887 1686">
     <span class='ocr_line' id='line_1_51' title="bbox 94 1651 887 1686; baseline 0 -8"><span class='ocrx_word' id='word_1_398' title='bbox 94 1651 194 1683; x_wconf 71' lang='lat' dir='ltr'><strong>ftedus,</strong></span> <span class='ocrx_word' id='word_1_399' title='bbox 211 1651 284 1686; x_wconf 88' lang='lat' dir='ltr'><strong>quod</strong></span> <span class='ocrx_word' id='word_1_400' title='bbox 303 1651 447 1686; x_wconf 83' lang='lat' dir='ltr'><strong>disponam</strong></span> <span class='ocrx_word' id='word_1_401' title='bbox 464 1651 558 1678; x_wconf 92' lang='lat' dir='ltr'><strong>domui</strong></span> <span class='ocrx_word' id='word_1_402' title='bbox 575 1651 692 1683; x_wconf 82' lang='lat' dir='ltr'><strong>lsraelis,</strong></span> <span class='ocrx_word' id='word_1_403' title='bbox 706 1651 743 1686; x_wconf 82' lang='lat' dir='ltr'><strong>(g)</strong></span> <span class='ocrx_word' id='word_1_404' title='bbox 760 1652 887 1686; x_wconf 86' lang='lat' dir='ltr'><strong>postdics</strong></span> 
     </span>
    </p>
   </div>
   <div class='ocr_carea' id='block_1_52' title="bbox 92 1696 885 1732">
    <p class='ocr_par' dir='ltr' id='par_1_52' title="bbox 92 1696 885 1732">
     <span class='ocr_line' id='line_1_52' title="bbox 92 1696 885 1732; baseline 0 -8"><span class='ocrx_word' id='word_1_405' title='bbox 92 1697 172 1729; x_wconf 85' lang='lat' dir='ltr'><strong>istos.</strong></span> <span class='ocrx_word' id='word_1_406' title='bbox 190 1697 256 1724; x_wconf 87' lang='lat' dir='ltr'><strong>dicit</strong></span> <span class='ocrx_word' id='word_1_407' title='bbox 268 1696 398 1724; x_wconf 88' lang='lat' dir='ltr'><strong>Dominus</strong></span> <span class='ocrx_word' id='word_1_408' title='bbox 415 1706 422 1724; x_wconf 91' lang='lat'>:</span> <span class='ocrx_word' id='word_1_409' title='bbox 446 1697 484 1732; x_wconf 82' lang='lat' dir='ltr'><strong>(It)</strong></span> <span class='ocrx_word' id='word_1_410' title='bbox 503 1698 577 1732; x_wconf 91' lang='lat' dir='ltr'><strong>quod</strong></span> <span class='ocrx_word' id='word_1_411' title='bbox 593 1697 662 1724; x_wconf 86' lang='lat' dir='ltr'><strong>dabo</strong></span> <span class='ocrx_word' id='word_1_412' title='bbox 679 1697 752 1732; x_wconf 77' lang='lat' dir='ltr'><strong>leges</strong></span> <span class='ocrx_word' id='word_1_413' title='bbox 771 1705 846 1725; x_wconf 88' lang='lat' dir='ltr'><strong>meas</strong></span> <span class='ocrx_word' id='word_1_414' title='bbox 859 1698 885 1724; x_wconf 96' lang='lat' dir='ltr'><strong>in</strong></span> 
     </span>
    </p>
   </div>
   <div class='ocr_carea' id='block_1_53' title="bbox 94 1742 886 1777">
    <p class='ocr_par' dir='ltr' id='par_1_53' title="bbox 94 1742 886 1777">
     <span class='ocr_line' id='line_1_53' title="bbox 94 1742 886 1777; baseline 0.001 -9"><span class='ocrx_word' id='word_1_415' title='bbox 94 1746 213 1769; x_wconf 87' lang='lat' dir='ltr'><strong>mentem</strong></span> <span class='ocrx_word' id='word_1_416' title='bbox 229 1750 338 1774; x_wconf 88' lang='lat' dir='ltr'><strong>eorum,</strong></span> <span class='ocrx_word' id='word_1_417' title='bbox 354 1746 380 1769; x_wconf 88' lang='lat' dir='ltr'><strong>et</strong></span> <span class='ocrx_word' id='word_1_418' title='bbox 394 1743 428 1776; x_wconf 60' lang='grc' dir='ltr'>Χ</span> <span class='ocrx_word' id='word_1_419' title='bbox 446 1750 528 1776; x_wconf 84' lang='lat' dir='ltr'><strong>super</strong></span> <span class='ocrx_word' id='word_1_420' title='bbox 544 1746 653 1777; x_wconf 86' lang='lat' dir='ltr'><strong>pectore</strong></span> <span class='ocrx_word' id='word_1_421' title='bbox 665 1742 676 1775; x_wconf 71' lang='grc' dir='ltr'>ζ</span> <span class='ocrx_word' id='word_1_422' title='bbox 689 1742 778 1770; x_wconf 84' lang='lat' dir='ltr'><strong>cordis</strong></span> <span class='ocrx_word' id='word_1_423' title='bbox 792 1751 886 1770; x_wconf 89' lang='lat' dir='ltr'><strong>eorum</strong></span> 
     </span>
    </p>
   </div>
   <div class='ocr_carea' id='block_1_54' title="bbox 93 1788 888 1820">
    <p class='ocr_par' dir='ltr' id='par_1_54' title="bbox 93 1788 888 1820">
     <span class='ocr_line' id='line_1_54' title="bbox 93 1788 888 1820; baseline 0.001 -6"><span class='ocrx_word' id='word_1_424' title='bbox 93 1788 212 1815; x_wconf 84' lang='lat' dir='ltr'><strong>scribam</strong></span> <span class='ocrx_word' id='word_1_425' title='bbox 229 1796 275 1815; x_wconf 89' lang='lat' dir='ltr'><strong>eas</strong></span> <span class='ocrx_word' id='word_1_426' title='bbox 290 1797 296 1816; x_wconf 89' lang='lat'>:</span> <span class='ocrx_word' id='word_1_427' title='bbox 313 1793 340 1815; x_wconf 83' lang='lat' dir='ltr'><strong>et</strong></span> <span class='ocrx_word' id='word_1_428' title='bbox 357 1796 404 1816; x_wconf 84' lang='lat' dir='ltr'><strong>ero</strong></span> <span class='ocrx_word' id='word_1_429' title='bbox 418 1789 458 1816; x_wconf 86' lang='lat' dir='ltr'><strong>eis</strong></span> <span class='ocrx_word' id='word_1_430' title='bbox 472 1788 498 1815; x_wconf 94' lang='lat' dir='ltr'><strong>iu</strong></span> <span class='ocrx_word' id='word_1_431' title='bbox 512 1789 606 1820; x_wconf 86' lang='lat' dir='ltr'><strong>Deum,</strong></span> <span class='ocrx_word' id='word_1_432' title='bbox 628 1793 655 1816; x_wconf 87' lang='lat' dir='ltr'><strong>et</strong></span> <span class='ocrx_word' id='word_1_433' title='bbox 671 1789 708 1815; x_wconf 92' lang='lat' dir='ltr'><strong>illi</strong></span> <span class='ocrx_word' id='word_1_434' title='bbox 723 1793 804 1816; x_wconf 83' lang='lat' dir='ltr'><strong>erunt</strong></span> <span class='ocrx_word' id='word_1_435' title='bbox 821 1788 888 1815; x_wconf 93' lang='lat' dir='ltr'><strong>mihi</strong></span> 
     </span>
    </p>
   </div>
   <div class='ocr_carea' id='block_1_55' title="bbox 94 1833 886 1868">
    <p class='ocr_par' dir='ltr' id='par_1_55' title="bbox 94 1833 886 1868">
     <span class='ocr_line' id='line_1_55' title="bbox 94 1833 886 1868; baseline -0.001 -7"><span class='ocrx_word' id='word_1_436' title='bbox 94 1834 123 1862; x_wconf 90' lang='lat' dir='ltr'><strong>in</strong></span> <span class='ocrx_word' id='word_1_437' title='bbox 153 1833 295 1868; x_wconf 83' lang='lat' dir='ltr'><strong>populum.</strong></span> <span class='ocrx_word' id='word_1_438' title='bbox 321 1833 366 1861; x_wconf 77' lang='grc'><strong>54.</strong></span> <span class='ocrx_word' id='word_1_439' title='bbox 401 1833 432 1860; x_wconf 86' lang='grc' dir='ltr'><strong>Ει</strong></span> <span class='ocrx_word' id='word_1_440' title='bbox 459 1841 514 1860; x_wconf 91' lang='lat' dir='ltr'><strong>non</strong></span> <span class='ocrx_word' id='word_1_441' title='bbox 541 1833 676 1861; x_wconf 88' lang='lat' dir='ltr'><strong>docebunt</strong></span> <span class='ocrx_word' id='word_1_442' title='bbox 697 1835 730 1868; x_wconf 74' lang='grc' dir='ltr'>&gt;κ</span> <span class='ocrx_word' id='word_1_443' title='bbox 757 1834 886 1868; x_wconf 67' lang='lat' dir='ltr'><strong>iterum:</strong></span> 
     </span>
    </p>
   </div>
   <div class='ocr_carea' id='block_1_56' title="bbox 94 1879 889 1914">
    <p class='ocr_par' dir='ltr' id='par_1_56' title="bbox 94 1879 889 1914">
     <span class='ocr_line' id='line_1_56' title="bbox 94 1879 889 1914; baseline 0 -8"><span class='ocrx_word' id='word_1_444' title='bbox 94 1880 287 1913; x_wconf 77' lang='lat' dir='ltr'><strong>unuSquisque</strong></span> <span class='ocrx_word' id='word_1_445' title='bbox 309 1880 419 1906; x_wconf 82' lang='lat' dir='ltr'><strong>fratrem</strong></span> <span class='ocrx_word' id='word_1_446' title='bbox 437 1887 528 1910; x_wconf 91' lang='lat' dir='ltr'><strong>suum,</strong></span> <span class='ocrx_word' id='word_1_447' title='bbox 544 1883 571 1906; x_wconf 91' lang='lat' dir='ltr'><strong>et</strong></span> <span class='ocrx_word' id='word_1_448' title='bbox 588 1879 778 1914; x_wconf 82' lang='lat' dir='ltr'><strong>unusquisque</strong></span> <span class='ocrx_word' id='word_1_449' title='bbox 797 1880 889 1914; x_wconf 78' lang='lat' dir='ltr'><strong>proxi-</strong></span> 
     </span>
    </p>
   </div>
   <div class='ocr_carea' id='block_1_57' title="bbox 94 1923 888 1959">
    <p class='ocr_par' dir='ltr' id='par_1_57' title="bbox 94 1923 888 1959">
     <span class='ocr_line' id='line_1_57' title="bbox 94 1923 888 1959; baseline 0.004 -9"><span class='ocrx_word' id='word_1_450' title='bbox 94 1931 170 1950; x_wconf 85' lang='lat' dir='ltr'><strong>Inum</strong></span> <span class='ocrx_word' id='word_1_451' title='bbox 186 1931 277 1956; x_wconf 89' lang='lat' dir='ltr'><strong>suum,</strong></span> <span class='ocrx_word' id='word_1_452' title='bbox 294 1924 388 1951; x_wconf 84' lang='lat' dir='ltr'><strong>dicens</strong></span> <span class='ocrx_word' id='word_1_453' title='bbox 406 1933 412 1951; x_wconf 91' lang='lat'>:</span> <span class='ocrx_word' id='word_1_454' title='bbox 427 1923 514 1951; x_wconf 87' lang='lat' dir='ltr'><strong>Nosce</strong></span> <span class='ocrx_word' id='word_1_455' title='bbox 535 1923 695 1957; x_wconf 87' lang='lat' dir='ltr'><strong>Dominum;</strong></span> <span class='ocrx_word' id='word_1_456' title='bbox 716 1926 779 1959; x_wconf 85' lang='lat' dir='ltr'><strong>quia</strong></span> <span class='ocrx_word' id='word_1_457' title='bbox 793 1934 888 1953; x_wconf 84' lang='lat' dir='ltr'><strong>Omnes</strong></span> 
     </span>
    </p>
   </div>
   <div class='ocr_carea' id='block_1_58' title="bbox 98 1970 888 2005">
    <p class='ocr_par' dir='ltr' id='par_1_58' title="bbox 98 1970 888 2005">
     <span class='ocr_line' id='line_1_58' title="bbox 98 1970 888 2005; baseline 0.003 -10"><span class='ocrx_word' id='word_1_458' title='bbox 98 1972 268 2003; x_wconf 66' lang='lat' dir='ltr'><strong>cognoscent</strong></span> <span class='ocrx_word' id='word_1_459' title='bbox 288 1976 331 1995; x_wconf 87' lang='lat' dir='ltr'><strong>me</strong></span> <span class='ocrx_word' id='word_1_460' title='bbox 352 1976 366 1995; x_wconf 91' lang='lat' dir='ltr'><strong>a</strong></span> <span class='ocrx_word' id='word_1_461' title='bbox 389 1976 473 2003; x_wconf 82' lang='lat' dir='ltr'><strong>parvo</strong></span> <span class='ocrx_word' id='word_1_462' title='bbox 494 1976 588 1996; x_wconf 89' lang='lat' dir='ltr'><strong>eorum</strong></span> <span class='ocrx_word' id='word_1_463' title='bbox 610 1977 697 2004; x_wconf 77' lang='lat' dir='ltr'><strong>usque</strong></span> <span class='ocrx_word' id='word_1_464' title='bbox 711 1970 743 1996; x_wconf 90' lang='lat' dir='ltr'><strong>ad</strong></span> <span class='ocrx_word' id='word_1_465' title='bbox 761 1978 888 2005; x_wconf 81' lang='lat' dir='ltr'><strong>magnum</strong></span> 
     </span>
    </p>
   </div>
   <div class='ocr_carea' id='block_1_59' title="bbox 95 2014 889 2050">
    <p class='ocr_par' dir='ltr' id='par_1_59' title="bbox 95 2014 889 2050">
     <span class='ocr_line' id='line_1_59' title="bbox 95 2014 889 2050; baseline 0.001 -8"><span class='ocrx_word' id='word_1_466' title='bbox 95 2021 204 2047; x_wconf 87' lang='lat' dir='ltr'><strong>corum,</strong></span> <span class='ocrx_word' id='word_1_467' title='bbox 219 2015 253 2048; x_wconf 60' lang='grc' dir='ltr'><em>Χ</em></span> <span class='ocrx_word' id='word_1_468' title='bbox 268 2014 335 2041; x_wconf 81' lang='lat' dir='ltr'><strong>dicit</strong></span> <span class='ocrx_word' id='word_1_469' title='bbox 349 2014 480 2042; x_wconf 85' lang='lat' dir='ltr'><strong>Dominus</strong></span> <span class='ocrx_word' id='word_1_470' title='bbox 498 2015 509 2049; x_wconf 71' lang='grc' dir='ltr'>ζ</span> <span class='ocrx_word' id='word_1_471' title='bbox 526 2023 533 2041; x_wconf 87' lang='lat'><strong>:</strong></span> <span class='ocrx_word' id='word_1_472' title='bbox 548 2015 676 2049; x_wconf 90' lang='lat' dir='ltr'><strong>quoniam</strong></span> <span class='ocrx_word' id='word_1_473' title='bbox 693 2015 827 2050; x_wconf 87' lang='lat' dir='ltr'><strong>propitius</strong></span> <span class='ocrx_word' id='word_1_474' title='bbox 841 2023 889 2043; x_wconf 93' lang='lat' dir='ltr'><strong>ero</strong></span> 
     </span>
    </p>
   </div>
   <div class='ocr_carea' id='block_1_60' title="bbox 95 2059 890 2094">
    <p class='ocr_par' dir='ltr' id='par_1_60' title="bbox 95 2059 890 2094">
     <span class='ocr_line' id='line_1_60' title="bbox 95 2059 890 2094; baseline 0.003 -8"><span class='ocrx_word' id='word_1_475' title='bbox 95 2059 287 2093; x_wconf 87' lang='lat' dir='ltr'><strong>iniquitatibus</strong></span> <span class='ocrx_word' id='word_1_476' title='bbox 302 2067 409 2091; x_wconf 83' lang='lat' dir='ltr'><strong>eorum,</strong></span> <span class='ocrx_word' id='word_1_477' title='bbox 428 2065 455 2086; x_wconf 88' lang='lat' dir='ltr'><strong>et</strong></span> <span class='ocrx_word' id='word_1_478' title='bbox 468 2064 642 2094; x_wconf 87' lang='lat' dir='ltr'><strong>peccatorum</strong></span> <span class='ocrx_word' id='word_1_479' title='bbox 659 2067 755 2087; x_wconf 91' lang='lat' dir='ltr'><strong>eorum</strong></span> <span class='ocrx_word' id='word_1_480' title='bbox 773 2068 825 2087; x_wconf 92' lang='lat' dir='ltr'><strong>non</strong></span> <span class='ocrx_word' id='word_1_481' title='bbox 840 2067 890 2088; x_wconf 87' lang='lat' dir='ltr'><strong>re-</strong></span> 
     </span>
    </p>
   </div>
   <div class='ocr_carea' id='block_1_61' title="bbox 95 2105 891 2140">
    <p class='ocr_par' dir='ltr' id='par_1_61' title="bbox 95 2105 891 2140">
     <span class='ocr_line' id='line_1_61' title="bbox 95 2105 891 2140; baseline 0.001 -8"><span class='ocrx_word' id='word_1_482' title='bbox 95 2105 232 2132; x_wconf 89' lang='lat' dir='ltr'><strong>cordabor</strong></span> <span class='ocrx_word' id='word_1_483' title='bbox 247 2105 374 2140; x_wconf 83' lang='lat' dir='ltr'><strong>amplius.</strong></span> <span class='ocrx_word' id='word_1_484' title='bbox 387 2105 431 2132; x_wconf 79' lang='lat'><strong>55.</strong></span> <span class='ocrx_word' id='word_1_485' title='bbox 451 2105 496 2133; x_wconf 91' lang='lat' dir='ltr'><strong>Sic</strong></span> <span class='ocrx_word' id='word_1_486' title='bbox 511 2105 580 2132; x_wconf 82' lang='lat' dir='ltr'><strong>dixit</strong></span> <span class='ocrx_word' id='word_1_487' title='bbox 599 2105 740 2138; x_wconf 86' lang='lat' dir='ltr'><strong>Dominus,</strong></span> <span class='ocrx_word' id='word_1_488' title='bbox 756 2105 802 2140; x_wconf 91' lang='lat' dir='ltr'><strong>qui</strong></span> <span class='ocrx_word' id='word_1_489' title='bbox 817 2106 891 2133; x_wconf 91' lang='lat' dir='ltr'><strong>dedit</strong></span> 
     </span>
    </p>
   </div>
   <div class='ocr_carea' id='block_1_62' title="bbox 100 2150 890 2186">
    <p class='ocr_par' dir='ltr' id='par_1_62' title="bbox 100 2150 890 2186">
     <span class='ocr_line' id='line_1_62' title="bbox 100 2150 890 2186; baseline 0 -8"><span class='ocrx_word' id='word_1_490' title='bbox 100 2150 186 2178; x_wconf 83' lang='lat' dir='ltr'><strong>solem</strong></span> <span class='ocrx_word' id='word_1_491' title='bbox 202 2151 227 2177; x_wconf 94' lang='lat' dir='ltr'><strong>in</strong></span> <span class='ocrx_word' id='word_1_492' title='bbox 245 2151 334 2178; x_wconf 87' lang='lat' dir='ltr'><strong>lumen</strong></span> <span class='ocrx_word' id='word_1_493' title='bbox 353 2151 416 2183; x_wconf 80' lang='lat' dir='ltr'><strong>dici,</strong></span> <span class='ocrx_word' id='word_1_494' title='bbox 434 2152 467 2185; x_wconf 58' lang='grc' dir='ltr'><strong>γε</strong></span> <span class='ocrx_word' id='word_1_495' title='bbox 483 2152 513 2186; x_wconf 88' lang='lat' dir='ltr'><strong>(i)</strong></span> <span class='ocrx_word' id='word_1_496' title='bbox 527 2152 553 2178; x_wconf 92' lang='lat' dir='ltr'><strong>in</strong></span> <span class='ocrx_word' id='word_1_497' title='bbox 568 2155 698 2179; x_wconf 86' lang='lat' dir='ltr'><strong>statutum</strong></span> <span class='ocrx_word' id='word_1_498' title='bbox 715 2150 738 2185; x_wconf 71' lang='grc' dir='ltr'>ζ,</span> <span class='ocrx_word' id='word_1_499' title='bbox 751 2151 844 2178; x_wconf 91' lang='lat' dir='ltr'><strong>lunam</strong></span> <span class='ocrx_word' id='word_1_500' title='bbox 863 2156 890 2179; x_wconf 94' lang='lat' dir='ltr'><strong>et</strong></span> 
     </span>
    </p>
   </div>
   <div class='ocr_carea' id='block_1_63' title="bbox 936 926 1725 961">
    <p class='ocr_par' dir='ltr' id='par_1_63' title="bbox 936 926 1725 961">
     <span class='ocr_line' id='line_1_63' title="bbox 936 926 1725 961; baseline -0.001 -7"><span class='ocrx_word' id='word_1_501' title='bbox 936 926 1082 954; x_wconf 78' lang='lat' dir='ltr'><strong>Jeremiam</strong></span> <span class='ocrx_word' id='word_1_502' title='bbox 1099 935 1114 954; x_wconf 92' lang='lat' dir='ltr'><strong>a</strong></span> <span class='ocrx_word' id='word_1_503' title='bbox 1139 926 1254 954; x_wconf 90' lang='lat' dir='ltr'><strong>Domino</strong></span> <span class='ocrx_word' id='word_1_504' title='bbox 1265 927 1291 953; x_wconf 94' lang='lat' dir='ltr'><strong>in</strong></span> <span class='ocrx_word' id='word_1_505' title='bbox 1306 935 1378 954; x_wconf 90' lang='lat' dir='ltr'><strong>anno</strong></span> <span class='ocrx_word' id='word_1_506' title='bbox 1392 926 1499 954; x_wconf 88' lang='lat' dir='ltr'><strong>decimo</strong></span> <span class='ocrx_word' id='word_1_507' title='bbox 1519 927 1638 954; x_wconf 73' lang='lat' dir='ltr'><strong>Sedccize</strong></span> <span class='ocrx_word' id='word_1_508' title='bbox 1654 927 1725 961; x_wconf 82' lang='lat' dir='ltr'><strong>regis</strong></span> 
     </span>
    </p>
   </div>
   <div class='ocr_carea' id='block_1_64' title="bbox 936 971 1722 1010">
    <p class='ocr_par' dir='ltr' id='par_1_64' title="bbox 936 971 1722 1010">
     <span class='ocr_line' id='line_1_64' title="bbox 936 971 1722 1010; baseline 0 -12"><span class='ocrx_word' id='word_1_509' title='bbox 936 971 1012 998; x_wconf 68' lang='lat' dir='ltr'><strong>Iudae</strong></span> <span class='ocrx_word' id='word_1_510' title='bbox 1031 981 1037 998; x_wconf 95' lang='lat'><strong>:</strong></span> <span class='ocrx_word' id='word_1_511' title='bbox 1057 971 1101 1010; x_wconf 84' lang='lat' dir='ltr'><strong>hic</strong></span> <span class='ocrx_word' id='word_1_512' title='bbox 1114 979 1201 999; x_wconf 83' lang='lat' dir='ltr'><strong>atinus</strong></span> <span class='ocrx_word' id='word_1_513' title='bbox 1217 977 1329 999; x_wconf 83' lang='lat' dir='ltr'><strong>octavus</strong></span> <span class='ocrx_word' id='word_1_514' title='bbox 1342 972 1465 1000; x_wconf 83' lang='lat' dir='ltr'><strong>decimus</strong></span> <span class='ocrx_word' id='word_1_515' title='bbox 1484 973 1518 1007; x_wconf 70' lang='grc'>&gt;&lt;</span> <span class='ocrx_word' id='word_1_516' title='bbox 1535 980 1624 999; x_wconf 90' lang='lat' dir='ltr'><strong>annus</strong></span> <span class='ocrx_word' id='word_1_517' title='bbox 1641 971 1653 1006; x_wconf 71' lang='grc' dir='ltr'>ζ</span> <span class='ocrx_word' id='word_1_518' title='bbox 1669 971 1722 998; x_wconf 88' lang='lat' dir='ltr'><strong>Na-</strong></span> 
     </span>
    </p>
   </div>
   <div class='ocr_carea' id='block_1_65' title="bbox 936 1017 1722 1052">
    <p class='ocr_par' dir='ltr' id='par_1_65' title="bbox 936 1017 1722 1052">
     <span class='ocr_line' id='line_1_65' title="bbox 936 1017 1722 1052; baseline 0.001 -9"><span class='ocrx_word' id='word_1_519' title='bbox 936 1017 1179 1049; x_wconf 78' lang='lat' dir='ltr'><strong>buchodonosoris,</strong></span> <span class='ocrx_word' id='word_1_520' title='bbox 1194 1017 1248 1051; x_wconf 76' lang='lat' dir='ltr'><strong>regi</strong></span> <span class='ocrx_word' id='word_1_521' title='bbox 1262 1017 1320 1051; x_wconf 77' lang='lat' dir='ltr'><strong>(sic)</strong></span> <span class='ocrx_word' id='word_1_522' title='bbox 1331 1017 1486 1052; x_wconf 77' lang='lat' dir='ltr'><strong>Babylonis.</strong></span> <span class='ocrx_word' id='word_1_523' title='bbox 1498 1018 1526 1044; x_wconf 72' lang='grc'><strong>2.</strong></span> <span class='ocrx_word' id='word_1_524' title='bbox 1542 1017 1574 1044; x_wconf 88' lang='grc' dir='ltr'><strong>Ει</strong></span> <span class='ocrx_word' id='word_1_525' title='bbox 1587 1019 1620 1051; x_wconf 55' lang='lat' dir='ltr'><strong>)x’</strong></span> <span class='ocrx_word' id='word_1_526' title='bbox 1635 1022 1699 1044; x_wconf 87' lang='lat' dir='ltr'><strong>tunc</strong></span> <span class='ocrx_word' id='word_1_527' title='bbox 1711 1017 1722 1051; x_wconf 70' lang='grc' dir='ltr'>ζ</span> 
     </span>
    </p>
   </div>
   <div class='ocr_carea' id='block_1_66' title="bbox 936 1061 1724 1097">
    <p class='ocr_par' dir='ltr' id='par_1_66' title="bbox 936 1061 1724 1097">
     <span class='ocr_line' id='line_1_66' title="bbox 936 1061 1724 1097; baseline 0 -8"><span class='ocrx_word' id='word_1_528' title='bbox 936 1066 1057 1097; x_wconf 81' lang='lat' dir='ltr'><strong>potestas</strong></span> <span class='ocrx_word' id='word_1_529' title='bbox 1069 1062 1139 1096; x_wconf 82' lang='lat' dir='ltr'><strong>regis</strong></span> <span class='ocrx_word' id='word_1_530' title='bbox 1156 1061 1300 1097; x_wconf 81' lang='lat' dir='ltr'><strong>Babylonis</strong></span> <span class='ocrx_word' id='word_1_531' title='bbox 1315 1063 1348 1097; x_wconf 85' lang='lat' dir='ltr'><strong>(r)</strong></span> <span class='ocrx_word' id='word_1_532' title='bbox 1364 1062 1426 1090; x_wconf 88' lang='lat' dir='ltr'><strong>fecit</strong></span> <span class='ocrx_word' id='word_1_533' title='bbox 1442 1063 1529 1090; x_wconf 85' lang='lat' dir='ltr'><strong>fossas</strong></span> <span class='ocrx_word' id='word_1_534' title='bbox 1548 1071 1628 1097; x_wconf 86' lang='lat' dir='ltr'><strong>super</strong></span> <span class='ocrx_word' id='word_1_535' title='bbox 1643 1063 1724 1090; x_wconf 84' lang='lat' dir='ltr'><strong>Jeru-</strong></span> 
     </span>
    </p>
   </div>
   <div class='ocr_carea' id='block_1_67' title="bbox 937 1107 1723 1143">
    <p class='ocr_par' dir='ltr' id='par_1_67' title="bbox 937 1107 1723 1143">
     <span class='ocr_line' id='line_1_67' title="bbox 937 1107 1723 1143; baseline -0.001 -8"><span class='ocrx_word' id='word_1_536' title='bbox 937 1109 1022 1135; x_wconf 87' lang='lat' dir='ltr'><strong>salem</strong></span> <span class='ocrx_word' id='word_1_537' title='bbox 1042 1117 1048 1135; x_wconf 90' lang='lat'>:</span> <span class='ocrx_word' id='word_1_538' title='bbox 1072 1113 1102 1135; x_wconf 83' lang='lat' dir='ltr'><strong>et‘</strong></span> <span class='ocrx_word' id='word_1_539' title='bbox 1112 1107 1228 1135; x_wconf 84' lang='lat' dir='ltr'><strong>Jeremia</strong></span> <span class='ocrx_word' id='word_1_540' title='bbox 1246 1109 1278 1142; x_wconf 73' lang='lat' dir='ltr'><strong>)t(</strong></span> <span class='ocrx_word' id='word_1_541' title='bbox 1297 1108 1425 1143; x_wconf 82' lang='lat' dir='ltr'><strong>propheta</strong></span> <span class='ocrx_word' id='word_1_542' title='bbox 1440 1109 1451 1143; x_wconf 68' lang='grc' dir='ltr'>ζ</span> <span class='ocrx_word' id='word_1_543' title='bbox 1468 1109 1673 1136; x_wconf 85' lang='lat' dir='ltr'><strong>custodiebatur</strong></span> <span class='ocrx_word' id='word_1_544' title='bbox 1697 1109 1723 1135; x_wconf 94' lang='lat' dir='ltr'><strong>in</strong></span> 
     </span>
    </p>
   </div>
   <div class='ocr_carea' id='block_1_68' title="bbox 937 1154 1721 1190">
    <p class='ocr_par' dir='ltr' id='par_1_68' title="bbox 937 1154 1721 1190">
     <span class='ocr_line' id='line_1_68' title="bbox 937 1154 1721 1190; baseline 0.001 -10"><span class='ocrx_word' id='word_1_545' title='bbox 937 1154 1007 1180; x_wconf 88' lang='lat' dir='ltr'><strong>atrio</strong></span> <span class='ocrx_word' id='word_1_546' title='bbox 1032 1154 1168 1184; x_wconf 78' lang='lat' dir='ltr'><strong>carceris,</strong></span> <span class='ocrx_word' id='word_1_547' title='bbox 1187 1154 1233 1189; x_wconf 88' lang='lat' dir='ltr'><strong>qui</strong></span> <span class='ocrx_word' id='word_1_548' title='bbox 1257 1159 1298 1181; x_wconf 85' lang='lat' dir='ltr'><strong>est</strong></span> <span class='ocrx_word' id='word_1_549' title='bbox 1324 1155 1349 1181; x_wconf 93' lang='lat' dir='ltr'><strong>in</strong></span> <span class='ocrx_word' id='word_1_550' title='bbox 1371 1155 1454 1182; x_wconf 91' lang='lat' dir='ltr'><strong>domo</strong></span> <span class='ocrx_word' id='word_1_551' title='bbox 1476 1156 1547 1190; x_wconf 81' lang='lat' dir='ltr'><strong>regis</strong></span> <span class='ocrx_word' id='word_1_552' title='bbox 1564 1157 1595 1189; x_wconf 56' lang='grc' dir='ltr'><strong>χ(</strong></span> <span class='ocrx_word' id='word_1_553' title='bbox 1612 1154 1688 1181; x_wconf 72' lang='lat' dir='ltr'><strong>Juda:</strong></span> <span class='ocrx_word' id='word_1_554' title='bbox 1711 1154 1721 1188; x_wconf 69' lang='grc' dir='ltr'>ζ</span> 
     </span>
    </p>
   </div>
   <div class='ocr_carea' id='block_1_69' title="bbox 936 1198 1723 1234">
    <p class='ocr_par' dir='ltr' id='par_1_69' title="bbox 936 1198 1723 1234">
     <span class='ocr_line' id='line_1_69' title="bbox 936 1198 1723 1234; baseline 0.001 -9"><span class='ocrx_word' id='word_1_555' title='bbox 936 1199 962 1226; x_wconf 83' lang='grc'><strong>5.</strong></span> <span class='ocrx_word' id='word_1_556' title='bbox 979 1199 1005 1225; x_wconf 93' lang='lat' dir='ltr'><strong>in</strong></span> <span class='ocrx_word' id='word_1_557' title='bbox 1022 1206 1077 1233; x_wconf 87' lang='lat' dir='ltr'><strong>quo</strong></span> <span class='ocrx_word' id='word_1_558' title='bbox 1100 1198 1236 1226; x_wconf 74' lang='lat' dir='ltr'><strong>clauserat</strong></span> <span class='ocrx_word' id='word_1_559' title='bbox 1256 1206 1317 1226; x_wconf 89' lang='lat' dir='ltr'><strong>cum</strong></span> <span class='ocrx_word' id='word_1_560' title='bbox 1339 1198 1450 1226; x_wconf 86' lang='lat' dir='ltr'><strong>Scdecia</strong></span> <span class='ocrx_word' id='word_1_561' title='bbox 1471 1207 1517 1226; x_wconf 86' lang='lat' dir='ltr'><strong>rex</strong></span> <span class='ocrx_word' id='word_1_562' title='bbox 1547 1202 1579 1233; x_wconf 45' lang='grc' dir='ltr'><strong>Β(</strong></span> <span class='ocrx_word' id='word_1_563' title='bbox 1602 1198 1678 1226; x_wconf 77' lang='lat' dir='ltr'><strong>Juda:</strong></span> <span class='ocrx_word' id='word_1_564' title='bbox 1699 1200 1723 1234; x_wconf 70' lang='grc' dir='ltr'><strong>ζ,</strong></span> 
     </span>
    </p>
   </div>
   <div class='ocr_carea' id='block_1_70' title="bbox 937 1244 1724 1279">
    <p class='ocr_par' dir='ltr' id='par_1_70' title="bbox 937 1244 1724 1279">
     <span class='ocr_line' id='line_1_70' title="bbox 937 1244 1724 1279; baseline 0.001 -7"><span class='ocrx_word' id='word_1_565' title='bbox 937 1245 1050 1272; x_wconf 82' lang='lat' dir='ltr'><strong>dicens:</strong></span> <span class='ocrx_word' id='word_1_566' title='bbox 1069 1244 1159 1277; x_wconf 81' lang='lat' dir='ltr'><strong>Quare</strong></span> <span class='ocrx_word' id='word_1_567' title='bbox 1175 1250 1200 1271; x_wconf 88' lang='lat' dir='ltr'><strong>tu</strong></span> <span class='ocrx_word' id='word_1_568' title='bbox 1216 1245 1382 1279; x_wconf 71' lang='lat' dir='ltr'><strong>prophetas?</strong></span> <span class='ocrx_word' id='word_1_569' title='bbox 1398 1246 1490 1273; x_wconf 85' lang='lat' dir='ltr'><strong>dicens</strong></span> <span class='ocrx_word' id='word_1_570' title='bbox 1504 1255 1510 1272; x_wconf 89' lang='lat'>:</span> <span class='ocrx_word' id='word_1_571' title='bbox 1528 1245 1573 1272; x_wconf 88' lang='lat' dir='ltr'><strong>Sic</strong></span> <span class='ocrx_word' id='word_1_572' title='bbox 1588 1246 1655 1272; x_wconf 72' lang='lat' dir='ltr'><strong>dixit</strong></span> <span class='ocrx_word' id='word_1_573' title='bbox 1670 1245 1724 1273; x_wconf 89' lang='lat' dir='ltr'><strong>Do-</strong></span> 
     </span>
    </p>
   </div>
   <div class='ocr_carea' id='block_1_71' title="bbox 937 1290 1722 1326">
    <p class='ocr_par' dir='ltr' id='par_1_71' title="bbox 937 1290 1722 1326">
     <span class='ocr_line' id='line_1_71' title="bbox 937 1290 1722 1326; baseline 0.001 -10"><span class='ocrx_word' id='word_1_574' title='bbox 937 1290 1044 1317; x_wconf 88' lang='lat' dir='ltr'><strong>minus:</strong></span> <span class='ocrx_word' id='word_1_575' title='bbox 1060 1290 1128 1317; x_wconf 74' lang='lat' dir='ltr'><strong>Etee</strong></span> <span class='ocrx_word' id='word_1_576' title='bbox 1142 1298 1191 1324; x_wconf 82' lang='lat' dir='ltr'><strong>ego</strong></span> <span class='ocrx_word' id='word_1_577' title='bbox 1207 1292 1241 1317; x_wconf 90' lang='lat' dir='ltr'><strong>do</strong></span> <span class='ocrx_word' id='word_1_578' title='bbox 1256 1292 1289 1324; x_wconf 73' lang='grc' dir='ltr'><strong>&gt;ε&lt;</strong></span> <span class='ocrx_word' id='word_1_579' title='bbox 1304 1291 1354 1326; x_wconf 82' lang='grc' dir='ltr'><strong>τὴν</strong></span> <span class='ocrx_word' id='word_1_580' title='bbox 1369 1291 1379 1324; x_wconf 73' lang='grc' dir='ltr'>ζ</span> <span class='ocrx_word' id='word_1_581' title='bbox 1401 1291 1494 1318; x_wconf 88' lang='lat' dir='ltr'><strong>urbem</strong></span> <span class='ocrx_word' id='word_1_582' title='bbox 1514 1291 1584 1319; x_wconf 89' lang='lat' dir='ltr'><strong>hanc</strong></span> <span class='ocrx_word' id='word_1_583' title='bbox 1599 1292 1624 1318; x_wconf 92' lang='lat' dir='ltr'><strong>in</strong></span> <span class='ocrx_word' id='word_1_584' title='bbox 1641 1300 1722 1318; x_wconf 90' lang='lat' dir='ltr'><strong>tnauu</strong></span> 
     </span>
    </p>
   </div>
   <div class='ocr_carea' id='block_1_72' title="bbox 939 1334 1723 1371">
    <p class='ocr_par' dir='ltr' id='par_1_72' title="bbox 939 1334 1723 1371">
     <span class='ocr_line' id='line_1_72' title="bbox 939 1334 1723 1371; baseline 0.005 -11"><span class='ocrx_word' id='word_1_585' title='bbox 939 1335 1008 1369; x_wconf 71' lang='lat' dir='ltr'><strong>regis</strong></span> <span class='ocrx_word' id='word_1_586' title='bbox 1023 1334 1177 1369; x_wconf 80' lang='lat' dir='ltr'><strong>Babylonis,</strong></span> <span class='ocrx_word' id='word_1_587' title='bbox 1195 1340 1222 1362; x_wconf 90' lang='lat' dir='ltr'><strong>et</strong></span> <span class='ocrx_word' id='word_1_588' title='bbox 1235 1336 1322 1369; x_wconf 87' lang='lat' dir='ltr'><strong>capiet</strong></span> <span class='ocrx_word' id='word_1_589' title='bbox 1334 1344 1404 1362; x_wconf 84' lang='lat' dir='ltr'><strong>eam.</strong></span> <span class='ocrx_word' id='word_1_590' title='bbox 1419 1336 1444 1363; x_wconf 72' lang='grc'><strong>4.</strong></span> <span class='ocrx_word' id='word_1_591' title='bbox 1461 1336 1494 1363; x_wconf 77' lang='grc' dir='ltr'><strong>ΕΙ.</strong></span> <span class='ocrx_word' id='word_1_592' title='bbox 1506 1336 1617 1363; x_wconf 84' lang='lat' dir='ltr'><strong>Sedccia</strong></span> <span class='ocrx_word' id='word_1_593' title='bbox 1633 1339 1666 1371; x_wconf 53' lang='grc' dir='ltr'><strong>Ἀ(</strong></span> <span class='ocrx_word' id='word_1_594' title='bbox 1677 1346 1723 1364; x_wconf 85' lang='lat' dir='ltr'><strong>rex</strong></span> 
     </span>
    </p>
   </div>
   <div class='ocr_carea' id='block_1_73' title="bbox 936 1379 1724 1417">
    <p class='ocr_par' dir='ltr' id='par_1_73' title="bbox 936 1379 1724 1417">
     <span class='ocr_line' id='line_1_73' title="bbox 936 1379 1724 1417; baseline 0.004 -10"><span class='ocrx_word' id='word_1_595' title='bbox 936 1379 1038 1414; x_wconf 66' lang='lat' dir='ltr'><strong>Judas:</strong></span> <span class='ocrx_word' id='word_1_596' title='bbox 1059 1389 1111 1407; x_wconf 90' lang='lat' dir='ltr'><strong>non</strong></span> <span class='ocrx_word' id='word_1_597' title='bbox 1137 1381 1286 1408; x_wconf 81' lang='lat' dir='ltr'><strong>salvabitur</strong></span> <span class='ocrx_word' id='word_1_598' title='bbox 1304 1390 1317 1408; x_wconf 89' lang='lat' dir='ltr'><strong>a</strong></span> <span class='ocrx_word' id='word_1_599' title='bbox 1340 1389 1421 1409; x_wconf 90' lang='lat' dir='ltr'><strong>manu</strong></span> <span class='ocrx_word' id='word_1_600' title='bbox 1441 1382 1724 1417; x_wconf 73' lang='lat' dir='ltr'><strong>Chaldmorum;qnia</strong></span> 
     </span>
    </p>
   </div>
   <div class='ocr_carea' id='block_1_74' title="bbox 936 1426 1726 1463">
    <p class='ocr_par' dir='ltr' id='par_1_74' title="bbox 936 1426 1726 1463">
     <span class='ocr_line' id='line_1_74' title="bbox 936 1426 1726 1463; baseline 0.001 -11"><span class='ocrx_word' id='word_1_601' title='bbox 936 1426 1067 1452; x_wconf 83' lang='lat' dir='ltr'><strong>tradendo</strong></span> <span class='ocrx_word' id='word_1_602' title='bbox 1085 1427 1205 1454; x_wconf 83' lang='lat' dir='ltr'><strong>tradetur</strong></span> <span class='ocrx_word' id='word_1_603' title='bbox 1225 1426 1251 1453; x_wconf 91' lang='lat' dir='ltr'><strong>in</strong></span> <span class='ocrx_word' id='word_1_604' title='bbox 1271 1434 1370 1454; x_wconf 88' lang='lat' dir='ltr'><strong>tuanus</strong></span> <span class='ocrx_word' id='word_1_605' title='bbox 1391 1428 1461 1463; x_wconf 80' lang='lat' dir='ltr'><strong>regis</strong></span> <span class='ocrx_word' id='word_1_606' title='bbox 1477 1428 1632 1463; x_wconf 83' lang='lat' dir='ltr'><strong>Babylonis,</strong></span> <span class='ocrx_word' id='word_1_607' title='bbox 1646 1434 1673 1455; x_wconf 92' lang='lat' dir='ltr'><strong>et</strong></span> <span class='ocrx_word' id='word_1_608' title='bbox 1688 1429 1726 1455; x_wconf 81' lang='lat' dir='ltr'><strong>lo-</strong></span> 
     </span>
    </p>
   </div>
   <div class='ocr_carea' id='block_1_75' title="bbox 936 1471 1725 1508">
    <p class='ocr_par' dir='ltr' id='par_1_75' title="bbox 936 1471 1725 1508">
     <span class='ocr_line' id='line_1_75' title="bbox 936 1471 1725 1508; baseline 0.006 -12"><span class='ocrx_word' id='word_1_609' title='bbox 936 1475 1035 1505; x_wconf 86' lang='lat' dir='ltr'><strong>quetur</strong></span> <span class='ocrx_word' id='word_1_610' title='bbox 1047 1479 1077 1497; x_wconf 89' lang='lat' dir='ltr'><strong>os</strong></span> <span class='ocrx_word' id='word_1_611' title='bbox 1089 1471 1148 1505; x_wconf 80' lang='lat' dir='ltr'><strong>cjus</strong></span> <span class='ocrx_word' id='word_1_612' title='bbox 1160 1471 1192 1498; x_wconf 85' lang='lat' dir='ltr'><strong>ad</strong></span> <span class='ocrx_word' id='word_1_613' title='bbox 1209 1480 1239 1498; x_wconf 90' lang='lat' dir='ltr'><strong>os</strong></span> <span class='ocrx_word' id='word_1_614' title='bbox 1252 1472 1334 1505; x_wconf 83' lang='lat' dir='ltr'><strong>illitis,</strong></span> <span class='ocrx_word' id='word_1_615' title='bbox 1354 1477 1382 1499; x_wconf 91' lang='lat' dir='ltr'><strong>ct</strong></span> <span class='ocrx_word' id='word_1_616' title='bbox 1400 1473 1471 1500; x_wconf 92' lang='lat' dir='ltr'><strong>oculi</strong></span> <span class='ocrx_word' id='word_1_617' title='bbox 1482 1473 1542 1508; x_wconf 87' lang='lat' dir='ltr'><strong>ejus</strong></span> <span class='ocrx_word' id='word_1_618' title='bbox 1554 1474 1647 1501; x_wconf 87' lang='lat' dir='ltr'><strong>oculos</strong></span> <span class='ocrx_word' id='word_1_619' title='bbox 1665 1474 1725 1508; x_wconf 75' lang='lat' dir='ltr'><strong>ejus</strong></span> 
     </span>
    </p>
   </div>
   <div class='ocr_carea' id='block_1_76' title="bbox 937 1517 1724 1554">
    <p class='ocr_par' dir='ltr' id='par_1_76' title="bbox 937 1517 1724 1554">
     <span class='ocr_line' id='line_1_76' title="bbox 937 1517 1724 1554; baseline 0.005 -12"><span class='ocrx_word' id='word_1_620' title='bbox 937 1517 1066 1543; x_wconf 87' lang='lat' dir='ltr'><strong>videbunt</strong></span> <span class='ocrx_word' id='word_1_621' title='bbox 1082 1526 1088 1543; x_wconf 94' lang='lat'>:</span> <span class='ocrx_word' id='word_1_622' title='bbox 1105 1517 1131 1544; x_wconf 81' lang='lat'><strong>5.</strong></span> <span class='ocrx_word' id='word_1_623' title='bbox 1149 1518 1213 1544; x_wconf 89' lang='lat' dir='ltr'><strong>etin</strong></span> <span class='ocrx_word' id='word_1_624' title='bbox 1235 1517 1397 1553; x_wconf 82' lang='lat' dir='ltr'><strong>Babylonem</strong></span> <span class='ocrx_word' id='word_1_625' title='bbox 1412 1518 1445 1554; x_wconf 72' lang='grc' dir='ltr'><strong>(δ)</strong></span> <span class='ocrx_word' id='word_1_626' title='bbox 1471 1519 1581 1546; x_wconf 77' lang='lat' dir='ltr'><strong>intraiit</strong></span> <span class='ocrx_word' id='word_1_627' title='bbox 1601 1519 1724 1551; x_wconf 81' lang='lat' dir='ltr'><strong>Sedet-ia,</strong></span> 
     </span>
    </p>
   </div>
   <div class='ocr_carea' id='block_1_77' title="bbox 936 1561 1726 1596">
    <p class='ocr_par' dir='ltr' id='par_1_77' title="bbox 936 1561 1726 1596">
     <span class='ocr_line' id='line_1_77' title="bbox 936 1561 1726 1596; baseline 0.003 -8"><span class='ocrx_word' id='word_1_628' title='bbox 936 1561 1011 1588; x_wconf 64' lang='lat' dir='ltr'><strong>ctilti</strong></span> <span class='ocrx_word' id='word_1_629' title='bbox 1029 1562 1060 1596; x_wconf 85' lang='grc' dir='ltr'><strong>(ι)</strong></span> <span class='ocrx_word' id='word_1_630' title='bbox 1084 1562 1198 1594; x_wconf 86' lang='lat' dir='ltr'><strong>sedebit,</strong></span> <span class='ocrx_word' id='word_1_631' title='bbox 1223 1563 1257 1596; x_wconf 56' lang='grc' dir='ltr'><strong>Ἃ(</strong></span> <span class='ocrx_word' id='word_1_632' title='bbox 1279 1563 1365 1590; x_wconf 86' lang='lat' dir='ltr'><strong>donec</strong></span> <span class='ocrx_word' id='word_1_633' title='bbox 1393 1564 1540 1591; x_wconf 84' lang='lat' dir='ltr'><strong>visitavero</strong></span> <span class='ocrx_word' id='word_1_634' title='bbox 1562 1572 1635 1595; x_wconf 87' lang='lat' dir='ltr'><strong>ctnn,</strong></span> <span class='ocrx_word' id='word_1_635' title='bbox 1661 1564 1726 1591; x_wconf 83' lang='lat' dir='ltr'><strong>dicit</strong></span> 
     </span>
    </p>
   </div>
   <div class='ocr_carea' id='block_1_78' title="bbox 937 1606 1725 1644">
    <p class='ocr_par' dir='ltr' id='par_1_78' title="bbox 937 1606 1725 1644">
     <span class='ocr_line' id='line_1_78' title="bbox 937 1606 1725 1644; baseline 0.003 -11"><span class='ocrx_word' id='word_1_636' title='bbox 937 1606 1080 1640; x_wconf 86' lang='lat' dir='ltr'><strong>Dominus;</strong></span> <span class='ocrx_word' id='word_1_637' title='bbox 1092 1607 1156 1642; x_wconf 87' lang='lat' dir='ltr'><strong>quia</strong></span> <span class='ocrx_word' id='word_1_638' title='bbox 1174 1608 1212 1642; x_wconf 66' lang='lat' dir='ltr'><strong>(ut</strong></span> <span class='ocrx_word' id='word_1_639' title='bbox 1233 1608 1255 1635; x_wconf 89' lang='lat' dir='ltr'><strong>si</strong></span> <span class='ocrx_word' id='word_1_640' title='bbox 1272 1609 1432 1643; x_wconf 76' lang='lat' dir='ltr'><strong>pugnaverit</strong></span> <span class='ocrx_word' id='word_1_641' title='bbox 1445 1617 1505 1635; x_wconf 80' lang='lat' dir='ltr'><strong>cum</strong></span> <span class='ocrx_word' id='word_1_642' title='bbox 1521 1608 1667 1641; x_wconf 69' lang='lat' dir='ltr'><strong>ChaltIa-is,</strong></span> <span class='ocrx_word' id='word_1_643' title='bbox 1685 1608 1725 1644; x_wconf 66' lang='grc' dir='ltr'><strong>(τι)</strong></span> 
     </span>
    </p>
   </div>
   <div class='ocr_carea' id='block_1_79' title="bbox 938 1654 1725 1690">
    <p class='ocr_par' dir='ltr' id='par_1_79' title="bbox 938 1654 1725 1690">
     <span class='ocr_line' id='line_1_79' title="bbox 938 1654 1725 1690; baseline 0.003 -10"><span class='ocrx_word' id='word_1_644' title='bbox 938 1661 991 1680; x_wconf 70' lang='lat' dir='ltr'><strong>non</strong></span> <span class='ocrx_word' id='word_1_645' title='bbox 1005 1659 1078 1681; x_wconf 86' lang='lat' dir='ltr'><strong>recte</strong></span> <span class='ocrx_word' id='word_1_646' title='bbox 1090 1655 1185 1690; x_wconf 81' lang='lat' dir='ltr'><strong>agetis.</strong></span> <span class='ocrx_word' id='word_1_647' title='bbox 1202 1655 1228 1682; x_wconf 91' lang='lat'><strong>6.</strong></span> <span class='ocrx_word' id='word_1_648' title='bbox 1245 1654 1278 1682; x_wconf 86' lang='lat' dir='ltr'><strong>Et</strong></span> <span class='ocrx_word' id='word_1_649' title='bbox 1290 1655 1358 1682; x_wconf 87' lang='lat' dir='ltr'><strong>dixit</strong></span> <span class='ocrx_word' id='word_1_650' title='bbox 1371 1654 1489 1682; x_wconf 85' lang='lat' dir='ltr'><strong>Jeremia</strong></span> <span class='ocrx_word' id='word_1_651' title='bbox 1503 1655 1514 1689; x_wconf 72' lang='grc' dir='ltr'>ζ</span> <span class='ocrx_word' id='word_1_652' title='bbox 1536 1664 1541 1682; x_wconf 93' lang='lat'>:</span> <span class='ocrx_word' id='word_1_653' title='bbox 1559 1654 1671 1682; x_wconf 85' lang='lat' dir='ltr'><strong>Factum</strong></span> <span class='ocrx_word' id='word_1_654' title='bbox 1684 1659 1725 1682; x_wconf 84' lang='lat' dir='ltr'><strong>est</strong></span> 
     </span>
    </p>
   </div>
   <div class='ocr_carea' id='block_1_80' title="bbox 937 1699 1726 1732">
    <p class='ocr_par' dir='ltr' id='par_1_80' title="bbox 937 1699 1726 1732">
     <span class='ocr_line' id='line_1_80' title="bbox 937 1699 1726 1732; baseline 0 -6"><span class='ocrx_word' id='word_1_655' title='bbox 937 1699 1050 1726; x_wconf 85' lang='lat' dir='ltr'><strong>verbum</strong></span> <span class='ocrx_word' id='word_1_656' title='bbox 1067 1699 1175 1726; x_wconf 92' lang='lat' dir='ltr'><strong>Domini</strong></span> <span class='ocrx_word' id='word_1_657' title='bbox 1198 1700 1231 1727; x_wconf 84' lang='lat' dir='ltr'><strong>ad</strong></span> <span class='ocrx_word' id='word_1_658' title='bbox 1255 1708 1307 1732; x_wconf 89' lang='lat' dir='ltr'><strong>me,</strong></span> <span class='ocrx_word' id='word_1_659' title='bbox 1333 1701 1427 1727; x_wconf 88' lang='lat' dir='ltr'><strong>dicens</strong></span> <span class='ocrx_word' id='word_1_660' title='bbox 1444 1709 1451 1727; x_wconf 89' lang='lat'><strong>:</strong></span> <span class='ocrx_word' id='word_1_661' title='bbox 1476 1700 1501 1726; x_wconf 83' lang='lat'><strong>7.</strong></span> <span class='ocrx_word' id='word_1_662' title='bbox 1518 1699 1586 1728; x_wconf 80' lang='lat' dir='ltr'><strong>Ecce</strong></span> <span class='ocrx_word' id='word_1_663' title='bbox 1601 1699 1726 1727; x_wconf 83' lang='lat' dir='ltr'><strong>Nabmait</strong></span> 
     </span>
    </p>
   </div>
   <div class='ocr_carea' id='block_1_81' title="bbox 939 1744 1725 1780">
    <p class='ocr_par' dir='ltr' id='par_1_81' title="bbox 939 1744 1725 1780">
     <span class='ocr_line' id='line_1_81' title="bbox 939 1744 1725 1780; baseline 0.004 -10"><span class='ocrx_word' id='word_1_664' title='bbox 939 1744 1010 1772; x_wconf 85' lang='lat' dir='ltr'><strong>ﬁlius</strong></span> <span class='ocrx_word' id='word_1_665' title='bbox 1030 1744 1121 1772; x_wconf 90' lang='lat' dir='ltr'><strong>Salom</strong></span> <span class='ocrx_word' id='word_1_666' title='bbox 1141 1745 1233 1773; x_wconf 81' lang='lat' dir='ltr'><strong>fratris</strong></span> <span class='ocrx_word' id='word_1_667' title='bbox 1251 1746 1336 1780; x_wconf 83' lang='lat' dir='ltr'><strong>p.:tris</strong></span> <span class='ocrx_word' id='word_1_668' title='bbox 1354 1746 1392 1772; x_wconf 92' lang='lat' dir='ltr'><strong>tui</strong></span> <span class='ocrx_word' id='word_1_669' title='bbox 1415 1746 1488 1773; x_wconf 83' lang='lat' dir='ltr'><strong>venit</strong></span> <span class='ocrx_word' id='word_1_670' title='bbox 1503 1746 1536 1773; x_wconf 87' lang='lat' dir='ltr'><strong>ad</strong></span> <span class='ocrx_word' id='word_1_671' title='bbox 1560 1750 1594 1778; x_wconf 82' lang='lat' dir='ltr'><strong>te,</strong></span> <span class='ocrx_word' id='word_1_672' title='bbox 1612 1746 1725 1773; x_wconf 80' lang='lat' dir='ltr'><strong>dicens:</strong></span> 
     </span>
    </p>
   </div>
   <div class='ocr_carea' id='block_1_82' title="bbox 937 1789 1726 1826">
    <p class='ocr_par' dir='ltr' id='par_1_82' title="bbox 937 1789 1726 1826">
     <span class='ocr_line' id='line_1_82' title="bbox 937 1789 1726 1826; baseline 0.003 -10"><span class='ocrx_word' id='word_1_673' title='bbox 937 1789 1050 1817; x_wconf 85' lang='lat' dir='ltr'><strong>Posside</strong></span> <span class='ocrx_word' id='word_1_674' title='bbox 1068 1791 1115 1818; x_wconf 91' lang='lat' dir='ltr'><strong>tibi</strong></span> <span class='ocrx_word' id='word_1_675' title='bbox 1136 1799 1230 1826; x_wconf 82' lang='lat' dir='ltr'><strong>agrum</strong></span> <span class='ocrx_word' id='word_1_676' title='bbox 1253 1792 1287 1826; x_wconf 62' lang='lat'><strong>)9:</strong></span> <span class='ocrx_word' id='word_1_677' title='bbox 1308 1799 1398 1818; x_wconf 87' lang='lat' dir='ltr'><strong>mcum</strong></span> <span class='ocrx_word' id='word_1_678' title='bbox 1418 1791 1441 1825; x_wconf 72' lang='grc' dir='ltr'><strong>ζ,</strong></span> <span class='ocrx_word' id='word_1_679' title='bbox 1460 1791 1506 1826; x_wconf 92' lang='lat' dir='ltr'><strong>qui</strong></span> <span class='ocrx_word' id='word_1_680' title='bbox 1529 1792 1556 1818; x_wconf 93' lang='lat' dir='ltr'><strong>in</strong></span> <span class='ocrx_word' id='word_1_681' title='bbox 1576 1791 1726 1824; x_wconf 82' lang='lat' dir='ltr'><strong>Auatholh,</strong></span> 
     </span>
    </p>
   </div>
   <div class='ocr_carea' id='block_1_83' title="bbox 939 1831 1726 1872">
    <p class='ocr_par' dir='ltr' id='par_1_83' title="bbox 939 1831 1726 1872">
     <span class='ocr_line' id='line_1_83' title="bbox 939 1831 1726 1872; baseline 0.003 -11"><span class='ocrx_word' id='word_1_682' title='bbox 939 1835 1002 1869; x_wconf 85' lang='lat' dir='ltr'><strong>quia</strong></span> <span class='ocrx_word' id='word_1_683' title='bbox 1016 1836 1053 1871; x_wconf 87' lang='lat' dir='ltr'><strong>(y)</strong></span> <span class='ocrx_word' id='word_1_684' title='bbox 1069 1836 1116 1863; x_wconf 87' lang='lat' dir='ltr'><strong>tibi</strong></span> <span class='ocrx_word' id='word_1_685' title='bbox 1131 1835 1176 1871; x_wconf 86' lang='lat' dir='ltr'><strong>jus</strong></span> <span class='ocrx_word' id='word_1_686' title='bbox 1194 1838 1227 1870; x_wconf 68' lang='grc' dir='ltr'><strong>&gt;ε&lt;</strong></span> <span class='ocrx_word' id='word_1_687' title='bbox 1241 1837 1429 1871; x_wconf 81' lang='lat' dir='ltr'><strong>propinquitas</strong></span> <span class='ocrx_word' id='word_1_688' title='bbox 1448 1831 1554 1872; x_wconf 76' lang='lat' dir='ltr'><strong>generis</strong></span> <span class='ocrx_word' id='word_1_689' title='bbox 1574 1837 1584 1872; x_wconf 72' lang='grc' dir='ltr'>ζ</span> <span class='ocrx_word' id='word_1_690' title='bbox 1604 1837 1637 1864; x_wconf 86' lang='lat' dir='ltr'><strong>ad</strong></span> <span class='ocrx_word' id='word_1_691' title='bbox 1656 1837 1726 1864; x_wconf 87' lang='lat' dir='ltr'><strong>acci-</strong></span> 
     </span>
    </p>
   </div>
   <div class='ocr_carea' id='block_1_84' title="bbox 939 1881 1727 1916">
    <p class='ocr_par' dir='ltr' id='par_1_84' title="bbox 939 1881 1727 1916">
     <span class='ocr_line' id='line_1_84' title="bbox 939 1881 1727 1916; baseline 0.003 -9"><span class='ocrx_word' id='word_1_692' title='bbox 939 1881 1067 1915; x_wconf 88' lang='lat' dir='ltr'><strong>piendum</strong></span> <span class='ocrx_word' id='word_1_693' title='bbox 1086 1882 1299 1916; x_wconf 84' lang='lat' dir='ltr'><strong>possessionem.</strong></span> <span class='ocrx_word' id='word_1_694' title='bbox 1317 1882 1343 1909; x_wconf 91' lang='lat'><strong><em>8.</em></strong></span> <span class='ocrx_word' id='word_1_695' title='bbox 1365 1882 1398 1909; x_wconf 87' lang='lat' dir='ltr'><strong>Et</strong></span> <span class='ocrx_word' id='word_1_696' title='bbox 1414 1882 1487 1909; x_wconf 87' lang='lat' dir='ltr'><strong>venit</strong></span> <span class='ocrx_word' id='word_1_697' title='bbox 1499 1882 1532 1909; x_wconf 89' lang='lat' dir='ltr'><strong>ad</strong></span> <span class='ocrx_word' id='word_1_698' title='bbox 1553 1890 1595 1909; x_wconf 84' lang='lat' dir='ltr'><strong>me</strong></span> <span class='ocrx_word' id='word_1_699' title='bbox 1609 1889 1639 1909; x_wconf 72' lang='grc' dir='ltr'><strong>-ε-</strong></span> <span class='ocrx_word' id='word_1_700' title='bbox 1654 1882 1727 1909; x_wconf 85' lang='lat' dir='ltr'><strong>Nah-</strong></span> 
     </span>
    </p>
   </div>
   <div class='ocr_carea' id='block_1_85' title="bbox 941 1928 1726 1963">
    <p class='ocr_par' dir='ltr' id='par_1_85' title="bbox 941 1928 1726 1963">
     <span class='ocr_line' id='line_1_85' title="bbox 941 1928 1726 1963; baseline -0.001 -7"><span class='ocrx_word' id='word_1_701' title='bbox 941 1929 1005 1956; x_wconf 92' lang='lat' dir='ltr'><strong>mail</strong></span> <span class='ocrx_word' id='word_1_702' title='bbox 1024 1928 1096 1955; x_wconf 91' lang='lat' dir='ltr'><strong>lilius</strong></span> <span class='ocrx_word' id='word_1_703' title='bbox 1113 1928 1204 1955; x_wconf 78' lang='lat' dir='ltr'><strong>Saloni</strong></span> <span class='ocrx_word' id='word_1_704' title='bbox 1219 1928 1231 1962; x_wconf 72' lang='grc' dir='ltr'>ζ</span> <span class='ocrx_word' id='word_1_705' title='bbox 1251 1928 1341 1956; x_wconf 90' lang='lat' dir='ltr'><strong>fratris</strong></span> <span class='ocrx_word' id='word_1_706' title='bbox 1356 1929 1441 1963; x_wconf 87' lang='lat' dir='ltr'><strong>patris</strong></span> <span class='ocrx_word' id='word_1_707' title='bbox 1453 1928 1516 1961; x_wconf 89' lang='lat' dir='ltr'><strong>mei,</strong></span> <span class='ocrx_word' id='word_1_708' title='bbox 1530 1930 1563 1962; x_wconf 61' lang='grc' dir='ltr'>Χ</span> <span class='ocrx_word' id='word_1_709' title='bbox 1574 1928 1649 1963; x_wconf 81' lang='lat' dir='ltr'><strong>juxta</strong></span> <span class='ocrx_word' id='word_1_710' title='bbox 1667 1937 1726 1956; x_wconf 89' lang='lat' dir='ltr'><strong>ver-</strong></span> 
     </span>
    </p>
   </div>
   <div class='ocr_carea' id='block_1_86' title="bbox 940 1974 1727 2008">
    <p class='ocr_par' dir='ltr' id='par_1_86' title="bbox 940 1974 1727 2008">
     <span class='ocr_line' id='line_1_86' title="bbox 940 1974 1727 2008; baseline 0 -7"><span class='ocrx_word' id='word_1_711' title='bbox 940 1975 1003 2002; x_wconf 88' lang='lat' dir='ltr'><strong>bum</strong></span> <span class='ocrx_word' id='word_1_712' title='bbox 1024 1974 1049 2008; x_wconf 68' lang='grc' dir='ltr'><strong>ζ,</strong></span> <span class='ocrx_word' id='word_1_713' title='bbox 1065 1974 1091 2000; x_wconf 93' lang='lat' dir='ltr'><strong>iu</strong></span> <span class='ocrx_word' id='word_1_714' title='bbox 1107 1975 1204 2000; x_wconf 90' lang='lat' dir='ltr'><strong>atrium</strong></span> <span class='ocrx_word' id='word_1_715' title='bbox 1221 1974 1349 2007; x_wconf 87' lang='lat' dir='ltr'><strong>carceris,</strong></span> <span class='ocrx_word' id='word_1_716' title='bbox 1367 1978 1395 2001; x_wconf 83' lang='lat' dir='ltr'><strong>et</strong></span> <span class='ocrx_word' id='word_1_717' title='bbox 1412 1974 1482 2001; x_wconf 81' lang='lat' dir='ltr'><strong>dixit</strong></span> <span class='ocrx_word' id='word_1_718' title='bbox 1502 1975 1568 2001; x_wconf 89' lang='lat' dir='ltr'><strong>mihi</strong></span> <span class='ocrx_word' id='word_1_719' title='bbox 1587 1983 1593 2001; x_wconf 88' lang='lat'>:</span> <span class='ocrx_word' id='word_1_720' title='bbox 1616 1974 1727 2001; x_wconf 82' lang='lat' dir='ltr'><strong>Posside</strong></span> 
     </span>
    </p>
   </div>
   <div class='ocr_carea' id='block_1_87' title="bbox 940 2017 1726 2052">
    <p class='ocr_par' dir='ltr' id='par_1_87' title="bbox 940 2017 1726 2052">
     <span class='ocr_line' id='line_1_87' title="bbox 940 2017 1726 2052; baseline 0.001 -9"><span class='ocrx_word' id='word_1_721' title='bbox 940 2019 974 2052; x_wconf 71' lang='grc' dir='ltr'>&gt;κ</span> <span class='ocrx_word' id='word_1_722' title='bbox 989 2025 1062 2044; x_wconf 90' lang='lat' dir='ltr'><strong>nunc</strong></span> <span class='ocrx_word' id='word_1_723' title='bbox 1080 2017 1091 2051; x_wconf 71' lang='grc' dir='ltr'>ζ</span> <span class='ocrx_word' id='word_1_724' title='bbox 1117 2024 1212 2051; x_wconf 82' lang='lat' dir='ltr'><strong>agrum</strong></span> <span class='ocrx_word' id='word_1_725' title='bbox 1234 2025 1336 2047; x_wconf 85' lang='lat' dir='ltr'><strong>meum,</strong></span> <span class='ocrx_word' id='word_1_726' title='bbox 1352 2017 1399 2052; x_wconf 89' lang='lat' dir='ltr'><strong>qui</strong></span> <span class='ocrx_word' id='word_1_727' title='bbox 1418 2017 1444 2044; x_wconf 93' lang='lat' dir='ltr'><strong>in</strong></span> <span class='ocrx_word' id='word_1_728' title='bbox 1464 2017 1613 2050; x_wconf 81' lang='lat' dir='ltr'><strong>Anathoth,</strong></span> <span class='ocrx_word' id='word_1_729' title='bbox 1632 2018 1678 2052; x_wconf 85' lang='lat' dir='ltr'><strong>qtri</strong></span> <span class='ocrx_word' id='word_1_730' title='bbox 1702 2018 1726 2044; x_wconf 92' lang='lat' dir='ltr'><strong>in</strong></span> 
     </span>
    </p>
   </div>
   <div class='ocr_carea' id='block_1_88' title="bbox 941 2060 1727 2096">
    <p class='ocr_par' dir='ltr' id='par_1_88' title="bbox 941 2060 1727 2096">
     <span class='ocr_line' id='line_1_88' title="bbox 941 2060 1727 2096; baseline 0 -7"><span class='ocrx_word' id='word_1_731' title='bbox 941 2067 1012 2089; x_wconf 86' lang='lat' dir='ltr'><strong>terra</strong></span> <span class='ocrx_word' id='word_1_732' title='bbox 1028 2060 1186 2096; x_wconf 87' lang='lat' dir='ltr'><strong>Beujamiu;</strong></span> <span class='ocrx_word' id='word_1_733' title='bbox 1205 2062 1267 2096; x_wconf 89' lang='lat' dir='ltr'><strong>quia</strong></span> <span class='ocrx_word' id='word_1_734' title='bbox 1292 2061 1340 2088; x_wconf 89' lang='lat' dir='ltr'><strong>tibi</strong></span> <span class='ocrx_word' id='word_1_735' title='bbox 1359 2062 1484 2089; x_wconf 82' lang='lat' dir='ltr'><strong>convenit</strong></span> <span class='ocrx_word' id='word_1_736' title='bbox 1501 2062 1637 2096; x_wconf 85' lang='lat' dir='ltr'><strong>possidere</strong></span> <span class='ocrx_word' id='word_1_737' title='bbox 1651 2063 1684 2096; x_wconf 54' lang='grc' dir='ltr'>Χ</span> <span class='ocrx_word' id='word_1_738' title='bbox 1701 2063 1727 2089; x_wconf 91' lang='lat' dir='ltr'><strong>in</strong></span> 
     </span>
    </p>
   </div>
   <div class='ocr_carea' id='block_1_89' title="bbox 940 2106 1727 2142">
    <p class='ocr_par' dir='ltr' id='par_1_89' title="bbox 940 2106 1727 2142">
     <span class='ocr_line' id='line_1_89' title="bbox 940 2106 1727 2142; baseline 0.001 -9"><span class='ocrx_word' id='word_1_739' title='bbox 940 2106 1136 2139; x_wconf 81' lang='lat' dir='ltr'><strong>Increditatcm,</strong></span> <span class='ocrx_word' id='word_1_740' title='bbox 1153 2111 1179 2133; x_wconf 90' lang='lat' dir='ltr'><strong>ct</strong></span> <span class='ocrx_word' id='word_1_741' title='bbox 1195 2111 1223 2133; x_wconf 90' lang='lat' dir='ltr'><strong>tu</strong></span> <span class='ocrx_word' id='word_1_742' title='bbox 1239 2106 1331 2133; x_wconf 78' lang='lat' dir='ltr'><strong>Senior</strong></span> <span class='ocrx_word' id='word_1_743' title='bbox 1342 2114 1382 2139; x_wconf 85' lang='lat' dir='ltr'><strong>cs,</strong></span> <span class='ocrx_word' id='word_1_744' title='bbox 1397 2107 1507 2141; x_wconf 90' lang='lat' dir='ltr'><strong>posside</strong></span> <span class='ocrx_word' id='word_1_745' title='bbox 1520 2115 1582 2133; x_wconf 87' lang='lat' dir='ltr'><strong>etnn</strong></span> <span class='ocrx_word' id='word_1_746' title='bbox 1598 2113 1624 2133; x_wconf 91' lang='lat' dir='ltr'><strong>lu</strong></span> <span class='ocrx_word' id='word_1_747' title='bbox 1641 2107 1688 2134; x_wconf 87' lang='lat' dir='ltr'><strong>tibi</strong></span> <span class='ocrx_word' id='word_1_748' title='bbox 1703 2107 1727 2142; x_wconf 70' lang='grc' dir='ltr'><strong>ζ.</strong></span> 
     </span>
    </p>
   </div>
   <div class='ocr_carea' id='block_1_90' title="bbox 940 2150 1726 2186">
    <p class='ocr_par' dir='ltr' id='par_1_90' title="bbox 940 2150 1726 2186">
     <span class='ocr_line' id='line_1_90' title="bbox 940 2150 1726 2186; baseline 0 -8"><span class='ocrx_word' id='word_1_749' title='bbox 940 2151 974 2178; x_wconf 80' lang='lat' dir='ltr'><strong>Et</strong></span> <span class='ocrx_word' id='word_1_750' title='bbox 988 2151 1113 2186; x_wconf 78' lang='lat' dir='ltr'><strong>cognovi,</strong></span> <span class='ocrx_word' id='word_1_751' title='bbox 1126 2151 1197 2184; x_wconf 89' lang='lat' dir='ltr'><strong>quod</strong></span> <span class='ocrx_word' id='word_1_752' title='bbox 1216 2151 1328 2178; x_wconf 85' lang='lat' dir='ltr'><strong>verbum</strong></span> <span class='ocrx_word' id='word_1_753' title='bbox 1345 2150 1452 2178; x_wconf 91' lang='lat' dir='ltr'><strong>Domini</strong></span> <span class='ocrx_word' id='word_1_754' title='bbox 1464 2155 1506 2178; x_wconf 90' lang='lat' dir='ltr'><strong>est</strong></span> <span class='ocrx_word' id='word_1_755' title='bbox 1522 2160 1529 2178; x_wconf 88' lang='lat'>:</span> <span class='ocrx_word' id='word_1_756' title='bbox 1543 2151 1559 2178; x_wconf 86' lang='lat'><strong>9</strong></span> <span class='ocrx_word' id='word_1_757' title='bbox 1574 2156 1601 2178; x_wconf 85' lang='lat' dir='ltr'><strong>et</strong></span> <span class='ocrx_word' id='word_1_758' title='bbox 1614 2151 1726 2178; x_wconf 81' lang='lat' dir='ltr'><strong>Posscdi</strong></span> 
     </span>
    </p>
   </div>
   <div class='ocr_carea' id='block_1_91' title="bbox 96 2195 1727 2232">
    <p class='ocr_par' dir='ltr' id='par_1_91' title="bbox 96 2195 1727 2232">
     <span class='ocr_line' id='line_1_91' title="bbox 96 2195 1727 2232; baseline 0.002 -11"><span class='ocrx_word' id='word_1_759' title='bbox 96 2195 191 2222; x_wconf 84' lang='lat' dir='ltr'><strong>stellas</strong></span> <span class='ocrx_word' id='word_1_760' title='bbox 207 2195 234 2221; x_wconf 95' lang='lat' dir='ltr'><strong>in</strong></span> <span class='ocrx_word' id='word_1_761' title='bbox 248 2196 338 2222; x_wconf 86' lang='lat' dir='ltr'><strong>lumen</strong></span> <span class='ocrx_word' id='word_1_762' title='bbox 353 2197 452 2228; x_wconf 88' lang='lat' dir='ltr'><strong>noctis,</strong></span> <span class='ocrx_word' id='word_1_763' title='bbox 467 2196 504 2231; x_wconf 75' lang='lat' dir='ltr'><strong>(lt)</strong></span> <span class='ocrx_word' id='word_1_764' title='bbox 523 2201 549 2224; x_wconf 90' lang='lat' dir='ltr'><strong>ct</strong></span> <span class='ocrx_word' id='word_1_765' title='bbox 562 2197 708 2224; x_wconf 87' lang='lat' dir='ltr'><strong>clamorem</strong></span> <span class='ocrx_word' id='word_1_766' title='bbox 723 2196 750 2223; x_wconf 92' lang='lat' dir='ltr'><strong>in</strong></span> <span class='ocrx_word' id='word_1_767' title='bbox 765 2204 850 2229; x_wconf 86' lang='lat' dir='ltr'><strong>mare,</strong></span> <span class='ocrx_word' id='word_1_768' title='bbox 861 2201 889 2224; x_wconf 89' lang='lat' dir='ltr'><strong>et</strong></span> <span class='ocrx_word' id='word_1_769' title='bbox 905 2203 926 2230; x_wconf 85' lang='grc' dir='ltr'><strong>ι)</strong></span> <span class='ocrx_word' id='word_1_770' title='bbox 940 2204 1036 2231; x_wconf 82' lang='lat' dir='ltr'><strong>agrum</strong></span> <span class='ocrx_word' id='word_1_771' title='bbox 1051 2197 1084 2229; x_wconf 58' lang='lat' dir='ltr'><strong>3K</strong></span> <span class='ocrx_word' id='word_1_772' title='bbox 1096 2204 1109 2222; x_wconf 89' lang='lat' dir='ltr'><strong>a</strong></span> <span class='ocrx_word' id='word_1_773' title='bbox 1126 2196 1249 2222; x_wconf 68' lang='lat' dir='ltr'><strong>Nahmail</strong></span> <span class='ocrx_word' id='word_1_774' title='bbox 1265 2196 1276 2229; x_wconf 74' lang='grc' dir='ltr'>ζ</span> <span class='ocrx_word' id='word_1_775' title='bbox 1293 2196 1347 2222; x_wconf 92' lang='lat' dir='ltr'><strong>lilio</strong></span> <span class='ocrx_word' id='word_1_776' title='bbox 1361 2196 1453 2223; x_wconf 82' lang='lat' dir='ltr'><strong>fratris</strong></span> <span class='ocrx_word' id='word_1_777' title='bbox 1465 2196 1551 2231; x_wconf 88' lang='lat' dir='ltr'><strong>patris</strong></span> <span class='ocrx_word' id='word_1_778' title='bbox 1565 2197 1628 2228; x_wconf 85' lang='lat' dir='ltr'><strong>mei,</strong></span> <span class='ocrx_word' id='word_1_779' title='bbox 1640 2197 1727 2232; x_wconf 60' lang='lat' dir='ltr'><strong>Xqui</strong></span> 
     </span>
    </p>
   </div>
   <div class='ocr_carea' id='block_1_92' title="bbox 96 2242 886 2277">
    <p class='ocr_par' dir='ltr' id='par_1_92' title="bbox 96 2242 886 2277">
     <span class='ocr_line' id='line_1_92' title="bbox 96 2242 886 2277; baseline 0.004 -10"><span class='ocrx_word' id='word_1_780' title='bbox 96 2242 295 2275; x_wconf 85' lang='lat' dir='ltr'><strong>obstupuerunt</strong></span> <span class='ocrx_word' id='word_1_781' title='bbox 317 2242 417 2269; x_wconf 83' lang='lat' dir='ltr'><strong>fluctus</strong></span> <span class='ocrx_word' id='word_1_782' title='bbox 442 2242 526 2277; x_wconf 85' lang='lat' dir='ltr'><strong>ejus:</strong></span> <span class='ocrx_word' id='word_1_783' title='bbox 557 2243 690 2270; x_wconf 88' lang='lat' dir='ltr'><strong>Dominus</strong></span> <span class='ocrx_word' id='word_1_784' title='bbox 714 2242 886 2276; x_wconf 86' lang='lat' dir='ltr'><strong>(unnipotens</strong></span> 
     </span>
    </p>
   </div>
   <div class='ocr_carea' id='block_1_93' title="bbox 97 2287 886 2324">
    <p class='ocr_par' dir='ltr' id='par_1_93' title="bbox 97 2287 886 2324">
     <span class='ocr_line' id='line_1_93' title="bbox 97 2287 886 2324; baseline 0.003 -12"><span class='ocrx_word' id='word_1_785' title='bbox 97 2293 194 2313; x_wconf 81' lang='lat' dir='ltr'><strong>nomen</strong></span> <span class='ocrx_word' id='word_1_786' title='bbox 205 2287 240 2313; x_wconf 88' lang='lat' dir='ltr'><strong>ei.</strong></span> <span class='ocrx_word' id='word_1_787' title='bbox 252 2287 296 2314; x_wconf 78' lang='grc'><strong>56.</strong></span> <span class='ocrx_word' id='word_1_788' title='bbox 311 2287 339 2314; x_wconf 89' lang='lat' dir='ltr'><strong>Si</strong></span> <span class='ocrx_word' id='word_1_789' title='bbox 350 2288 517 2315; x_wconf 84' lang='lat' dir='ltr'><strong>cessaverint</strong></span> <span class='ocrx_word' id='word_1_790' title='bbox 529 2288 602 2324; x_wconf 84' lang='lat' dir='ltr'><strong>leges</strong></span> <span class='ocrx_word' id='word_1_791' title='bbox 615 2289 655 2315; x_wconf 63' lang='lat' dir='ltr'><strong>hae</strong></span> <span class='ocrx_word' id='word_1_792' title='bbox 667 2287 700 2315; x_wconf 91' lang='lat' dir='ltr'><strong>ab</strong></span> <span class='ocrx_word' id='word_1_793' title='bbox 711 2292 773 2315; x_wconf 89' lang='lat' dir='ltr'><strong>ante</strong></span> <span class='ocrx_word' id='word_1_794' title='bbox 788 2287 886 2315; x_wconf 82' lang='lat' dir='ltr'><strong>facient</strong></span> 
     </span>
    </p>
   </div>
   <div class='ocr_carea' id='block_1_94' title="bbox 97 2332 887 2369">
    <p class='ocr_par' dir='ltr' id='par_1_94' title="bbox 97 2332 887 2369">
     <span class='ocr_line' id='line_1_94' title="bbox 97 2332 887 2369; baseline 0.001 -9"><span class='ocrx_word' id='word_1_795' title='bbox 97 2339 196 2366; x_wconf 83' lang='lat' dir='ltr'><strong>meam,</strong></span> <span class='ocrx_word' id='word_1_796' title='bbox 214 2332 281 2360; x_wconf 85' lang='lat' dir='ltr'><strong>dicit</strong></span> <span class='ocrx_word' id='word_1_797' title='bbox 294 2333 436 2367; x_wconf 86' lang='lat' dir='ltr'><strong>Dominus;</strong></span> <span class='ocrx_word' id='word_1_798' title='bbox 448 2334 530 2361; x_wconf 85' lang='lat' dir='ltr'><strong>etiam</strong></span> <span class='ocrx_word' id='word_1_799' title='bbox 546 2341 632 2369; x_wconf 80' lang='lat' dir='ltr'><strong>genus</strong></span> <span class='ocrx_word' id='word_1_800' title='bbox 644 2333 753 2362; x_wconf 85' lang='lat' dir='ltr'><strong>lsraelis</strong></span> <span class='ocrx_word' id='word_1_801' title='bbox 770 2334 887 2362; x_wconf 84' lang='lat' dir='ltr'><strong>cessabit</strong></span> 
     </span>
    </p>
   </div>
   <div class='ocr_carea' id='block_1_95' title="bbox 132 2459 868 2502">
    <p class='ocr_par' dir='ltr' id='par_1_95' title="bbox 132 2459 868 2502">
     <span class='ocr_line' id='line_1_95' title="bbox 132 2459 868 2502; baseline -0.003 -14"><span class='ocrx_word' id='word_1_802' title='bbox 132 2460 168 2502; x_wconf 68' lang='grc' dir='ltr'><strong>(ι)</strong></span> <span class='ocrx_word' id='word_1_803' title='bbox 182 2462 223 2493; x_wconf 75' lang='grc' dir='ltr'><strong>Α..</strong></span> <span class='ocrx_word' id='word_1_804' title='bbox 238 2460 437 2502; x_wconf 57' lang='lat' dir='ltr'><strong>deprinterisjn</strong></span> <span class='ocrx_word' id='word_1_805' title='bbox 454 2459 627 2502; x_wconf 74' lang='lat' dir='ltr'><strong>profundum,</strong></span> <span class='ocrx_word' id='word_1_806' title='bbox 643 2460 706 2502; x_wconf 73' lang='lat' dir='ltr'><strong>dum</strong></span> <span class='ocrx_word' id='word_1_807' title='bbox 721 2467 815 2488; x_wconf 90' lang='lat' dir='ltr'><strong>aversa</strong></span> <span class='ocrx_word' id='word_1_808' title='bbox 827 2467 868 2488; x_wconf 88' lang='lat' dir='ltr'><strong>es.</strong></span> 
     </span>
    </p>
   </div>
   <div class='ocr_carea' id='block_1_96' title="bbox 97 2496 856 2527">
    <p class='ocr_par' dir='ltr' id='par_1_96' title="bbox 97 2496 856 2527">
     <span class='ocr_line' id='line_1_96' title="bbox 97 2496 856 2527; baseline -0.005 -3"><span class='ocrx_word' id='word_1_809' title='bbox 97 2497 138 2527; x_wconf 77' lang='grc'><strong>8..</strong></span> <span class='ocrx_word' id='word_1_810' title='bbox 159 2496 269 2524; x_wconf 87' lang='lat' dir='ltr'><strong>interra</strong></span> <span class='ocrx_word' id='word_1_811' title='bbox 281 2496 382 2523; x_wconf 86' lang='lat' dir='ltr'><strong>femina</strong></span> <span class='ocrx_word' id='word_1_812' title='bbox 390 2496 569 2522; x_wconf 86' lang='lat' dir='ltr'><strong>circumdabit</strong></span> <span class='ocrx_word' id='word_1_813' title='bbox 580 2496 730 2522; x_wconf 89' lang='lat' dir='ltr'><strong>masculum</strong></span> <span class='ocrx_word' id='word_1_814' title='bbox 745 2503 792 2521; x_wconf 82' lang='lat' dir='ltr'><strong>nm</strong></span> <span class='ocrx_word' id='word_1_815' title='bbox 799 2503 856 2521; x_wconf 79' lang='lat' dir='ltr'><strong>uin.</strong></span> 
     </span>
    </p>
   </div>
   <div class='ocr_carea' id='block_1_97' title="bbox 98 2565 655 2601">
    <p class='ocr_par' dir='ltr' id='par_1_97' title="bbox 98 2565 655 2601">
     <span class='ocr_line' id='line_1_97' title="bbox 98 2565 655 2601; baseline -0.005 -7"><span class='ocrx_word' id='word_1_816' title='bbox 98 2565 284 2601; x_wconf 83' lang='lat' dir='ltr'><strong>hominis,qu</strong></span> <span class='ocrx_word' id='word_1_817' title='bbox 296 2566 445 2593; x_wconf 85' lang='lat' dir='ltr'><strong>comederit</strong></span> <span class='ocrx_word' id='word_1_818' title='bbox 454 2573 521 2592; x_wconf 85' lang='lat' dir='ltr'><strong>uvas</strong></span> <span class='ocrx_word' id='word_1_819' title='bbox 533 2565 655 2592; x_wconf 83' lang='lat' dir='ltr'><strong>acerbas.</strong></span> 
     </span>
    </p>
   </div>
   <div class='ocr_carea' id='block_1_98' title="bbox 940 2240 1727 2277">
    <p class='ocr_par' dir='ltr' id='par_1_98' title="bbox 940 2240 1727 2277">
     <span class='ocr_line' id='line_1_98' title="bbox 940 2240 1727 2277; baseline 0 -9"><span class='ocrx_word' id='word_1_820' title='bbox 940 2241 967 2268; x_wconf 92' lang='lat' dir='ltr'><strong>iu</strong></span> <span class='ocrx_word' id='word_1_821' title='bbox 985 2240 1123 2267; x_wconf 79' lang='lat' dir='ltr'><strong>Anathoth</strong></span> <span class='ocrx_word' id='word_1_822' title='bbox 1141 2240 1164 2274; x_wconf 65' lang='grc' dir='ltr'><strong>ζ,</strong></span> <span class='ocrx_word' id='word_1_823' title='bbox 1183 2245 1210 2267; x_wconf 91' lang='lat' dir='ltr'><strong>ct</strong></span> <span class='ocrx_word' id='word_1_824' title='bbox 1225 2240 1340 2274; x_wconf 78' lang='lat' dir='ltr'><strong>appendi</strong></span> <span class='ocrx_word' id='word_1_825' title='bbox 1364 2241 1389 2267; x_wconf 87' lang='lat' dir='ltr'><strong>ei</strong></span> <span class='ocrx_word' id='word_1_826' title='bbox 1411 2245 1549 2276; x_wconf 79' lang='lat' dir='ltr'><strong>argentum</strong></span> <span class='ocrx_word' id='word_1_827' title='bbox 1570 2247 1673 2276; x_wconf 82' lang='lat' dir='ltr'><strong>septem</strong></span> <span class='ocrx_word' id='word_1_828' title='bbox 1692 2241 1727 2277; x_wconf 67' lang='grc' dir='ltr'><strong>(ι)</strong></span> 
     </span>
    </p>
   </div>
   <div class='ocr_carea' id='block_1_99' title="bbox 940 2286 1727 2322">
    <p class='ocr_par' dir='ltr' id='par_1_99' title="bbox 940 2286 1727 2322">
     <span class='ocr_line' id='line_1_99' title="bbox 940 2286 1727 2322; baseline -0.001 -7"><span class='ocrx_word' id='word_1_829' title='bbox 940 2287 1033 2319; x_wconf 78' lang='lat' dir='ltr'><strong>sit-los,</strong></span> <span class='ocrx_word' id='word_1_830' title='bbox 1050 2291 1077 2314; x_wconf 84' lang='lat' dir='ltr'><strong>et</strong></span> <span class='ocrx_word' id='word_1_831' title='bbox 1089 2286 1183 2313; x_wconf 85' lang='lat' dir='ltr'><strong>decem</strong></span> <span class='ocrx_word' id='word_1_832' title='bbox 1200 2287 1304 2321; x_wconf 82' lang='lat' dir='ltr'><strong>argenti</strong></span> <span class='ocrx_word' id='word_1_833' title='bbox 1321 2295 1328 2313; x_wconf 89' lang='lat'><strong>:</strong></span> <span class='ocrx_word' id='word_1_834' title='bbox 1347 2286 1391 2314; x_wconf 68' lang='lat'><strong>10.</strong></span> <span class='ocrx_word' id='word_1_835' title='bbox 1409 2292 1436 2314; x_wconf 92' lang='lat' dir='ltr'><strong>ct</strong></span> <span class='ocrx_word' id='word_1_836' title='bbox 1455 2286 1553 2322; x_wconf 87' lang='lat' dir='ltr'><strong>scripsi</strong></span> <span class='ocrx_word' id='word_1_837' title='bbox 1569 2287 1596 2314; x_wconf 91' lang='lat' dir='ltr'><strong>in</strong></span> <span class='ocrx_word' id='word_1_838' title='bbox 1617 2288 1727 2320; x_wconf 89' lang='lat' dir='ltr'><strong>librum,</strong></span> 
     </span>
    </p>
   </div>
   <div class='ocr_carea' id='block_1_100' title="bbox 939 2331 1728 2369">
    <p class='ocr_par' dir='ltr' id='par_1_100' title="bbox 939 2331 1728 2369">
     <span class='ocr_line' id='line_1_100' title="bbox 939 2331 1728 2369; baseline 0.001 -8"><span class='ocrx_word' id='word_1_839' title='bbox 939 2338 966 2361; x_wconf 91' lang='lat' dir='ltr'><strong>et</strong></span> <span class='ocrx_word' id='word_1_840' title='bbox 976 2332 1101 2369; x_wconf 77' lang='lat' dir='ltr'><strong>sigillavi,</strong></span> <span class='ocrx_word' id='word_1_841' title='bbox 1112 2338 1137 2360; x_wconf 87' lang='lat' dir='ltr'><strong>et</strong></span> <span class='ocrx_word' id='word_1_842' title='bbox 1153 2332 1246 2361; x_wconf 88' lang='lat' dir='ltr'><strong>testari</strong></span> <span class='ocrx_word' id='word_1_843' title='bbox 1258 2331 1309 2360; x_wconf 87' lang='lat' dir='ltr'><strong>feci</strong></span> <span class='ocrx_word' id='word_1_844' title='bbox 1321 2338 1413 2366; x_wconf 84' lang='lat' dir='ltr'><strong>testes,</strong></span> <span class='ocrx_word' id='word_1_845' title='bbox 1425 2338 1451 2361; x_wconf 88' lang='lat' dir='ltr'><strong>et</strong></span> <span class='ocrx_word' id='word_1_846' title='bbox 1460 2333 1575 2368; x_wconf 88' lang='lat' dir='ltr'><strong>appendi</strong></span> <span class='ocrx_word' id='word_1_847' title='bbox 1588 2339 1728 2369; x_wconf 80' lang='lat' dir='ltr'><strong>argentum</strong></span> 
     </span>
    </p>
   </div>
   <div class='ocr_carea' id='block_1_101' title="bbox 900 2458 1726 2494">
    <p class='ocr_par' dir='ltr' id='par_1_101' title="bbox 900 2458 1726 2494">
     <span class='ocr_line' id='line_1_101' title="bbox 900 2458 1726 2494; baseline -0.001 -7"><span class='ocrx_word' id='word_1_848' title='bbox 900 2460 938 2494; x_wconf 79' lang='lat' dir='ltr'><strong>(tt)</strong></span> <span class='ocrx_word' id='word_1_849' title='bbox 951 2460 1061 2487; x_wconf 85' lang='lat' dir='ltr'><strong>Femina</strong></span> <span class='ocrx_word' id='word_1_850' title='bbox 1077 2467 1146 2487; x_wconf 91' lang='lat' dir='ltr'><strong>nova</strong></span> <span class='ocrx_word' id='word_1_851' title='bbox 1161 2460 1186 2486; x_wconf 94' lang='lat' dir='ltr'><strong>in</strong></span> <span class='ocrx_word' id='word_1_852' title='bbox 1202 2464 1272 2487; x_wconf 82' lang='lat' dir='ltr'><strong>terra</strong></span> <span class='ocrx_word' id='word_1_853' title='bbox 1288 2459 1314 2486; x_wconf 90' lang='lat' dir='ltr'><strong>in</strong></span> <span class='ocrx_word' id='word_1_854' title='bbox 1331 2459 1418 2486; x_wconf 87' lang='lat' dir='ltr'><strong>salute</strong></span> <span class='ocrx_word' id='word_1_855' title='bbox 1433 2458 1613 2494; x_wconf 78' lang='lat' dir='ltr'><strong>circumdabit</strong></span> <span class='ocrx_word' id='word_1_856' title='bbox 1627 2458 1726 2486; x_wconf 82' lang='lat' dir='ltr'><strong>virum.</strong></span> 
     </span>
    </p>
   </div>
   <div class='ocr_carea' id='block_1_102' title="bbox 896 2493 1728 2528">
    <p class='ocr_par' dir='ltr' id='par_1_102' title="bbox 896 2493 1728 2528">
     <span class='ocr_line' id='line_1_102' title="bbox 896 2493 1728 2528; baseline -0.001 -7"><span class='ocrx_word' id='word_1_857' title='bbox 896 2496 933 2526; x_wconf 79' lang='lat' dir='ltr'><strong>(b)</strong></span> <span class='ocrx_word' id='word_1_858' title='bbox 945 2496 989 2527; x_wconf 72' lang='grc' dir='ltr'><strong>Α..</strong></span> <span class='ocrx_word' id='word_1_859' title='bbox 1004 2496 1045 2525; x_wconf 77' lang='lat' dir='ltr'><strong>S.,</strong></span> <span class='ocrx_word' id='word_1_860' title='bbox 1064 2495 1205 2522; x_wconf 75' lang='lat' dir='ltr'><strong>benedicat</strong></span> <span class='ocrx_word' id='word_1_861' title='bbox 1219 2496 1278 2524; x_wconf 82' lang='lat' dir='ltr'><strong>tibi.</strong></span> <span class='ocrx_word' id='word_1_862' title='bbox 1291 2495 1416 2527; x_wconf 85' lang='lat' dir='ltr'><strong>Domine,</strong></span> <span class='ocrx_word' id='word_1_863' title='bbox 1433 2493 1561 2520; x_wconf 85' lang='lat' dir='ltr'><strong>habitans</strong></span> <span class='ocrx_word' id='word_1_864' title='bbox 1572 2493 1598 2520; x_wconf 85' lang='lat' dir='ltr'><strong>ill</strong></span> <span class='ocrx_word' id='word_1_865' title='bbox 1610 2494 1728 2528; x_wconf 87' lang='lat' dir='ltr'><strong>justitia.</strong></span> 
     </span>
    </p>
   </div>
   <div class='ocr_carea' id='block_1_103' title="bbox 98 2530 1482 2566">
    <p class='ocr_par' dir='ltr' id='par_1_103' title="bbox 98 2530 1482 2566">
     <span class='ocr_line' id='line_1_103' title="bbox 98 2530 1482 2566; baseline -0.003 -7"><span class='ocrx_word' id='word_1_866' title='bbox 98 2534 132 2566; x_wconf 78' lang='grc' dir='ltr'><strong>(ε)</strong></span> <span class='ocrx_word' id='word_1_867' title='bbox 147 2533 192 2563; x_wconf 81' lang='grc' dir='ltr'><strong>Α.,</strong></span> <span class='ocrx_word' id='word_1_868' title='bbox 201 2536 229 2559; x_wconf 91' lang='lat' dir='ltr'><strong>et</strong></span> <span class='ocrx_word' id='word_1_869' title='bbox 237 2531 398 2558; x_wconf 88' lang='lat' dir='ltr'><strong>babilabunt</strong></span> <span class='ocrx_word' id='word_1_870' title='bbox 409 2531 434 2557; x_wconf 93' lang='lat' dir='ltr'><strong>in</strong></span> <span class='ocrx_word' id='word_1_871' title='bbox 444 2538 476 2558; x_wconf 89' lang='lat' dir='ltr'><strong>ea</strong></span> <span class='ocrx_word' id='word_1_872' title='bbox 484 2530 565 2563; x_wconf 80' lang='lat' dir='ltr'><strong>Juda,</strong></span> <span class='ocrx_word' id='word_1_873' title='bbox 583 2533 610 2556; x_wconf 88' lang='lat' dir='ltr'><strong>et</strong></span> <span class='ocrx_word' id='word_1_874' title='bbox 624 2537 718 2557; x_wconf 82' lang='lat' dir='ltr'><strong>omnes</strong></span> <span class='ocrx_word' id='word_1_875' title='bbox 731 2530 810 2556; x_wconf 88' lang='lat' dir='ltr'><strong>urbes</strong></span> <span class='ocrx_word' id='word_1_876' title='bbox 821 2531 890 2566; x_wconf 82' lang='lat' dir='ltr'><strong>ejus.</strong></span> <span class='ocrx_word' id='word_1_877' title='bbox 901 2530 943 2564; x_wconf 78' lang='lat'><strong>8.,</strong></span> <span class='ocrx_word' id='word_1_878' title='bbox 956 2531 1035 2557; x_wconf 91' lang='lat' dir='ltr'><strong>simul</strong></span> <span class='ocrx_word' id='word_1_879' title='bbox 1049 2531 1175 2565; x_wconf 64' lang='lat' dir='ltr'><strong>agricola:</strong></span> <span class='ocrx_word' id='word_1_880' title='bbox 1183 2535 1209 2557; x_wconf 93' lang='lat' dir='ltr'><strong>et</strong></span> <span class='ocrx_word' id='word_1_881' title='bbox 1216 2531 1347 2566; x_wconf 80' lang='lat' dir='ltr'><strong>ductores</strong></span> <span class='ocrx_word' id='word_1_882' title='bbox 1359 2536 1482 2564; x_wconf 77' lang='lat' dir='ltr'><strong>gregum.</strong></span> 
     </span>
    </p>
   </div>
   <div class='ocr_carea' id='block_1_104' title="bbox 695 2564 1154 2600">
    <p class='ocr_par' dir='ltr' id='par_1_104' title="bbox 695 2564 1154 2600">
     <span class='ocr_line' id='line_1_104' title="bbox 695 2564 1154 2600; baseline 0.004 -10"><span class='ocrx_word' id='word_1_883' title='bbox 695 2566 729 2599; x_wconf 75' lang='grc' dir='ltr'><strong>(ιι)</strong></span> <span class='ocrx_word' id='word_1_884' title='bbox 750 2566 794 2596; x_wconf 70' lang='grc' dir='ltr'><strong>Α..</strong></span> <span class='ocrx_word' id='word_1_885' title='bbox 807 2564 940 2591; x_wconf 78' lang='lat' dir='ltr'><strong>excidant.</strong></span> <span class='ocrx_word' id='word_1_886' title='bbox 953 2565 995 2597; x_wconf 78' lang='lat'><strong>8.,</strong></span> <span class='ocrx_word' id='word_1_887' title='bbox 1006 2564 1154 2600; x_wconf 80' lang='lat' dir='ltr'><strong>perﬁciam.</strong></span> 
     </span>
    </p>
   </div>
   <div class='ocr_carea' id='block_1_105' title="bbox 1522 2528 1728 2563">
    <p class='ocr_par' dir='ltr' id='par_1_105' title="bbox 1522 2528 1728 2563">
     <span class='ocr_line' id='line_1_105' title="bbox 1522 2528 1728 2563; baseline 0.005 -8"><span class='ocrx_word' id='word_1_888' title='bbox 1522 2528 1562 2563; x_wconf 88' lang='lat' dir='ltr'><strong>(d)</strong></span> <span class='ocrx_word' id='word_1_889' title='bbox 1581 2528 1622 2559; x_wconf 82' lang='lat' dir='ltr'><strong>S.,</strong></span> <span class='ocrx_word' id='word_1_890' title='bbox 1639 2529 1728 2556; x_wconf 71' lang='lat' dir='ltr'><strong>omnis</strong></span> 
     </span>
    </p>
   </div>
   <div class='ocr_carea' id='block_1_106' title="bbox 1194 2563 1728 2600">
    <p class='ocr_par' dir='ltr' id='par_1_106' title="bbox 1194 2563 1728 2600">
     <span class='ocr_line' id='line_1_106' title="bbox 1194 2563 1728 2600; baseline -0.004 -8"><span class='ocrx_word' id='word_1_891' title='bbox 1194 2565 1226 2600; x_wconf 70' lang='grc' dir='ltr'><strong>(Γ)</strong></span> <span class='ocrx_word' id='word_1_892' title='bbox 1238 2565 1282 2595; x_wconf 86' lang='grc' dir='ltr'><strong>Α.,</strong></span> <span class='ocrx_word' id='word_1_893' title='bbox 1297 2564 1339 2597; x_wconf 80' lang='grc'><strong>8.,</strong></span> <span class='ocrx_word' id='word_1_894' title='bbox 1352 2563 1494 2592; x_wconf 69' lang='lat' dir='ltr'><strong>statutum.</strong></span> <span class='ocrx_word' id='word_1_895' title='bbox 1535 2564 1571 2600; x_wconf 72' lang='grc' dir='ltr'><strong>(ῃ)</strong></span> <span class='ocrx_word' id='word_1_896' title='bbox 1582 2563 1613 2590; x_wconf 89' lang='lat' dir='ltr'><strong>Et</strong></span> <span class='ocrx_word' id='word_1_897' title='bbox 1623 2563 1728 2590; x_wconf 92' lang='lat' dir='ltr'><strong>domui.</strong></span> 
     </span>
    </p>
   </div>
   <div class='ocr_carea' id='block_1_107' title="bbox 99 2592 884 2637">
    <p class='ocr_par' dir='ltr' id='par_1_107' title="bbox 99 2592 884 2637">
     <span class='ocr_line' id='line_1_107' title="bbox 99 2592 884 2637; baseline -0.004 -9"><span class='ocrx_word' id='word_1_898' title='bbox 99 2592 331 2637; x_wconf 73' lang='lat' dir='ltr'><strong>legent</strong></span> <span class='ocrx_word' id='word_1_899' title='bbox 347 2608 446 2628; x_wconf 86' lang='lat' dir='ltr'><strong>meam.</strong></span> <span class='ocrx_word' id='word_1_900' title='bbox 485 2600 516 2637; x_wconf 56' lang='grc' dir='ltr'><strong>(ἰ)</strong></span> <span class='ocrx_word' id='word_1_901' title='bbox 534 2601 578 2633; x_wconf 83' lang='grc' dir='ltr'><strong>Α.,</strong></span> <span class='ocrx_word' id='word_1_902' title='bbox 593 2592 727 2637; x_wconf 71' lang='lat' dir='ltr'><strong>statutum</strong></span> <span class='ocrx_word' id='word_1_903' title='bbox 745 2592 860 2637; x_wconf 67' lang='lat' dir='ltr'><strong>Iulia:_ct</strong></span> <span class='ocrx_word' id='word_1_904' title='bbox 877 2607 884 2626; x_wconf 76' lang='grc' dir='ltr'>ξ</span> 
     </span>
    </p>
   </div>
   <div class='ocr_carea' id='block_1_108' title="bbox 936 2592 1728 2637">
    <p class='ocr_par' dir='ltr' id='par_1_108' title="bbox 940 2592 1728 2637">
     <span class='ocr_line' id='line_1_108' title="bbox 940 2592 1728 2637; baseline 0 -11"><span class='ocrx_word' id='word_1_905' title='bbox 940 2592 1033 2627; x_wconf 63' lang='lat' dir='ltr'><strong>aruin.</strong></span> <span class='ocrx_word' id='word_1_906' title='bbox 1067 2600 1103 2637; x_wconf 77' lang='lat' dir='ltr'><strong>(It)</strong></span> <span class='ocrx_word' id='word_1_907' title='bbox 1124 2602 1170 2632; x_wconf 83' lang='grc' dir='ltr'><strong>Α.,</strong></span> <span class='ocrx_word' id='word_1_908' title='bbox 1186 2592 1284 2637; x_wconf 61' lang='grc' dir='ltr'><strong>δὲδεψέ</strong></span> <span class='ocrx_word' id='word_1_909' title='bbox 1306 2592 1390 2627; x_wconf 74' lang='lat' dir='ltr'><strong>mare.</strong></span> <span class='ocrx_word' id='word_1_910' title='bbox 1413 2592 1569 2637; x_wconf 47' lang='lat' dir='ltr'><strong>_(l)_A.,&#39;si</strong></span> <span class='ocrx_word' id='word_1_911' title='bbox 1586 2606 1728 2626; x_wconf 84' lang='lat' dir='ltr'><strong>mensura-</strong></span> 
     </span>
    </p>
   </div>
   <div class='ocr_carea' id='block_1_109' title="bbox 99 2634 1728 2669">
    <p class='ocr_par' dir='ltr' id='par_1_109' title="bbox 99 2634 1728 2669">
     <span class='ocr_line' id='line_1_109' title="bbox 99 2634 1728 2669; baseline -0.002 -6"><span class='ocrx_word' id='word_1_912' title='bbox 99 2634 200 2664; x_wconf 80' lang='lat' dir='ltr'><strong>tninlur</strong></span> <span class='ocrx_word' id='word_1_913' title='bbox 215 2634 314 2663; x_wconf 71' lang='lat' dir='ltr'><strong>emtum</strong></span> <span class='ocrx_word' id='word_1_914' title='bbox 329 2643 450 2668; x_wconf 88' lang='lat' dir='ltr'><strong>sursum,</strong></span> <span class='ocrx_word' id='word_1_915' title='bbox 470 2641 498 2662; x_wconf 84' lang='lat' dir='ltr'><strong>et</strong></span> <span class='ocrx_word' id='word_1_916' title='bbox 512 2635 744 2669; x_wconf 83' lang='lat' dir='ltr'><strong>iuvestigabuntur</strong></span> <span class='ocrx_word' id='word_1_917' title='bbox 759 2634 936 2661; x_wconf 75' lang='lat' dir='ltr'><strong>l‘utnlamenta</strong></span> <span class='ocrx_word' id='word_1_918' title='bbox 959 2639 1037 2662; x_wconf 71' lang='lat' dir='ltr'><strong>terrae</strong></span> <span class='ocrx_word' id='word_1_919' title='bbox 1059 2636 1205 2668; x_wconf 86' lang='lat' dir='ltr'><strong>deorsum;</strong></span> <span class='ocrx_word' id='word_1_920' title='bbox 1223 2635 1307 2662; x_wconf 87' lang='lat' dir='ltr'><strong>etiam</strong></span> <span class='ocrx_word' id='word_1_921' title='bbox 1328 2642 1378 2666; x_wconf 72' lang='lat' dir='ltr'><strong>ego</strong></span> <span class='ocrx_word' id='word_1_922' title='bbox 1394 2634 1522 2669; x_wconf 76' lang='lat' dir='ltr'><strong>abjiciam</strong></span> <span class='ocrx_word' id='word_1_923' title='bbox 1543 2641 1624 2660; x_wconf 86' lang='lat' dir='ltr'><strong>omne</strong></span> <span class='ocrx_word' id='word_1_924' title='bbox 1636 2640 1728 2661; x_wconf 82' lang='lat' dir='ltr'><strong>semen</strong></span> 
     </span>
    </p>
   </div>
   <div class='ocr_carea' id='block_1_110' title="bbox 99 2668 1726 2704">
    <p class='ocr_par' dir='ltr' id='par_1_110' title="bbox 99 2668 1726 2704">
     <span class='ocr_line' id='line_1_110' title="bbox 99 2668 1726 2704; baseline -0.002 -6"><span class='ocrx_word' id='word_1_925' title='bbox 99 2672 183 2698; x_wconf 66' lang='lat' dir='ltr'><strong>ludat.</strong></span> <span class='ocrx_word' id='word_1_926' title='bbox 205 2671 312 2698; x_wconf 81' lang='lat' dir='ltr'><strong>Israelis</strong></span> <span class='ocrx_word' id='word_1_927' title='bbox 323 2692 329 2703; x_wconf 91' lang='lat'><strong>,</strong></span> <span class='ocrx_word' id='word_1_928' title='bbox 341 2675 450 2704; x_wconf 85' lang='lat' dir='ltr'><strong>propter</strong></span> <span class='ocrx_word' id='word_1_929' title='bbox 460 2670 562 2701; x_wconf 79' lang='lat' dir='ltr'><strong>omnia,</strong></span> <span class='ocrx_word' id='word_1_930' title='bbox 571 2668 629 2703; x_wconf 72' lang='lat' dir='ltr'><strong>qua-</strong></span> <span class='ocrx_word' id='word_1_931' title='bbox 640 2669 771 2701; x_wconf 83' lang='lat' dir='ltr'><strong>fecerunt,</strong></span> <span class='ocrx_word' id='word_1_932' title='bbox 781 2670 845 2695; x_wconf 83' lang='lat' dir='ltr'><strong>dicit</strong></span> <span class='ocrx_word' id='word_1_933' title='bbox 857 2669 1000 2704; x_wconf 83' lang='lat' dir='ltr'><strong>Dominus.</strong></span> <span class='ocrx_word' id='word_1_934' title='bbox 1022 2670 1069 2703; x_wconf 74' lang='grc' dir='ltr'><strong>(ιη)</strong></span> <span class='ocrx_word' id='word_1_935' title='bbox 1082 2673 1128 2701; x_wconf 77' lang='grc' dir='ltr'><strong>Α..</strong></span> <span class='ocrx_word' id='word_1_936' title='bbox 1143 2671 1232 2704; x_wconf 80' lang='lat' dir='ltr'><strong>regula</strong></span> <span class='ocrx_word' id='word_1_937' title='bbox 1242 2670 1431 2697; x_wconf 83' lang='lat' dir='ltr'><strong>dimensionis.</strong></span> <span class='ocrx_word' id='word_1_938' title='bbox 1445 2668 1570 2704; x_wconf 20' lang='lat' dir='ltr'><strong>S..7funis</strong></span> <span class='ocrx_word' id='word_1_939' title='bbox 1583 2675 1726 2704; x_wconf 63' lang='lat' dir='ltr'><strong>mensurae,</strong></span> 
     </span>
    </p>
   </div>
   <div class='ocr_carea' id='block_1_111' title="bbox 100 2702 884 2740">
    <p class='ocr_par' dir='ltr' id='par_1_111' title="bbox 100 2702 883 2740">
     <span class='ocr_line' id='line_1_111' title="bbox 100 2702 883 2740; baseline -0.005 -7"><span class='ocrx_word' id='word_1_940' title='bbox 100 2707 140 2738; x_wconf 72' lang='lat' dir='ltr'><strong>(ni</strong></span> <span class='ocrx_word' id='word_1_941' title='bbox 157 2706 201 2739; x_wconf 84' lang='grc' dir='ltr'><strong>Λ.,</strong></span> <span class='ocrx_word' id='word_1_942' title='bbox 219 2706 308 2732; x_wconf 84' lang='lat' dir='ltr'><strong>bouis.</strong></span> <span class='ocrx_word' id='word_1_943' title='bbox 341 2702 450 2740; x_wconf 68' lang='grc' dir='ltr'><strong>’(ο)Ἀ,,</strong></span> <span class='ocrx_word' id='word_1_944' title='bbox 469 2704 511 2736; x_wconf 79' lang='grc'><strong>8.,</strong></span> <span class='ocrx_word' id='word_1_945' title='bbox 526 2702 696 2740; x_wconf 74' lang='lat' dir='ltr'><strong>cadaverum.</strong></span> <span class='ocrx_word' id='word_1_946' title='bbox 736 2706 767 2738; x_wconf 82' lang='lat'><strong>(&#39;)</strong></span> <span class='ocrx_word' id='word_1_947' title='bbox 784 2703 834 2730; x_wconf 77' lang='lat' dir='ltr'><strong>Pro</strong></span> <span class='ocrx_word' id='word_1_948' title='bbox 850 2707 883 2740; x_wconf 61' lang='grc' dir='ltr'><strong>ε]</strong></span> 
     </span>
    </p>
   </div>
   <div class='ocr_carea' id='block_1_112' title="bbox 936 2702 1727 2740">
    <p class='ocr_par' dir='ltr' id='par_1_112' title="bbox 938 2702 1727 2740">
     <span class='ocr_line' id='line_1_112' title="bbox 938 2702 1727 2740; baseline -0.003 -10"><span class='ocrx_word' id='word_1_949' title='bbox 938 2726 944 2737; x_wconf 81' lang='grc'>,</span> <span class='ocrx_word' id='word_1_950' title='bbox 964 2703 1104 2739; x_wconf 75' lang='lat' dir='ltr'><strong>Fagadim,</strong></span> <span class='ocrx_word' id='word_1_951' title='bbox 1121 2702 1189 2732; x_wconf 79' lang='lat' dir='ltr'><strong>forte</strong></span> <span class='ocrx_word' id='word_1_952' title='bbox 1204 2705 1358 2738; x_wconf 73' lang='lat' dir='ltr'><strong>legendum,</strong></span> <span class='ocrx_word' id='word_1_953' title='bbox 1370 2708 1458 2734; x_wconf 53' lang='grc' dir='ltr'><strong>ωηεν</strong></span> <span class='ocrx_word' id='word_1_954' title='bbox 1484 2703 1621 2740; x_wconf 66' lang='lat' dir='ltr'><strong>Eagarim.</strong></span> <span class='ocrx_word' id='word_1_955' title='bbox 1639 2702 1727 2740; x_wconf 73' lang='lat' dir='ltr'><strong>[Haud</strong></span> 
     </span>
    </p>
   </div>
   <div class='ocr_carea' id='block_1_113' title="bbox 103 2737 1726 2774">
    <p class='ocr_par' dir='ltr' id='par_1_113' title="bbox 103 2737 1726 2774">
     <span class='ocr_line' id='line_1_113' title="bbox 103 2737 1726 2774; baseline -0.001 -8"><span class='ocrx_word' id='word_1_956' title='bbox 103 2737 199 2773; x_wconf 58' lang='lat' dir='ltr'><strong>dubie,</strong></span> <span class='ocrx_word' id='word_1_957' title='bbox 216 2740 341 2768; x_wconf 88' lang='lat' dir='ltr'><strong>hebraica</strong></span> <span class='ocrx_word' id='word_1_958' title='bbox 354 2737 426 2767; x_wconf 68' lang='lat' dir='ltr'><strong>ruim</strong></span> <span class='ocrx_word' id='word_1_959' title='bbox 443 2737 543 2766; x_wconf 70' lang='lat' dir='ltr'><strong>veritas</strong></span> <span class='ocrx_word' id='word_1_960' title='bbox 559 2739 639 2766; x_wconf 83' lang='lat' dir='ltr'><strong>habet.</strong></span> <span class='ocrx_word' id='word_1_961' title='bbox 655 2737 860 2768; x_wconf 40' lang='lat' dir='ltr'><strong>Dt&#39;uBJDrtacu</strong></span> <span class='ocrx_word' id='word_1_962' title='bbox 874 2738 883 2774; x_wconf 90' lang='lat'>]</span> <span class='ocrx_word' id='word_1_963' title='bbox 923 2740 960 2774; x_wconf 83' lang='grc' dir='ltr'><strong>(ρ)</strong></span> <span class='ocrx_word' id='word_1_964' title='bbox 977 2737 1083 2774; x_wconf 82' lang='lat' dir='ltr'><strong>adipem</strong></span> <span class='ocrx_word' id='word_1_965' title='bbox 1098 2741 1223 2766; x_wconf 87' lang='lat' dir='ltr'><strong>etomuia</strong></span> <span class='ocrx_word' id='word_1_966' title='bbox 1235 2748 1296 2774; x_wconf 63' lang='lat' dir='ltr'><strong>quae</strong></span> <span class='ocrx_word' id='word_1_967' title='bbox 1305 2744 1367 2766; x_wconf 84' lang='lat' dir='ltr'><strong>autc</strong></span> <span class='ocrx_word' id='word_1_968' title='bbox 1379 2740 1474 2766; x_wconf 84' lang='lat' dir='ltr'><strong>urbem</strong></span> <span class='ocrx_word' id='word_1_969' title='bbox 1491 2737 1562 2774; x_wconf 40' lang='lat' dir='ltr'><strong>(ife.</strong></span> <span class='ocrx_word' id='word_1_970' title='bbox 1577 2737 1726 2774; x_wconf 67' lang='grc' dir='ltr'><strong>ειιριίνὺὶα).</strong></span> 
     </span>
    </p>
   </div>
   <div class='ocr_carea' id='block_1_114' title="bbox 101 2772 884 2812">
    <p class='ocr_par' dir='ltr' id='par_1_114' title="bbox 101 2772 884 2812">
     <span class='ocr_line' id='line_1_114' title="bbox 101 2772 884 2812; baseline -0.001 -10"><span class='ocrx_word' id='word_1_971' title='bbox 101 2777 139 2812; x_wconf 86' lang='lat' dir='ltr'><strong>(q)</strong></span> <span class='ocrx_word' id='word_1_972' title='bbox 159 2775 200 2812; x_wconf 74' lang='lat'><strong>5.,</strong></span> <span class='ocrx_word' id='word_1_973' title='bbox 232 2776 258 2812; x_wconf 88' lang='lat' dir='ltr'><strong>in</strong></span> <span class='ocrx_word' id='word_1_974' title='bbox 275 2776 417 2812; x_wconf 84' lang='lat' dir='ltr'><strong>orientem.</strong></span> <span class='ocrx_word' id='word_1_975' title='bbox 458 2775 496 2812; x_wconf 70' lang='grc' dir='ltr'><strong>(ι’)Δ</strong></span> <span class='ocrx_word' id='word_1_976' title='bbox 512 2774 556 2812; x_wconf 76' lang='lat' dir='ltr'><strong>_A.,</strong></span> <span class='ocrx_word' id='word_1_977' title='bbox 574 2774 816 2812; x_wconf 71' lang='lat' dir='ltr'><strong>_circumdedc_ruut</strong></span> <span class='ocrx_word' id='word_1_978' title='bbox 838 2772 884 2802; x_wconf 73' lang='lat' dir='ltr'><strong>urb</strong></span> 
     </span>
    </p>
   </div>
   <div class='ocr_carea' id='block_1_115' title="bbox 936 2772 1725 2812">
    <p class='ocr_par' dir='ltr' id='par_1_115' title="bbox 937 2772 1725 2812">
     <span class='ocr_line' id='line_1_115' title="bbox 937 2772 1725 2812; baseline -0.003 -11"><span class='ocrx_word' id='word_1_979' title='bbox 937 2796 944 2801; x_wconf 97' lang='lat'><strong>.</strong></span> <span class='ocrx_word' id='word_1_980' title='bbox 983 2772 1080 2812; x_wconf 49' lang='lat' dir='ltr'><strong>(sim,</strong></span> <span class='ocrx_word' id='word_1_981' title='bbox 1100 2772 1278 2812; x_wconf 17' lang='lat' dir='ltr'><strong>8.,7dcducet</strong></span> <span class='ocrx_word' id='word_1_982' title='bbox 1299 2774 1451 2801; x_wconf 76' lang='lat' dir='ltr'><strong>Sedeciant.</strong></span> <span class='ocrx_word' id='word_1_983' title='bbox 1478 2772 1582 2812; x_wconf 29' lang='grc' dir='ltr'><strong>,(1)ᾼ.,</strong></span> <span class='ocrx_word' id='word_1_984' title='bbox 1603 2772 1725 2812; x_wconf 79' lang='lat' dir='ltr'><strong>erit.</strong></span> 
     </span>
    </p>
   </div>
   <div class='ocr_carea' id='block_1_116' title="bbox 101 2808 1726 2846">
    <p class='ocr_par' dir='ltr' id='par_1_116' title="bbox 101 2808 1726 2846">
     <span class='ocr_line' id='line_1_116' title="bbox 101 2808 1726 2846; baseline -0.002 -8"><span class='ocrx_word' id='word_1_985' title='bbox 101 2808 142 2846; x_wconf 67' lang='grc' dir='ltr'><strong>(πῖ)</strong></span> <span class='ocrx_word' id='word_1_986' title='bbox 165 2811 208 2842; x_wconf 74' lang='lat'><strong>8.,</strong></span> <span class='ocrx_word' id='word_1_987' title='bbox 224 2811 246 2846; x_wconf 86' lang='lat' dir='ltr'><strong>si</strong></span> <span class='ocrx_word' id='word_1_988' title='bbox 265 2811 336 2838; x_wconf 85' lang='lat' dir='ltr'><strong>enim</strong></span> <span class='ocrx_word' id='word_1_989' title='bbox 351 2809 535 2846; x_wconf 69' lang='lat' dir='ltr'><strong>pugnaveritis</strong></span> <span class='ocrx_word' id='word_1_990' title='bbox 548 2809 678 2836; x_wconf 76' lang='lat' dir='ltr'><strong>adversus</strong></span> <span class='ocrx_word' id='word_1_991' title='bbox 690 2809 840 2844; x_wconf 71' lang='lat' dir='ltr'><strong>(llmldams,</strong></span> <span class='ocrx_word' id='word_1_992' title='bbox 854 2818 907 2837; x_wconf 92' lang='lat' dir='ltr'><strong>non</strong></span> <span class='ocrx_word' id='word_1_993' title='bbox 926 2815 997 2838; x_wconf 78' lang='lat' dir='ltr'><strong>recte.</strong></span> <span class='ocrx_word' id='word_1_994' title='bbox 1013 2810 1108 2844; x_wconf 81' lang='lat' dir='ltr'><strong>agetis.</strong></span> <span class='ocrx_word' id='word_1_995' title='bbox 1147 2810 1186 2843; x_wconf 55' lang='lat' dir='ltr'><strong>(et)</strong></span> <span class='ocrx_word' id='word_1_996' title='bbox 1203 2808 1261 2836; x_wconf 84' lang='lat' dir='ltr'><strong>Non</strong></span> <span class='ocrx_word' id='word_1_997' title='bbox 1279 2813 1352 2837; x_wconf 86' lang='lat' dir='ltr'><strong>recte</strong></span> <span class='ocrx_word' id='word_1_998' title='bbox 1366 2815 1436 2844; x_wconf 80' lang='lat' dir='ltr'><strong>aget.</strong></span> <span class='ocrx_word' id='word_1_999' title='bbox 1474 2810 1512 2844; x_wconf 73' lang='grc' dir='ltr'><strong>(ω</strong></span> <span class='ocrx_word' id='word_1_1000' title='bbox 1531 2808 1608 2842; x_wconf 78' lang='lat' dir='ltr'><strong>Quod</strong></span> <span class='ocrx_word' id='word_1_1001' title='bbox 1625 2809 1670 2835; x_wconf 89' lang='lat' dir='ltr'><strong>tibi</strong></span> <span class='ocrx_word' id='word_1_1002' title='bbox 1687 2812 1726 2835; x_wconf 83' lang='lat' dir='ltr'><strong>est</strong></span> 
     </span>
    </p>
   </div>
   <div class='ocr_carea' id='block_1_117' title="bbox 100 2845 649 2881">
    <p class='ocr_par' dir='ltr' id='par_1_117' title="bbox 100 2845 649 2881">
     <span class='ocr_line' id='line_1_117' title="bbox 100 2845 649 2881; baseline -0.005 -7"><span class='ocrx_word' id='word_1_1003' title='bbox 100 2845 300 2881; x_wconf 75' lang='lat' dir='ltr'><strong>propinquitas.</strong></span> <span class='ocrx_word' id='word_1_1004' title='bbox 340 2846 377 2880; x_wconf 73' lang='grc' dir='ltr'><strong>(τ.)</strong></span> <span class='ocrx_word' id='word_1_1005' title='bbox 403 2846 448 2879; x_wconf 76' lang='grc'><strong>;1.,</strong></span> <span class='ocrx_word' id='word_1_1006' title='bbox 466 2845 506 2879; x_wconf 87' lang='lat' dir='ltr'><strong>S.,</strong></span> <span class='ocrx_word' id='word_1_1007' title='bbox 524 2849 649 2872; x_wconf 73' lang='lat' dir='ltr'><strong>statores.</strong></span> 
     </span>
    </p>
   </div>
  </div>
