1919 3077
92 142 161 169 2557

701 132 860 162 JEREMIIE
882 132 997 162 CAPUT
1018 134 1135 162 XXXIII.

1648 143 1720 170 επις

90 186 138 230 εἰς’
149 211 157 230 :
169 207 194 229 et
208 201 337 236 plantabo
352 208 400 230 eos
412 202 438 229 in
455 206 527 229 terra
541 202 603 232 hac,
621 201 656 236 (ς)
676 200 702 227 in
718 200 779 231 fide,
800 200 880 226 etiam
898 201 918 229 Α
934 199 1092 232 dcvastatis,
1105 204 1134 227 nt
1147 207 1200 227 non
1217 208 1282 235 puer
1296 200 1384 228 factus
1396 202 1431 229 sit
1447 202 1538 235 homo,
1550 205 1582 238 χ(
1594 209 1719 232 etutnnu

92 248 120 276 in
130 248 203 275 omni
215 247 296 275 corde
311 255 382 280 meo,
397 248 461 274 et'iu
477 247 552 274 omni
565 247 655 273 anima
669 254 737 272 mea.
751 245 796 271 42.
813 245 882 277 Quia

91 294 133 320 sic
145 293 214 320 dixit
231 292 362 319 Dominus
380 293 431 327 (l):
456 291 533 319 Sicut
552 291 645 318 imluxi
662 298 742 324 super
754 290 881 325 populum

93 339 166 366 hunc
179 339 271 365 omnia
286 339 356 365 mala
376 346 473 372 magna
492 338 558 367 ha-c.
574 337 614 364 sic
627 345 677 370 ego
697 337 820 363 inducam
836 344 882 363 su-

91 392 141 418 per
155 392 202 411 eos
213 384 303 410 omnia
319 384 400 415 bona,
413 391 531 419 qumcgo
543 384 649 410 locutus
660 391 719 410 sum
732 390 814 417 super
823 390 881 409 eos.

91 430 137 456 45.
152 429 184 456 Et
199 430 412 464 possidebuntur
424 431 457 463 >κ
473 429 562 455 adlmc
572 429 629 463 agri
651 429 678 454 in
697 432 767 455 terra
786 429 836 454 hac
856 427 881 460 ζ,

91 482 174 507 quam
195 479 222 500 tu
245 474 313 500 dicis
331 483 337 500 τ
355 473 393 508 (u)
413 481 467 500 non
491 473 582 507 pervia
604 477 646 500 cst
666 473 700 499 ab
726 473 836 499 homine
856 477 883 500 ct

91 518 199 550 bestiis,
219 523 246 545 et
276 519 365 545 traditi
405 524 468 545 sunt
501 519 527 545 in
557 526 654 545 manus
680 518 880 545 Chaldaeorum.

91 564 136 591 Η.
152 564 192 599 (1:)
206 564 293 599 Agros
310 565 337 591 in
356 569 468 599 argento
479 564 665 598 possidebunt.
681 563 718 598 (υ)
735 564 766 591 Et
779 564 882 591 scribes

92 610 120 637 in
138 610 218 642 libro,
232 614 260 637 et
273 611 444 644 obsignabis,
463 611 498 645 (ι)
516 616 543 637 et
558 610 651 637 testari
664 609 746 637 facies
759 615 842 638 testes
855 611 880 638 in

89 661 164 682 terra
176 655 327 689 Beniamin,
345 661 372 682 et
387 656 414 682 in
433 656 548 683 circuitu
570 655 732 688 Jerusalem,
745 661 771 682 et
788 657 814 682 in
837 664 881 683 ur-

92 702 172 728 bibus
186 701 273 733 Judaa,
286 707 312 729 et
324 702 350 729 in
363 703 476 729 urbibus
490 703 600 731 montis.
615 707 642 729 et
665 703 691 729 in
712 703 826 729 urbibus
843 702 880 737 (α)

93 747 223 782 Saphilaa.
241 753 267 775 et
284 749 310 775 in
325 749 438 775 urbibus
450 748 589 783 (b)Nagih;
601 748 664 783 (plia
679 754 834 776 convertam
846 748 880 784 (ιτ)

90 793 304 827 demigrationes
320 801 427 824 eorum,
441 794 505 820 dicit
522 795 661 822 Dominus.

126 840 192 874 Cap.
206 839 324 866 XXXIII.
338 855 374 859 —
387 841 411 867 I.
425 839 458 866 Et
470 839 570 867 factum
586 845 627 868 est
648 841 758 867 verbum
775 840 879 867 Domini

91 883 126 910 ad
135 883 279 911 Jeremiam
294 886 424 917 secundo,
436 886 514 912 etille
521 890 579 912 erat
589 886 678 913 adhuc
689 887 726 921 (d)
737 888 843 915 vinctus
852 888 878 914 in

91 930 162 956 atrio
181 930 310 962 carceris,
329 931 423 957 dicens
439 940 445 958 :
464 931 492 957 ‘2.
512 930 558 958 Sic
586 931 655 958 dixit
677 931 819 965 Dominus,
833 932 878 967 qui

91 976 154 1003 fecit
164 977 199 1010 (e)
212 981 323 1008 terram,
338 978 371 1010 Ἀ(
384 976 515 1004 Dominus
532 977 556 1010 ζ,
572 982 598 1004 et
611 977 738 1004 formavit
758 987 830 1008 eam.
852 985 880 1006 ut

90 1021 208 1057 erigeret
222 1029 298 1054 eam;
315 1021 449 1049 Dominus
473 1030 571 1049 nomen
585 1022 608 1049 ei
625 1032 632 1049 :
647 1023 673 1049 5.
687 1023 721 1057 (Ῑ)
737 1022 831 1050 Clama
846 1024 878 1051 ad

91 1075 146 1099 Ihe,
158 1072 185 1095 et
195 1068 365 1102 respondebo
378 1067 437 1098 tibi,
453 1071 480 1094 et
495 1068 663 1094 annuntiabo
679 1068 727 1094 tibi
743 1076 839 1103 magna
853 1072 879 1096 et

91 1112 183 1145 fortia,
195 1121 256 1147 qua:
269 1120 322 1139 nou
335 1113 407 1140 nosti
418 1120 462 1140 ea.
479 1114 505 1140 4.
518 1112 587 1145 Quia
600 1113 640 1140 sic
654 1112 724 1140 dixit
747 1113 878 1141 Dominus

91 1158 164 1186 Deus
189 1158 296 1186 Israelis
308 1159 340 1186 de
366 1159 493 1186 domibus
511 1159 586 1186 urbis
605 1159 697 1193 hujus,
711 1159 781 1186 etde
797 1160 878 1186 domo

89 1204 163 1238 regis
176 1203 261 1236 Judre,
277 1211 336 1239 qum
350 1203 497 1230 destructa:
518 1208 583 1231 sunt
602 1203 639 1238 fg)
658 1203 691 1230 ad
719 1203 831 1236 fossam,
851 1208 878 1230 et

91 1250 125 1276 ad
142 1249 174 1284 (¹)
192 1249 392 1284 propugnacula
408 1249 434 1276 5.
453 1251 485 1282 >ε<
501 1257 594 1276 eorum
612 1269 634 1282 ,,
653 1250 699 1284 qui
714 1250 826 1276 veniunt
844 1250 877 1276 ad

91 1295 265 1329 pugnandum
287 1295 418 1322 adversus
446 1293 598 1327 Chaldaeos,
616 1300 643 1322 et
657 1294 690 1321 ad
710 1296 877 1329 implendum

90 1347 139 1367 cos
155 1339 193 1375 (h)
209 1340 324 1366 mortuis
351 1340 502 1371 hominum,
527 1348 596 1375 quos
609 1340 695 1367 occidi
708 1341 734 1367 in
748 1341 786 1367 ira
807 1348 876 1373 mea,

90 1389 117 1412 ct
129 1384 156 1412 in
169 1384 262 1412 furore
286 1392 346 1412 meo
360 1395 365 1412 :
379 1385 410 1419 (ἱ)
425 1389 452 1412 et
472 1386 555 1412 averti
574 1385 669 1412 faciem
691 1393 778 1412 meatu
794 1386 828 1412 ab
837 1386 878 1413 eis

89 1438 139 1465 pro
153 1431 281 1458 omnibus
298 1431 410 1458 malitiis
427 1438 533 1458 eorum.
547 1430 573 1458 6.
586 1431 621 1466 (k)
635 1431 702 1459 Ecce
719 1439 768 1467 ego
783 1439 878 1459 ascen-

90 1477 156 1503 dere
171 1476 268 1504 faciam
279 1477 303 1504 ei
317 1482 406 1504 notam
421 1477 582 1510 impressam
593 1477 648 1512 (“),
658 1477 873 1510 ctcurationem,

934 245 969 271 sit
986 245 1124 275 habitans,
1140 249 1166 271 ct
1179 249 1208 272 ut
1227 253 1279 271 non
1297 246 1356 280 sit:
1377 246 1472 280 bestia,
1491 247 1533 275 Il.
1546 256 1597 275 vox
1616 250 1719 284 gaudii,

933 295 958 317 et
976 299 1025 317 vox
1041 291 1148 322 lzctitiaa.
1162 299 1214 317 vox
1242 292 1345 326 sponsiI
1364 297 1388 319 et
1408 301 1460 320 vox
1476 302 1594 328 sponsze,
1611 303 1663 322 vox
1677 296 1719 322 di-

910 343 919 349 “
933 338 1052 364 centium
1067 347 1072 364 :
1090 337 1261 364 Confitemini
1277 337 1390 365 Domino
1404 339 1437 373 (ε)
1451 340 1642 374 omnipotenti,
1656 342 1719 375 quia

934 383 1007 410 mitis
1026 383 1167 412 Dominus.
1184 384 1245 418 quia
1263 384 1289 410 in
1307 385 1630 412 s:ecu|ummiScrieordia
1648 386 1718 420 ejus.

933 430 965 464 (ι)
983 430 1146 464 |nfcrent(u)
1154 430 1243 456 laudis
1259 430 1285 456 in
1294 430 1403 456 domum
1422 430 1527 458 Domini
1542 432 1622 466 :quia
1639 432 1720 459 redu-

933 485 991 504 cam
1002 477 1224 510 demigrationcm
1238 481 1316 504 terra:
1330 477 1497 511 illius,juxta
1510 478 1534 504 id
1546 479 1619 512 quod
1629 483 1720 510 antea,

933 522 1000 548 dixit
1021 523 1161 549 Dominus.
1179 522 1276 550 I'Z.Sic
1290 523 1357 550 dixit
1372 523 1504 551 Dominus
1518 525 1646 551 virtutum
1660 525 1718 559 (3:):

933 567 1000 600 Quia
1018 573 1097 594 crtlut
1164 568 1190 594 in
1215 568 1276 595 loco
1296 569 1347 596 hoc
1370 569 1494 599 deserto,
1517 574 1545 596 ut
1560 577 1612 596 non
1640 570 1720 604 sit»:

933 613 1061 645 bo:no,ct
1079 614 1167 640 bestia
1179 614 1203 647 ζ,
1214 619 1240 640 ct
1255 614 1280 640 in
1299 614 1426 641 omnibus
1442 614 1554 641 urbibus
1568 615 1628 648 ejus
1645 615 1720 641 habi-

935 659 1023 685 tacula
1041 664 1180 693 pastorum
1209 659 1343 686 accubare
1368 659 1524 686 facientium
1550 668 1655 694 greges.
1676 661 1718 687 15.

933 700 960 727 111
974 701 1086 728 urbibus
1103 707 1251 734 montanm,
1267 709 1293 730 et
1315 704 1339 729 in
1364 703 1478 730 urbibus
1496 703 1533 739 (υ)
1549 704 1676 738 Saphilat,
1694 709 1720 731 et

933 746 959 773 in
974 747 1089 774 urbibus
1110 748 1145 782 (χ.)
1162 747 1264 781 Nagib,
1279 753 1305 775 et
1324 749 1349 774 in
1374 752 1445 775 terra
1472 749 1623 783 Benjamin,
1642 755 1669 777 ct
1692 751 1719 777 iu

933 792 976 824 iis,
992 800 1052 826 qua
1071 793 1097 819 in
1114 793 1228 820 circuitu
1247 793 1408 825 Jerusalem,
1421 799 1448 820 et
1461 794 1487 820 in
1505 795 1618 821 urbibus
1633 794 1718 822 Judze.

932 839 1028 866 Adhuc
1050 839 1206 867 transibunt
1226 840 1262 875 (ιι)
1284 848 1349 868 oves
1374 848 1455 875 super
1484 849 1594 868 manum
1622 849 1719 868 nume-

933 886 1029 917 rantis,
1052 885 1120 912 dixit
1148 885 1292 913 Dominus.
1311 886 1354 912 Μ.
1372 887 1405 919 λ(
1427 887 1494 913 Ecce
1514 887 1572 913 dies
1595 887 1717 919 veniunt,

931 932 995 958 dicit
1020 931 1162 961 Dominus.
1182 936 1208 958 et
1234 931 1338 966 erigant
1358 932 1469 958 verbum
1491 940 1580 958 meum
1606 932 1717 964 bonum,

931 977 1003 1011 quod
1021 977 1127 1003 loeutus
1148 984 1208 1003 Sum
1238 985 1320 1011 super
1335 977 1445 1003 domum
1462 977 1580 1009 lsraclis,
1599 982 1624 1003 et
1638 985 1718 1012 super

930 1021 1040 1048 domum
1066 1021 1152 1048 Judm.
1175 1021 1218 1048 I5.
1238 1020 1266 1047 In
1287 1021 1382 1048 diclms
1411 1021 1473 1053 illis,
1498 1025 1524 1047 et
1547 1022 1573 1048 in
1597 1026 1719 1055 tempore

930 1068 976 1094 illo
991 1067 1026 1103 (ὑ)
1043 1067 1196 1102 germinare
1214 1067 1312 1094 faciam
1331 1067 1424 1094 Davidi
1436 1067 1470 1101 (ε)
1480 1075 1588 1101 germen
1602 1066 1717 1101 justum,

931 1115 968 1150 (d)
986 1122 1047 1140 eum
1069 1114 1190 1141 facturus
1219 1121 1278 1141 sum
1308 1113 1442 1147 judicium
1472 1117 1498 1140 et
1525 1113 1659 1148 justitiam
1689 1114 1717 1140 in

931 1164 1002 1186 terra
1019 1159 1043 1193 ζ.
1063 1159 1106 1185 I6.
1131 1159 1158 1185 In
1183 1159 1279 1186 diebus
1307 1158 1361 1185 illis
1382 1158 1531 1185 salvabitur
1559 1157 1669 1190 Judaea,
1691 1163 1718 1185 et

929 1205 1079 1232 Jerusalem
1098 1204 1230 1231 habitabit
1247 1205 1396 1236 conlidens,
1416 1209 1441 1231 et
1466 1205 1518 1231 hoc
1534 1209 1574 1231 est
1587 1205 1633 1239 (ι’),
1645 1205 1718 1239 quod

930 1251 1037 1278 vocabit
1060 1259 1140 1282 eum,
1163 1250 1294 1277 Dominus
1319 1251 1425 1285 justitia
1454 1255 1557 1277 nostra.
1583 1251 1626 1277 I7.
1646 1251 1715 1283 Quia

930 1296 988 1323 hzrc
1008 1295 1077 1322 dicit
1100 1295 1232 1321 Dominus
1247 1303 1253 1321 ς
1269 1295 1325 1321 Non
1352 1294 1487 1321 delebitur
1506 1294 1598 1320 Davidi
1614 1294 1655 1320 vir
1675 1302 1718 1321 se-

929 1343 996 1369 dens
1022 1349 1103 1376 super
1122 1342 1220 1368 throno
1246 1341 1345 1368 domus
1373 1340 1491 1367 Israclis.
1515 1339 1557 1366 18.
1577 1339 1609 1365 Et
1628 1347 1718 1366 sacer-

929 1387 1039 1414 dotibus
1059 1386 1159 1413 Levitis
1182 1394 1236 1413 uon
1262 1385 1396 1412 delebitur
1418 1385 1459 1411 vir
1480 1385 1514 1411 ab
1534 1390 1595 1411 ante
1619 1384 1715 1410 faciem

929 1441 1028 1466 meam,
1044 1433 1162 1459 offerens
1184 1431 1354 1462 holocausta,
1372 1431 1405 1465 (f)
1419 1435 1444 1457 et
1458 1430 1616 1457 sacrificans
1632 1431 1717 1455 sacri-

931 1478 1033 1511 ficium,
1058 1483 1084 1505 ct
1104 1477 1208 1504 faciens
1229 1477 1337 1503 incensa
1357 1476 1486 1503 omnibus
1501 1475 1607 1501 diebus.
1624 1474 1666 1501 19.
1685 1474 1717 1501 Et

89 1527 117 1549 et
129 1523 232 1549 sanabo
242 1530 299 1555 eos,
323 1529 349 1549 et
367 1523 540 1550 manifestum
562 1522 660 1550 faciam
678 1524 718 1550 eis
734 1524 768 1557 )a(
781 1524 812 1558 (ι)
825 1532 876 1551 au-
892 1530 913 1558 ο
930 1524 1032 1551 factum
1056 1528 1097 1551 est
1115 1523 1227 1550 verbum
1243 1522 1349 1548 Domini
1372 1522 1404 1548 ad
1425 1521 1584 1552 Jcremiam,
1603 1521 1715 1547 dicens:

91 1569 274 1602 dii-emacem
297 1574 324 1595 et
347 1568 426 1595 fidem
444 1579 450 1596 :
468 1569 494 1596 7.
512 1575 537 1596 et
549 1569 676 1596 reducam
703 1569 874 1604 demigratio-

90 1621 152 1640 nem
183 1614 269 1646 Judar,
290 1619 318 1641 et
339 1615 562 1649 demigrationem
591 1614 639 1650 (ni)
658 1614 825 1648 Jerusalem,
850 1619 877 1642 ct

91 1659 231 1685 anlifieabo
245 1667 292 1686 eos
310 1660 380 1686 sicut
404 1660 573 1694 antiquitus:
587 1660 614 1686 8.
627 1665 654 1687 et
668 1660 805 1687 mundabo
829 1668 877 1688 eos

90 1703 125 1730 ab
146 1704 274 1731 omnibus
302 1704 488 1738 iniquitatibus
520 1713 626 1738 eorum,
655 1706 755 1740 quibus
778 1713 876 1740 pecca-

91 1753 156 1776 ruut
183 1750 265 1783 mihi,
291 1750 330 1785 (η)
344 1755 435 1777 etnon
459 1751 622 1778 recordabor
634 1756 806 1785 peccatorum
830 1759 877 1778 eo-

91 1802 163 1826 rum,
197 1796 296 1829 quibus
325 1802 472 1831 peeearunt
509 1796 586 1827 mihi,
611 1803 638 1824 et
666 1802 838 1825 rceeSScrunt
861 1805 876 1824 a

91 1849 144 1868 me.
166 1842 192 1868 9.
215 1842 246 1868 Et
272 1843 324 1868 erit
353 1842 418 1868 mihi
442 1842 478 1876 (0)
502 1843 527 1869 in
554 1843 689 1874 laetitiam,
716 1849 743 1870 et
767 1843 793 1870 in
821 1844 878 1870 lan~

90 1888 162 1919 dem,
176 1888 214 1923 (ρ)
234 1893 260 1915 et
275 1889 301 1915 in
321 1889 549 1923 magnificentiam
573 1890 646 1916 omni
669 1890 768 1924 popqu
785 1895 874 1922 terrm,

90 1934 137 1967 qui
150 1934 260 1961 audient
280 1934 370 1961 omnia
388 1935 469 1966 bona,
488 1943 548 1968 qum
562 1943 613 1969 ego
630 1935 727 1962 faciam
747 1938 780 1970 χ
792 1937 832 1963 eis
851 1936 875 1969 ξ,

91 1980 127 2014 (4/)
140 1984 166 2005 et
175 1980 315 2012 timebunt,
324 1984 350 2006 et
361 1981 544 2007 amaritudine
556 1981 711 2008 afficientur
728 1990 776 2016 pro
789 1982 877 2008 omni-

92 2026 143 2052 bus
157 2026 244 2057 bonis,
259 2030 286 2052 ct
303 2033 351 2060 pro
369 2026 441 2052 omni
459 2034 535 2061 pace,
548 2034 628 2060 quam
644 2034 694 2060 ego
710 2027 805 2053 facium
825 2027 876 2054 eis.

91 2071 134 2097 Μ.
146 2071 190 2097 Sic
205 2071 274 2098 dixit
290 2071 421 2098 Dominus
434 2071 544 2098 :Adhuc
560 2072 686 2098 audietur
703 2072 729 2098 in
746 2072 876 2105 loeohoc,

90 2116 124 2141 de
141 2124 194 2149 quo
208 2125 256 2143 vos
284 2116 374 2143 dicitis
401 2118 525 2143 desertus
547 2120 587 2143 est
614 2117 648 2143 ab
671 2117 827 2143 hominibus
852 2121 878 2143 et

92 2161 220 2195 iumentis
243 2162 269 2188 in
289 2162 403 2189 urbibus
425 2161 511 2193 Judte,
532 2161 567 2197 (r)
580 2166 608 2188 et
629 2161 695 2190 foris
713 2162 876 2194 Jerusalem,

129 2250 163 2284 (ε)
177 2250 222 2281 Α..
239 2248 279 2276 8..
306 2250 332 2276 in
360 2251 484 2279 veritate.

92 2289 120 2310 et
136 2285 232 2311 bestia.

94 2320 206 2347 buntur.
243 2319 281 2353 (κ)
297 2321 342 2351 Α..

93 2354 226 2391 meridiei.
255 2355 376 2382 ΝΛΓΕΒ.
407 2355 443 2391 (c)
491 2357 536 2387 A.,
558 2357 776 2384 conversionem.
831 2358 869 2390 ((1)

539 2252 571 2288 (ι)
598 2252 748 2285 Virtutum,
774 2252 845 2280 Deus
871 2252 988 2280 Israelis.

283 2285 322 2322 (αξ)
337 2285 435 2318 Α.,8.,
465 2287 521 2321 agri
544 2285 656 2322 argento
685 2289 904 2321 possidebuutur.

378 2326 404 2348 ct
427 2322 628 2349 adhibebuntur
653 2327 735 2349 testes
765 2324 789 2349 in
810 2322 984 2350 testimoniis.

900 2357 943 2386 Α..
960 2353 1095 2383 detentus.
1143 2353 1177 2388 (ε)

930 1571 974 1597 20.
995 1570 1057 1597 Ilaec
1084 1569 1150 1596 dicit
1178 1569 1332 1596 Dominus:
1351 1568 1387 1603 (g)
1403 1567 1430 1594 Si
1460 1567 1567 1594 irritum
1597 1566 1717 1594 feceritis

931 1614 1020 1642 foedus
1038 1623 1127 1642 meum
1151 1614 1216 1646 diei,
1241 1619 1266 1641 et
1288 1614 1376 1641 belus
1403 1621 1493 1640 meum
1521 1612 1619 1643 noctis,
1638 1616 1666 1638 ut
1683 1620 1717 1639 uo

932 1661 966 1688 sit
981 1661 1039 1687 dies
1058 1665 1085 1688 ct
1107 1669 1159 1687 nox
1187 1661 1214 1687 in
1239 1666 1360 1695 tempore
1382 1667 1444 1690 suo,
1461 1659 1506 1686 ‘ZI.
1525 1659 1605 1686 etiam
1629 1658 1718 1685 fu‘dus

931 1715 1021 1734 meum
1041 1705 1147 1733 irritum
1167 1706 1211 1733 fiet
1223 1714 1285 1732 eum
1304 1705 1415 1738 Davide,
1431 1712 1509 1732 servo
1525 1711 1597 1735 meo,
1614 1708 1642 1730 ut
1663 1711 1716 1730 non

931 1753 966 1780 sit
979 1753 1002 1779 ei
1017 1753 1089 1780 filius
1119 1760 1234 1787 regnans
1255 1760 1338 1785 super
1364 1752 1460 1778 throno
1483 1750 1553 1784 ejus,
1570 1755 1596 1776 et
1617 1749 1717 1776 Levitis

931 1798 1119 1826 sacerdotibus
1141 1797 1322 1825 servientibus
1341 1797 1417 1823 mihi.
1438 1796 1484 1824 ‘29..
1499 1796 1576 1823 Sicut
1595 1803 1649 1822 non
1664 1804 1716 1822 nu-

931 1845 1081 1871 merabitur
1097 1843 1133 1879 (h)
1149 1848 1268 1878 potestas
1281 1842 1353 1874 cmli,
1363 1842 1622 1869 necmensm-abitur
1634 1850 1716 1868 arena

931 1890 1030 1922 maris;
1050 1890 1085 1916 ila
1107 1889 1293 1923 multiplicabo
1313 1895 1404 1915 semen
1423 1888 1543 1919 Davidis,
1563 1887 1634 1915 servi
1652 1889 1716 1919 tnei,

931 1943 957 1963 et
973 1936 1078 1963 Levitas
1103 1935 1252 1963 servientes
1274 1934 1351 1961 mihi.
1366 1934 1412 1960 25.
1429 1934 1461 1960 Et
1476 1933 1576 1960 factum
1597 1940 1638 1961 est
1655 1941 1716 1960 ver-

932 1981 995 2007 bum
1023 1979 1129 2006 Domini
1151 1980 1183 2006 ail
1198 1979 1355 2010 Jeremiam,
1380 1979 1474 2005 dicens
1489 1978 1551 2004 :QI.
1565 1976 1661 2005 Nonne
1677 1979 1717 2004 vi-

931 2026 1011 2057 disti,
1036 2026 1100 2059 quid
1134 2025 1251 2059 populus
1282 2024 1326 2051 hic
1356 2024 1439 2050 locuti
1471 2023 1544 2050 sint?
1569 2023 1715 2050 dicentes:

931 2072 992 2099 dua:
1010 2072 1039 2106 (ἰ)
1055 2071 1173 2103 familim,
1188 2078 1257 2105 quas
1267 2069 1347 2104 elegit
1364 2069 1504 2100 Dominus,
1522 2069 1603 2094 etiam
1620 2069 1717 2102 repulit

931 2123 978 2143 eas
994 2125 1000 2142 :
1018 2120 1045 2142 et
1059 2115 1188 2150 populum
1220 2121 1309 2140 meum
1340 2113 1491 2143 irritat-unt,
1509 2111 1544 2146 (Ιί)
1563 2117 1592 2138 ut
1612 2119 1663 2138 non
1682 2113 1718 2138 sit

932 2160 1050 2195 amplius
1067 2167 1133 2194 gens
1153 2166 1246 2186 coram
1274 2157 1326 2185 eis.
1340 2157 1384 2184 25.
1401 2156 1463 2183 Il.cc
1485 2157 1550 2182 dicit
1566 2155 1715 2182 Dominus:

1028 2250 1126 2286 (20:177.,
1146 2250 1189 2282 8.,
1204 2249 1349 2286 depravata
1368 2252 1465 2286 es_t,_u_t
1486 2255 1538 2274 non
1559 2247 1713 2286 sit_homo,

958 2287 996 2322 (ῃ)
1023 2282 1069 2317 Af,
1091 2285 1199 2322 Tlt.,_et
1222 2282 1414 2322 se_I-ibetigtl'iii
1429 2282 1515 2322 libro,
1539 2282 1716 2322 etnobsignra-

951 2317 992 2349 is.
1031 2321 1068 2355 (α)
1089 2322 1134 2353 A.,
1146 2317 1152 2355 ί
1163 2319 1282 2355 humilis.
1329 2317 1370 2349 8.,
1389 2317 1525 2355 profundi.
1554 2317 1590 2352 (b)
1610 2317 1654 2355 A_.,
1673 2317 1716 2348 8.,

1212 2354 1256 2384 A.,
1272 2360 1343 2380 eam.
1391 2352 1424 2386 (fy
1441 2352 1488 2385 Α..
1514 2359 1578 2378 voca
1603 2352 1635 2378 ad
1662 2359 1716 2382 me.

93 2389 242 2427 etaudiant
256 2394 291 2427 te.
325 2390 368 2427 (9)
385 2387 553 2427 ΑἶΙήιιιΙιιιιι,
571 2391 758 2427 (¹)νρινοιιιιιειιι
771 2387 877 2426 gladiuil

941 2391 971 2427 (')
987 2388 1230 2427 ΠΡΟΜΑΧῼΝᾼΣ..
1246 2388 1455 2427 propugnacula,
1493 2387 1529 2421 (Ιι)
1543 2388 1589 2427 ΑΖ,
1601 2387 1716 2427 cadave-

95 2424 182 2458 ribus.
221 2425 252 2458 (i)
263 2426 307 2454 Α..
321 2424 362 2456 8.,
376 2430 402 2451 cl
411 2426 557 2453 occultavi.

97 2457 123 2485 Ν
125 2459 226 2493 orberg.

95 2494 135 2528 (ιι)
154 2494 199 2524 Α.,
222 2494 321 2525 ΤΙι.,ρι
338 2495 500 2521 condonaho
526 2495 618 2522 omnia
640 2501 750 2529 peccata
770 2504 875 2523 eorum.

96 2535 168 2554 nem.
208 2529 243 2563 (II)
261 2529 303 2559 Α..
315 2534 341 2556 et
359 2530 504 2559 timebunt.
522 2535 548 2556 et
570 2530 763 2557 turbabuntur.

96 2562 238 2593 virtutum,
259 2564 320 2596 quia
349 2565 445 2590 bonus.

95 2597 160 2623 I’ro.
199 2599 237 2632 (π)
263 2598 332 2625 υνυς
361 2599 479 2626 Israclis.

266 2426 307 2454 Α..
321 2426 362 2456 8.,
376 2430 402 2451 cl
411 2426 557 2453 occultavi.
596 2426 631 2460 (k)
645 2426 712 2454 Ecce
724 2435 773 2461 ego
785 2428 876 2454 tollam
888 2427 922 2454 ab
932 2426 963 2453 ea
974 2426 1104 2460 gladium.
1143 2426 1184 2459 (")
1201 2426 1220 2450 I.
1230 2432 1266 2456 c.,
1276 2431 1306 2449 ex
1318 2430 1376 2462 mea

266 2459 297 2494 (ι)
307 2460 352 2490 Α.,
364 2461 532 2498 sanationem
545 2461 630 2498 pacis,
645 2465 671 2487 et
681 2462 810 2488 veritatis.
824 2462 951 2498 Scholion
962 2470 967 2487 :
978 2461 1023 2498 Est
1034 2460 1121 2498 oratio
1132 2458 1207 2493 pacis
1217 2463 1244 2485 et
1254 2458 1383 2498 veritatis.

915 2496 951 2531 (υ)
973 2497 1017 2526 Α..
1032 2494 1076 2531 S.,_
1089 2494 1115 2520 in
1134 2492 1233 2531 iiotnen
1248 2492 1348 2531 gaudii.

801 2532 835 2565 (ν)
852 2531 894 2562 8.,
912 2529 940 2558 et
957 2531 983 2557 in
998 2529 1103 2565 plateis.

485 2564 572 2599 (0A.,
588 2564 758 2591 afferentitnu
779 2573 828 2600 pro
848 2566 936 2592 laude.

519 2598 613 2634 (ξηΑ.1
631 2599 750 2626 humilis.
779 2598 832 2630 ⁷8..
854 2599 990 2634 profundi.

1143 2424 1184 2459 (")
1201 2423 1220 2450 I.
1230 2432 1266 2456 c.,
1276 2431 1306 2449 ex
1318 2430 1376 2459 mea
1388 2422 1714 2459 conjecuraLacon-iectu.

1422 2455 1524 2491 (in)A.,
1540 2455 1580 2488 8.,
1599 2456 1715 2483 Israelis.

1386 2492 1423 2526 (ιι)
1438 2493 1481 2521 Α.,
1495 2496 1521 2518 cl
1537 2492 1563 2517 in
1577 2491 1717 2526 gloriatio-

1142 2528 1176 2562 (δ)
1196 2525 1516 2562 A.,'exercituum,quia
1537 2526 1643 2562 bonus."
1673 2525 1692 2552 8
1708 2546 1716 2557 ,

977 2560 1017 2596 Si,
1035 2560 1209 2590 inferentinm
1228 2562 1377 2596 gratiarum
1401 2561 1532 2588 actiones.
1571 2560 1610 2596 (ιι)
1631 2561 1716 2596 Dona.

1031 2600 1067 2633 (ι)
1087 2598 1131 2631 Α.,
1149 2595 1252 2633 austri.
1291 2597 1329 2631 (α)
1344 2597 1386 2633 Α...
1408 2596 1580 2633 8.,«grcgcs.
1619 2595 1655 2633 (ὸ)
1671 2597 1716 2626 Α.1

95 2630 264 2673 efflorescere
277 2632 388 2673 faciam;
424 2633 457 2673 (ε)
471 2630 631 2673 Superum"
642 2630 878 2673 justitiamfacie't.
900 2669 906 2673 _
917 2634 955 2668 (ά)
970 2634 1003 2660 Et
1016 2630 1104 2660 faciet.
1125 2632 1178 2673 J(e)
1190 2630 1304 2673 Nomen.
1321 2630 1324 2631 ⁷
1345 2631 1378 2666 (Ῑ)
1459 2630 1624 2673 8.,ἓιΙοΙιειηιε
1635 2631 1716 2673 donat

97 2668 134 2701 (gl
152 2667 197 2697 Α..
214 2669 235 2694 si
252 2668 358 2694 irritum
377 2667 495 2696 feceritis
513 2668 602 2695 fosdus
623 2667 712 2696 meum
734 2669 798 2701 diei,
810 2675 836 2696 et
854 2667 941 2696 foedus
958 2677 1047 2695 meum
1070 2667 1169 2694 noctis.

453 2703 489 2738 (k)
505 2704 548 2736 8.,
566 2704 602 2730 ita
625 2708 656 2730 ut
673 2711 728 2731 non
746 2705 781 2732 sit
798 2705 914 2738 amplius
934 2711 1014 2738 gens.

96 2703 142 2733 A.,
155 2703 414 2738 eonsanguiuitates.

1207 2666 1246 2701 (Ιι)
1259 2667 1304 2698 Α.,
1321 2664 1466 2693 exercitus.
1505 2664 1549 2698 8.,
1564 2666 1646 2692 acies.
1685 2665 1718 2699 (ἱ)

134 2759 166 2792 (¹)
179 2757 236 2784 Vox
253 2759 356 2786 codicis
373 2764 481 2790 $511113,
497 2766 550 2785 non
563 2759 673 2791 mulum,
691 2758 738 2786 sed
757 2759 842 2785 mulas
864 2758 1008 2793 significat.
1030 2755 1132 2784 Tcxtus
1147 2763 1211 2784 vero
1226 2755 1307 2783 Hebr.
1327 2764 1408 2791 quem
1426 2755 1482 2782 luce
1502 2759 1582 2788 nota,
1599 2759 1628 2782 ut
1645 2756 1719 2782 Vide-

99 2816 154 2842 tur,
170 2811 300 2838 exhibere
317 2812 396 2844 \‘ttlf.,
416 2812 492 2842 fert.,
505 2819 621 2846 aggeres.
642 2811 752 2847 Syriaec
765 2806 863 2845 κῆν-ι),
879 2810 1008 2844 tumulos,
1025 2809 1210 2845 reponendum
1225 2809 1404 2844 suspicamur.
1421 2807 1469 2836 llic
1480 2808 1551 2836 enim
1580 2808 1643 2843 quid
1666 2808 1718 2836 sibi

99 2847 182 2874 velint
200 2848 278 2874 mula:
298 2847 405 2875 diflieilc
424 2847 508 2874 dictu.
527 2846 625 2873 Draeh.
