1919 3077
181 90 253 123 9359

181 162 208 189 Si
227 161 257 196 (Ι)
277 160 365 187 ficilns
383 167 473 186 meum
497 159 550 186 diei
574 163 600 186 et
627 159 726 190 noctis,
749 163 849 186 statuta
866 160 927 187 mali
945 164 972 187 et
987 162 1007 191 Α

181 213 259 233 terra:
285 214 337 232 non
363 206 498 236 ordinari,
518 205 564 232 26.
589 205 672 231 etiam
694 213 785 231 seruoli
813 205 927 237 Jacobi,
944 211 971 233 et

183 253 302 284 Davidis,
322 252 394 278 servi
412 251 477 282 mei,
492 250 656 285 rcprobabo,
672 255 702 277 ut
726 258 780 277 non
808 258 914 278 sumam
937 259 970 278 ex

180 298 283 326 semine
308 298 368 331 ejus
395 297 545 332 principem
571 296 604 323 ad
635 304 728 323 semen
760 296 918 328 Abrahami,
943 301 970 323 et

180 342 282 374 lsaaci,
305 345 332 369 ct
348 341 459 373 Jacobi;
484 342 549 375 quia
578 345 735 368 convertam
764 342 969 369 conversionem

180 395 285 418 (:Ol‘lllll,
301 392 328 414 et
340 387 489 414 miserebor
500 394 607 413 eorum.

215 433 280 467 Cap.
305 431 463 459 XXXIV.—
477 432 500 458 I.
516 431 647 462 Verbum,
663 432 734 467 quod
753 431 853 459 factum
871 437 912 460 est
931 433 965 459 ad

180 477 322 505 Jeremiam
334 485 348 505 a
366 477 496 504 Domino:
514 482 540 504 et
552 476 803 504 Nabuchodonosor
811 486 856 505 rex
875 478 963 513 Baby-

181 524 262 555 lonis,
280 528 307 551 et
329 523 420 550 omnia
445 527 536 551 castra
566 524 640 557 ejus,
668 527 696 550 et
714 524 805 551 oumis
823 523 871 559 (m)
896 529 969 551 terra

182 570 348 604 principatus
364 571 396 603 )9:
411 577 507 596 manus
523 569 534 603 ζ
554 570 626 604 ejus,
647 574 674 597 et
696 577 791 597 onmes
808 570 900 604 populi
920 577 970 604 pu-

180 616 300 649 gnahant
317 623 399 649 super
427 615 591 648 Jerusalem,
613 620 640 642 et
658 624 741 650 super
772 624 867 643 omnes
889 616 970 642 urbes

179 661 265 692 ludar,
281 661 374 688 dicens
389 670 396 688 :
413 661 440 688 2.
459 661 504 688 Sic
521 662 590 688 dixit
611 662 743 689 Dominus
759 661 828 689 Deus
840 661 968 688 lsraelis:

182 703 264 737 Vade,
280 706 315 739 χ
333 705 376 732 dic
396 705 407 739 ξ
424 706 456 732 ad
475 705 618 732 Sedeciam
633 713 723 740 regem
745 704 833 738 ludat,
850 710 877 732 et
894 705 970 733 dices

180 751 204 777 ei
221 759 228 776 :
246 750 293 778 Sic
307 751 377 778 dixit
389 751 521 778 Dominus
535 760 541 778 :
560 754 598 784 (η)
611 751 755 779 Tradendo
771 751 893 779 tradetur
904 751 970 778 urbs

181 796 239 824 lucc
257 797 284 823 in
305 805 405 824 manus
426 797 502 831 regis.
519 796 684 833 Babylonis:
702 797 738 832 (ο)
757 801 783 824 et
803 797 891 831 capiet
908 804 968 824 eam

182 842 219 876 (p)
237 842 264 868 in
285 842 356 876 igne.
375 842 402 869 3.
416 841 448 868 Et
470 847 497 869 tu
519 832 583 869 noni
597 842 699 871 evades
717 850 734 869 θ
754 850 836 870 mauu
853 842 924 877 ejus,
942 846 970 870 et
985 832 1006 862 Β

182 887 313 921 rapiendo
336 887 462 922 capieris,
489 891 516 915 et
542 887 569 914 in
595 895 696 915 manus
717 887 778 923 ejus
796 887 904 916 daberis
919 896 926 915 :
941 891 969 915 et

182 933 252 959 oculi
271 932 310 959 tui
326 932 422 960 oculos
435 932 471 967 (τι)
487 933 558 967 regis
578 932 726 968 Babylonis
742 933 882 965 videbunt,
897 937 925 960 et
938 940 969 961 os

182 979 242 1016 ejus
259 987 320 1008 cum
341 987 388 1008 ore
400 984 446 1007 tuo
460 979 596 1014 loquetur,
607 984 634 1006 et
650 980 677 1006 in
690 979 854 1015 Babylonem
871 979 971 1014 ingre-

182 1027 276 1054 dieris.
290 1027 314 1053 1.
334 1025 386 1052 Sed
406 1025 469 1052 audi
499 1025 610 1052 verbum
640 1024 758 1055 Domini.
781 1024 893 1051 Sedecia
922 1031 970 1052 rex

181 1073 257 1099 Judac
272 1083 278 1099 :
296 1072 335 1100 sic
351 1072 420 1099 dixit
437 1071 567 1097 Dominus
585 1071 618 1104 Ἀ(
633 1070 666 1098 de
679 1073 706 1097 te
722 1070 751 1104 :2
769 1070 828 1097 Non
845 1070 970 1097 morieris

183 1119 210 1145 in
223 1119 322 1153 gladio,
335 1118 362 1144 5.
377 1118 403 1144 itt
417 1125 483 1151 pace
496 1117 621 1143 morieris
635 1116 688 1152 :(r)
707 1120 733 1143 et
753 1117 825 1143 sicut
841 1116 969 1150 deplora-

184 1169 246 1191 runt
263 1168 353 1197 patres
373 1168 444 1193 tuos.
461 1163 507 1197 qui
533 1167 682 1196 regnarunt
712 1166 778 1189 ante
798 1163 831 1195 >θί
849 1161 895 1196 qui
913 1161 971 1188 fue-

182 1214 246 1236 runt
262 1209 272 1243 2
290 1213 315 1235 te
342 1209 385 1243 ('),
403 1208 442 1234 sic
465 1207 643 1241 deplorabunt
660 1207 741 1234 etiam
770 1211 806 1238 te,
825 1211 917 1240 atque,
932 1213 971 1233 va:

183 1253 306 1285 Domine,
320 1254 447 1288 plangth
466 1257 502 1283 te,
516 1252 580 1287 quia
594 1252 628 1287 (a)
641 1259 738 1287 magna
754 1253 787 1286 Βῆ(
802 1259 853 1286 ego
869 1252 879 1285 ζ
896 1251 971 1278 locu-

182 1305 225 1327 tus
234 1307 305 1331 sum,
325 1299 544 1326 dicitDominus.
564 1298 590 1325 6.
616 1298 648 1324 Et
662 1298 770 1325 loeutus
786 1303 826 1324 est
853 1297 970 1324 Jercmia

183 1346 313 1379 propheta
330 1345 362 1372 ad
386 1344 526 1371 Sedeciam
553 1351 643 1379 regem
671 1342 748 1370 .ludac
776 1344 868 1370 omnia
889 1343 970 1370 verba

183 1392 240 1419 haec
255 1391 280 1418 in
296 1390 458 1418 Jerusalem.
481 1390 506 1416 ’1.
532 1389 565 1416 Et
579 1394 698 1424 potestas
726 1390 797 1424 regis
824 1389 970 1424 Babylonis

182 1437 320 1471 pugnabat
340 1444 422 1470 super
451 1435 621 1466 Jerusalem,
649 1440 677 1463 et
699 1443 781 1470 super
798 1437 831 1469 ζεῖ(
847 1435 968 1470 omnes:

182 1483 262 1510 urbes
277 1482 352 1509 Judcc
365 1482 500 1513 residuas,
515 1489 598 1516 super
609 1480 719 1513 Lachis,
734 1486 760 1508 et
772 1489 855 1516 super
866 1481 969 1515 Azrca;

181 1529 310 1562 quoniam
328 1529 368 1554 lia:
384 1528 484 1555 relicta:
497 1527 608 1554 fuerunt
621 1527 647 1554 in
665 1527 779 1554 urbibus
797 1526 875 1554 Judm
888 1527 970 1554 urbes

183 1574 302 1600 munitm.
312 1574 339 1600 8.
357 1572 484 1605 Verbum,
499 1573 571 1607 quod
592 1572 692 1600 factum
710 1577 752 1600 est
771 1573 804 1599 ad
824 1571 971 1600 Jcrcmiam

182 1627 197 1646 a
212 1619 336 1651 Domino,
353 1623 498 1654 pestquam
517 1617 548 1652 (ι)
570 1618 771 1646 consummavit
790 1626 836 1645 rex
860 1618 972 1646 Sedecia

183 1665 271 1691 fmdus
291 1672 354 1699 erga
371 1666 404 1698 Χ
420 1672 527 1691 onmem
548 1664 558 1698 ζ
578 1665 707 1699 populum
740 1664 786 1699 qui
813 1664 839 1692 in
859 1664 972 1692 Jerusa-

182 1711 245 1741 lem,
262 1710 295 1736 ad
313 1710 464 1736 vocandum
491 1712 523 1738 ξε(
543 1710 582 1737 eis
601 1710 611 1742 ζ
630 1711 670 1743 (ιι)
688 1710 884 1742 dimissionem,
901 1710 928 1737 9.
943 1715 973 1738 ut

182 1756 341 1782 amaudaret
358 1756 545 1789 unusquisque
566 1762 672 1781 servum
683 1763 774 1786 suum,
792 1759 818 1782 et
835 1756 869 1789 Χ
888 1762 973 1782 nnns~

182 1801 298 1835 quisque
325 1800 336 1833 ζ
360 1800 486 1827 ancillam
511 1808 600 1832 suam,
620 1799 762 1826 llebraeum
785 1804 811 1827 el
833 1800 972 1828 llebra‘am

183 1846 294 1877 liberos,
312 1846 350 1881 (at)
369 1851 398 1873 ut
414 1854 467 1873 non
488 1847 579 1873 colant
606 1846 748 1873 servitium
772 1846 813 1872 vir
831 1854 863 1873 ex
890 1846 970 1878 Juda,

182 1891 370 1926 fraterXejns
386 1892 409 1925 ζ.
424 1892 466 1919 10.
481 1892 512 1918 Ει
524 1893 625 1919 reversi
639 1896 702 1919 sunt
715 1899 810 1918 omnes
819 1895 970 1924 magnates,

181 1942 209 1964 et
223 1938 312 1965 omnis
329 1937 454 1972 populus,
475 1937 521 1971 qui
542 1937 657 1972 ingressi
685 1943 765 1964 erant
782 1937 809 1964 in
824 1936 925 1968 fmdus,
942 1940 973 1963 ut

182 1983 329 2010 dimitteret
344 1984 532 2018 unusquisque
554 1991 662 2011 servum
686 1991 766 2010 suum
779 1987 805 2010 et
821 1983 973 2017 unusquis-

183 2037 235 2064 que
258 2029 385 2056 ancillam
404 2037 494 2061 suam,
511 2029 655 2056 llcbrzcum
667 2033 694 2056 et
705 2028 845 2056 Hebraaam
860 2029 971 2061 liberos,

183 2079 213 2103 ut
229 2083 283 2102 non
302 2075 425 2103 colerent
440 2075 582 2103 servitium
606 2075 781 2109 amplius;et
797 2075 971 2106 audiverunt,

181 2126 209 2148 et
223 2121 396 2149 dimiserunt.
421 2121 463 2148 ll.
486 2120 518 2149 Et
536 2122 637 2148 reversi
654 2126 791 2155 suntpost
804 2120 861 2147 haec
879 2119 928 2154 (ῃ),
945 2125 972 2147 et

771 91 882 118 CODEX
904 91 1240 119 SYRO-HEXAPLANS.

1743 89 1822 118 231ἶῦ

1024 159 1106 186 miam
1132 167 1148 186 a
1171 159 1298 190 Domino,
1318 158 1412 186 dicens
1430 167 1436 186 :
1462 158 1504 185 l5.
1527 157 1574 185 Sic
1589 158 1658 185 dixit
1678 158 1821 186 Dominus

1025 204 1095 232 Deus
1113 205 1221 232 lsraelis
1238 213 1245 232 :
1262 204 1318 239 Ego
1330 204 1455 239 disposui
1473 204 1560 232 foedus
1582 204 1615 231 ad
1638 209 1732 238 patres
1750 212 1821 231 vcs-

1022 257 1080 279 tros
1095 250 1123 278 in
1140 250 1194 282 die.
1223 257 1279 284 quo
1291 249 1327 284 (ὑ)
1345 249 1432 284 eripui
1456 257 1503 276 eos
1519 257 1551 276 ex
1569 255 1640 277 terra
1656 249 1785 284 Egypti,
1803 257 1821 277 e

1021 297 1104 324 domo
1121 296 1272 327 servitutis,
1287 296 1381 322 dicens
1396 303 1403 323 :
1418 295 1452 322 H
1468 295 1503 330 (ε)
1514 294 1583 322 Cum
1598 295 1728 330 completi
1750 297 1818 322 fue—

1022 343 1077 370 rint
1089 350 1136 370 sex
1152 341 1227 374 anni,
1239 341 1361 370 dimittes
1375 340 1486 368 fratrem
1502 345 1578 368 tuum
1593 340 1755 371 Hebraeum,
1766 341 1818 374 qui

1022 388 1148 415 venditus
1175 387 1256 414 fuerit
1278 386 1337 418 tibi,
1362 391 1389 413 et
1405 386 1565 421 operabitur
1580 387 1629 413 tibi
1643 394 1692 414 sex
1707 394 1815 417 annos.

1021 439 1048 462 et
1063 434 1184 461 dimittes
1194 441 1258 460 eum
1270 433 1384 460 liberum
1397 441 1412 460 a
1428 438 1464 460 te.
1479 432 1513 460 Et
1526 441 1579 460 non
1591 434 1758 461 audiverunt
1771 442 1819 461 me

1022 485 1111 514 patres
1137 478 1239 510 vestri,
1270 483 1297 505 et
1320 486 1373 506 non
1400 478 1569 506 inclinarunt
1596 486 1692 505 aurem
1718 487 1817 507 suam.

1022 526 1056 552 15
1071 525 1109 560 (Δ)
1125 524 1157 551 Et
1174 525 1300 552 conversi
1320 528 1385 551 sunt
1399 524 1479 552 hodie
1491 525 1524 552 ad
1537 525 1691 552 faciendum
1706 531 1817 552 ret-tuin

1022 577 1085 599 ante
1101 572 1197 599 oculos
1209 579 1296 604 meos,
1312 578 1341 598 ut
1353 577 1462 599 vocaret
1478 572 1513 606 (ε)
1525 572 1716 599 dimissionem
1731 581 1819 599 tmusa

1021 618 1137 652 quisque
1162 617 1280 652 proximi
1305 617 1347 644 sui
1366 625 1373 644 ι
1390 621 1418 645 et
1442 624 1706 645 consummaverunt
1721 619 1818 645 fimqu

1021 668 1084 690 ante
1112 662 1209 690 faciem
1240 671 1329 690 meam
1354 663 1381 690 in
1405 663 1498 696 domo,
1522 672 1576 698 qua
1595 664 1754 691 invocatum
1772 670 1818 691 est

1021 717 1121 736 nomen
1138 717 1228 736 meum
1245 717 1329 744 super
1344 717 1387 737 ea.
1406 709 1449 736 16.
1463 709 1497 736 Et
1513 710 1613 737 reversi
1630 711 1707 743 esus,
1719 717 1747 737 et
1760 711 1819 744 poL

1020 754 1113 781 luistis
1130 761 1229 781 nomen
1245 761 1347 786 meum,
1363 757 1394 780 ut
1406 753 1494 781 redire
1507 753 1608 781 faceret
1619 755 1818 789 unusquisque

1022 805 1131 825 servum
1159 805 1257 830 suum,
1285 802 1312 825 et
1337 798 1531 832 unusquisque
1557 798 1685 825 ancillam
1718 806 1814 830 suam,

1020 851 1091 878 quos
1115 843 1281 871 dimiseratis
1303 843 1404 871 liberos
1424 844 1523 870 anima:
1535 851 1602 875 sum,
1617 849 1644 871 et
1657 844 1815 878 subegistis

1020 897 1079 922 eos,
1097 894 1127 917 ut
1139 890 1195 917 sint
1206 889 1284 916 vobis
1296 889 1323 916 in
1339 896 1445 921 servos,
1458 895 1486 917 et
1499 890 1525 916 in
1538 890 1664 919 ancillas.
1682 890 1726 917 17.
1743 891 1817 917 Pro-

1021 939 1080 970 pter
1091 935 1142 962 hoc
1154 934 1195 962 sic
1207 934 1277 962 dixit
1291 934 1425 962 Dominus
1440 944 1447 962 :
1465 935 1519 963 Vos
1532 943 1586 962 non
1598 935 1745 963 audivistis
1758 944 1815 968 me,

1021 985 1051 1007 ut
1073 984 1183 1007 voearet
1204 979 1392 1008 dimissionem
1418 981 1608 1016 unusquisque
1637 983 1670 1008 ad
1696 981 1816 1010 fratrem

1022 1033 1114 1058 Suum,
1135 1030 1162 1053 et
1185 1025 1377 1061 unusquisque
1394 1026 1428 1053 ad
1451 1027 1607 1061 proximum
1629 1035 1724 1054 suum.
1743 1027 1818 1054 Ecce

1021 1078 1076 1106 ego
1098 1078 1170 1098 voco
1192 1071 1271 1098 vobis
1295 1071 1494 1103 dimissionem,
1521 1071 1588 1098 dicit
1613 1071 1760 1103 Dominus,
1787 1073 1816 1098 iu

1025 1116 1156 1151 gladium,
1173 1120 1202 1144 et
1223 1116 1250 1143 in
1269 1121 1396 1147 mortem,
1416 1116 1483 1144 etin
1499 1116 1596 1143 famem
1615 1122 1662 1144 εει
1676 1118 1751 1144 dabo
1765 1127 1816 1145 ves

1021 1162 1049 1189 in
1074 1162 1272 1196 dispersionem
1290 1162 1317 1189 in
1333 1162 1461 1189 omnibus
1483 1162 1574 1196 regnis
1598 1167 1678 1189 terrae
1694 1172 1701 1189 :
1720 1163 1766 1190 18.
1786 1168 1814 1190 et

1021 1208 1093 1235 dabo
1120 1215 1169 1235 eos
1196 1208 1339 1240 homines,
1365 1208 1410 1243 qui
1437 1209 1600 1243 transgressi
1624 1213 1690 1235 sunt
1720 1208 1815 1236 fmdus

1022 1261 1125 1285 meum,
1150 1253 1198 1287 qui
1220 1260 1275 1280 non
1292 1253 1482 1283 stabiliverum
1503 1255 1536 1287 >εί
1555 1253 1639 1280 verba
1664 1253 1676 1287 ί
1700 1253 1814 1281 fwderis

1023 1298 1088 1331 mei,
1106 1298 1181 1333 quod
1204 1297 1331 1326 fecerunt
1357 1303 1422 1327 ante
1444 1298 1540 1327 faciem
1565 1306 1665 1330 meam.
1682 1299 1812 1330 vitulum,

1021 1344 1055 1379 (f)
1068 1351 1148 1379 quem
1166 1344 1289 1371 fecerunt
1300 1345 1334 1378 x
1346 1345 1383 1380 (g)
1401 1344 1428 1371 in
1440 1345 1496 1372 duo
1508 1344 1532 1381 ζ.
1550 1349 1577 1371 et
1593 1345 1766 1371 transierunt
1779 1347 1813 1378 χ

1021 1389 1049 1417 ἱιι
1068 1390 1160 1417 medio
1187 1393 1391 1424 segmentorum
1409 1390 1469 1425 ejus
1487 1391 1511 1425 ζ,
1540 1391 1582 1418 19.
1606 1390 1644 1425 (Ιι)
1664 1391 1813 1425 praefectos

1021 1434 1107 1467 Judm,
1128 1439 1155 1463 et
1169 1435 1310 1470 praefectos
1324 1435 1485 1469 Jerusalem,
1503 1437 1659 1468 eunuchos,
1675 1442 1701 1463 et
1719 1444 1814 1464 sacer~

1022 1481 1110 1514 dotes,
1129 1487 1156 1509 et
1176 1489 1286 1509 omnem
1309 1482 1440 1516 populum
1465 1487 1544 1510 terra:
1559 1483 1590 1516 (ἱ)
1609 1482 1638 1515 ii,
1654 1482 1702 1517 qui
1720 1488 1814 1509 trans-

1023 1527 1114 1555 ierunt
1140 1527 1166 1554 in
1191 1527 1280 1554 medio
1306 1531 1509 1562 segmentoruln
1531 1527 1619 1559 vituli,
1635 1527 1680 1555 20.
1697 1531 1728 1556 et
1740 1527 1813 1555 dabo

1023 1580 1071 1600 eos
1090 1572 1117 1599 in
1133 1580 1217 1600 manu
1236 1573 1357 1600 hostium
1373 1580 1480 1605 eorum,
1497 1577 1523 1600 et
1539 1573 1565 1600 in
1582 1581 1664 1600 manu
1682 1581 1813 1608 qum

1023 1618 1091 1646 tium
1106 1618 1214 1645 animas
1225 1625 1333 1650 eorum.
1344 1623 1371 1646 et
1380 1618 1451 1646 dabo
1461 1618 1596 1646 cadavera
1604 1627 1699 1646 eorum
1715 1619 1813 1648 cihnn

1023 1665 1183 1692 volatilibus
1206 1664 1279 1697 cmli,
1295 1669 1323 1691 et
1340 1664 1436 1692 bestiis
1451 1669 1540 1692 terrae.
1559 1665 1605 1693 2|.
1620 1664 1653 1691 Et
1669 1664 1813 1692 Sedcciam

1023 1717 1113 1744 regem
1146 1709 1247 1737 Judazae
1264 1730 1273 1743 ,
1306 1714 1333 1737 et
1365 1710 1500 1745 principes
1539 1717 1634 1737 eorum
1669 1710 1748 1744 dabo
1784 1710 1813 1737 in

1024 1762 1122 1781 manus
1153 1755 1328 1782 inimicorum
1361 1762 1469 1786 eorum,
1502 1755 1576 1782 etin
1598 1762 1710 1781 manum
1735 1762 1814 1789 quaa-

1024 1799 1143 1826 rcntium
1170 1799 1278 1827 animas
1297 1807 1406 1833 eorum,
1434 1805 1462 1827 et
1482 1799 1509 1826 in
1532 1807 1645 1827 manum
1668 1800 1812 1834 potestatis

1023 1845 1095 1879 regis
1108 1845 1268 1881 Babylonis,
1285 1846 1321 1880 (k)
1335 1845 1496 1880 fugientium
1510 1845 1545 1873 ab
1556 1846 1606 1873 eis.
1624 1845 1670 1873 22.
1683 1845 1754 1873 Ecce
1762 1853 1812 1880 ego

1023 1890 1161 1925 prabcipio,
1179 1891 1245 1918 dicit
1263 1891 1407 1924 Dominus,
1426 1895 1453 1918 et
1467 1891 1594 1918 reducam
1609 1898 1657 1918 eos
1674 1891 1701 1918 in
1714 1891 1810 1918 urbem

1024 1936 1104 1969 hanc,
1134 1941 1161 1964 et
1185 1937 1331 1972 pugnaturi
1346 1939 1380 1971 χ
1393 1945 1476 1971 super
1494 1944 1553 1964 eam
1573 1938 1597 1972 ζ,
1616 1937 1723 1971 capient
1738 1945 1810 1970 eam,

1022 1986 1049 2008 et
1062 1983 1225 2009 combureut
1242 1991 1302 2009 eam
1320 1983 1346 2009 in
1361 1983 1432 2018 igne,
1453 1987 1480 2010 et
1493 1983 1574 2010 urbes
1590 1982 1666 2010 ludas
1678 1983 1752 2010 dabo
1766 1990 1812 2010 cas

1024 2026 1050 2053 in
1063 2035 1117 2054 non
1134 2028 1258 2062 pervium
1274 2027 1309 2054 ab
1328 2028 1540 2055 habitatoribus.

1057 2071 1123 2106 Cap.
1147 2071 1255 2101 XXXV.
1272 2087 1307 2093 —
1329 2074 1354 2100 l.
1371 2072 1503 2106 Verbum,
1519 2073 1590 2107 quod
1606 2072 1707 2100 factum
1720 2079 1763 2100 est
1777 2074 1809 2101 ad

1022 2118 1169 2146 Jeremlam
1200 2127 1215 2146 a
1240 2117 1356 2146 Douuuo
1379 2118 1406 2146 in
1429 2118 1526 2146 diebus
1541 2118 1645 2145 Joacim
1661 2120 1709 2145 lilii
1729 2118 1810 2146 .Iosiaa

182 2166 271 2194 redire
296 2165 420 2194 fecerunt
444 2173 538 2193 servos
561 2171 588 2193 et
606 2166 731 2198 ancillas,
747 2173 818 2200 quos
836 2165 873 2199 (πὶ
890 2164 971 2192 dimi-
987 2169 1008 2194 ι)
1025 2165 1096 2199 regis
1123 2163 1211 2195 Iudae,
1228 2164 1326 2191 dicens
1342 2173 1348 2190 :
1362 2164 1390 2191 2.
1403 2163 1478 2191 Vade
1493 2163 1518 2190 in
1537 2164 1648 2191 domum
1663 2165 1694 2198 (Ι)
1705 2163 1809 2191 Recha-

181 2216 273 2238 serant
291 2212 401 2242 liberos.
419 2210 456 2246 (η)
471 2215 498 2237 et
511 2211 684 2246 reliquerunt
699 2218 748 2238 eos
762 2210 788 2237 in
800 2217 896 2237 servos
907 2210 970 2237 etin

182 2256 306 2283 ancillas.
326 2255 370 2283 12.
385 2254 418 2282 Et
433 2255 533 2282 factum
546 2259 588 2283 est
603 2255 717 2283 verbum
735 2255 841 2282 Domini
855 2255 888 2282 ad
897 2253 970 2283 Jers-

218 2337 249 2372 (Ι)
267 2336 307 2367 8..
328 2336 417 2363 foedus
429 2343 529 2362 meum.

182 2370 275 2407 (ο)Ἀ.,
287 2376 313 2398 et
333 2371 555 2398 comburcteam.
594 2373 632 2404 (ῃ)
648 2370 680 2396 Et
691 2372 831 2398 comburat
843 2378 914 2397 eain.

583 2335 630 2370 (ηπ)
648 2336 694 2367 Α..
719 2335 795 2370 copia
821 2335 890 2369 ejus.
906 2334 947 2367 S.,
963 2339 1094 2370 potestas.

957 2369 993 2405 ('4)
1009 2369 1084 2404 Eius.

1022 2211 1078 2238 bim
1099 2219 1105 2237 τ
1125 2210 1172 2245 (m)
1190 2215 1216 2237 et
1231 2218 1296 2237 vnca
1312 2217 1370 2243 eos,
1383 2215 1410 2237 et
1422 2210 1579 2238 introduces
1592 2217 1641 2237 eos
1658 2211 1684 2236 in
1697 2210 1807 2237 domum

1025 2254 1133 2282 Domini
1156 2255 1196 2289 (ti)
1218 2254 1245 2281 itt
1267 2262 1351 2281 unum
1377 2263 1410 2282 cx
1437 2255 1473 2290 (ο)
1494 2255 1582 2287 atriis,
1610 2259 1638 2281 et
1661 2255 1808 2282 bibendmn

1146 2334 1184 2369 (tl)
1199 2334 1245 2368 Α,,
1260 2342 1323 2362 cccc
1337 2342 1387 2369 ego
1402 2334 1516 2362 daturus
1531 2342 1590 2362 sum
1616 2335 1711 2362 urbem
1727 2335 1807 2364 hanc.

1127 2370 1161 2405 (r)
1174 2369 1217 2402 11.,
1233 2374 1260 2397 et
1277 2370 1348 2397 sicut
1358 2370 1561 2397 combustiones
1575 2375 1682 2405 patrum
1699 2375 1807 2397 tuorum

182 2425 283 2456 regum
293 2417 424 2456 priorum,
434 2416 481 2456 qui
497 2415 606 2456 fuerunt
617 2416 643 2456 ip
663 2415 731 2456 fat-ie
740 2421 784 2443 tua
795 2415 981 2456 [Hebr-uisurus
989 2407 1068 2456 Τιξὸ
1082 2423 1129 2450 pro
1141 2421 1201 2442 ante
1213 2420 1246 2444 te.
1262 2415 1324 2453 Dm]
1337 2424 1344 2448 ;
1355 2416 1401 2455 sic
1413 2416 1574 2456 coluibureut
1587 2419 1623 2442 te.
1640 2416 1674 2451 (ς)
1694 2415 1738 2456 (12
1751 2424 1793 2443 ver

183 2450 258 2481 buiu.
275 2450 307 2486 (ί)
324 2451 367 2484 Α.,
381 2452 490 2478 exciuit.
506 2450 544 2486 (ιι)
562 2450 605 2482 Α.,
626 2450 842 2486 ΐίιιξῑιίιιιιειιιίιιι
856 2450 1004 2477 dimitteret

183 2496 239 2515 non
256 2485 359 2515 servire
379 2486 498 2513 facerent
515 2485 638 2512 Judaeum
660 2485 770 2512 fratrem
787 2493 870 2520 suum
885 2493 918 2512 ne
930 2486 1144 2520 quidemunum.

182 2530 240 2551 eos.
279 2522 317 2557 (a)
330 2522 390 2549 ΚΑΙ
408 2521 528 2552 ΕΩΣΔΝ,
546 2525 569 2548 et
584 2521 692 2557 missurn
706 2521 833 2554 fecerunt.
853 2519 954 2557 Reliqui
969 2525 1020 2557 ;_et
1033 2519 1207 2557 subegerunt.

183 2554 367 2587 summatione
384 2561 486 2591 septem
507 2563 650 2582 annorum.
672 2554 713 2591 87.,
732 2554 974 2591 cunlpraaterlapsi
988 2555 1088 2582 fuerint
1099 2561 1201 2590 septem
1218 2556 1293 2582 anni.

377 2588 473 2626 (e)‘A.,
487 2591 650 2626 libertatein.
668 2590 702 2624 (ft
713 2590 764 2626 7A.,
780 2588 821 2623 SC,
833 2597 912 2624 quem
930 2588 1106 2626 diviseruutt
1121 2588 1213 2626 (ylAd
1229 2588 1395 2624 operaudum
1408 2598 1450 2618 eo.
1469 2590 1507 2624 (Ii)
1525 2590 1657 2619 Praefecti.

183 2597 210 2620 et
222 2592 338 2633 fecistis.

182 2631 229 2662 qui
246 2631 424 2654 transierunt.

477 2625 514 2661 (tr)
526 2625 572 2665 _S.,
582 2625 627 2660 qui
647 2625 836 2665 dentigrarunt
851 2632 883 2665 ,θ’
895 2625 983 2665 vobis.

182 2660 276 2697 quer-is
291 2663 342 2690 eis.
381 2662 419 2697 (ιι)
438 2660 486 2693 Α.,⁷
500 2661 533 2688 ad
545 2668 629 2687 unum
646 2667 678 2687 ex
693 2660 809 2687 ast-ariis.

1020 2452 1176 2478 virservum
1190 2458 1280 2482 suum,
1296 2451 1324 2477 et
1337 2451 1377 2477 vir
1392 2451 1516 2477 ancillam
1533 2459 1621 2478 suam.
1660 2451 1701 2484 (έν)
1718 2452 1759 2482 8.,
1781 2456 1809 2478 ιιι

1184 2487 1221 2521 (y)
1239 2485 1276 2512 Ex
1293 2486 1401 2521 Israele.
1440 2487 1476 2520 (ι.)
1493 2485 1809 2521 Postquamdimiserant

1258 2521 1294 2555 (1))
1306 2519 1351 2552 Α..
1365 2519 1406 2551 8..
1420 2525 1445 2547 et
1468 2519 1573 2547 eduxi.’
1611 2521 1646 2555 (ε)
1662 2520 1707 2552 A.,
1719 2529 1734 2548 a
1748 2529 1808 2548 con.

1332 2555 1371 2590 (tl,
1387 2555 1431 2587 A.,
1443 2559 1468 2582 et
1480 2555 1603 2582 conversi
1617 2555 1705 2583 luistis
1718 2557 1805 2587 hodie,

1697 2592 1729 2625 (ί)
1745 2593 1804 2623 Ευε.

1035 2625 1065 2660 (Ι)
1090 2625 1131 2658 8.,
1157 2625 1455 2653 Ιῖειιιειιιιιιιοιιίιίιιιιιιι.
1503 2626 1550 2660 (ιη)
1566 2625 1609 2658 Α.,
1630 2625 1689 2657 Th._.
1720 2631 1747 2653 et
1769 2628 1806 2654 lo-

848 2661 885 2694 (ο)
898 2658 939 2692 S.,
955 2658 1073 2688 excdris.

220 2752 252 2787 (·)
268 2753 351 2788 Syrus
364 2754 498 2790 interpres
513 2754 648 2789 duplicem
668 2754 712 2781 hic
726 2754 824 2782 inserit
840 2756 968 2784 lectioner

1023 2755 1052 2782 3x
1071 2763 1133 2786 Lxx,
1161 2755 1207 2790 qui
1232 2758 1377 2790 regnarunt
1393 2759 1454 2781 ante
1470 2758 1493 2781 le
1508 2755 1580 2788 (τοὺς
1593 2754 1806 2789 βασιλεύσαντας

186 2796 316 2832 πρότερόν
337 2798 408 2832 σου),
422 2806 436 2826 c
452 2807 517 2827 vero
529 2799 652 2831 lle-bram,
667 2799 719 2827 sub
734 2800 876 2834 asterisco,
894 2801 939 2836 qui
956 2801 967 2828 f

1023 2805 1065 2829 int
1082 2805 1143 2827 ante
1161 2805 1187 2827 te
1206 2792 1296 2838 (Ῥεεῆ
1314 2802 1462 2834 νῆ’-1⁵3⁸).
1478 2800 1577 2828 Dnacu.
