1919 3077
77 120 154 149 €561

648 123 805 153 IEREMIA'J
825 124 939 154 CAPUT
959 125 1065 153 XXXVI

1638 125 1709 154 esse
1718 110 1723 113 ’

79 179 118 206 da
147 181 188 206 eis
205 179 309 206 vinum.
330 179 357 206 3.
371 179 404 207 Et
417 179 517 208 adduxi
541 180 681 208 Iezoniam
695 182 781 208 lilittm
794 181 872 208 Iere-
888 184 909 211 Λ
925 183 1053 216 przeccpit
1067 182 1124 214 eis;
1144 182 1261 217 populus
1286 186 1375 208 autem
1400 181 1444 208 hic
1460 172 1513 208 non
1539 181 1704 209 audiverunt

81 225 152 251 miae
177 226 223 252 ﬁlii
248 225 286 260 (p)
310 225 464 260 Habasniaa,
488 231 515 254 et
535 227 634 254 fratres
650 228 721 262 ejus,
739 232 766 255 et
778 234 875 254 omnes

80 268 160 297 ﬁlios
175 269 245 303 ejus,
261 275 287 297 ct
300 278 408 297 omnetn
422 271 535 298 domum
552 272 700 298 Rechabim
718 281 725 298 :
745 272 772 299 4.
787 272 876 298 intro-‘

79 314 153 341 duxi
170 317 203 349 Ξῖ(
218 323 265 343 eos
279 315 290 350 ζ
307 316 333 343 in
349 316 460 343 domum
484 317 592 344 Domini
614 318 640 344 in
661 317 788 344 aerarium
803 317 875 343 lilio-

80 367 149 386 rttm
168 360 204 394 (q)
222 360 316 387 Hauan
329 361 376 388 lilii
388 361 519 393 Godalite,
539 362 659 389 hominis
673 362 731 393 Dei,
750 362 786 397 (r)
801 362 874 396 quod

81 409 131 432 est
157 413 171 432 a
200 405 284 433 latere
307 406 405 433 domus
432 406 597 441 principum,
623 408 657 441 >κ
681 407 766 441 qum:
791 414 873 441 supra

80 450 201 478 domum
227 451 336 478 Maasiae
359 451 406 478 lilii
423 450 525 484 Selom,
543 452 724 479 eustodieutis
741 451 775 487 (ς)
790 451 874 478 viam.

82 496 111 523 5.
132 497 165 523 Ει
185 497 315 524 constitui
335 501 397 524 ante
413 497 511 524 faciem
526 505 622 524 eorum
644 497 764 524 ﬁliorum
776 497 876 524 domus

83 542 242 570 Rechabim
259 542 291 576 (ι)
308 542 432 578 hydriam
446 543 479 576 ᾖ(
489 542 596 577 plenam
613 542 625 576 ζ
639 542 706 574 vini,
720 546 746 569 et
764 542 873 574 calices,

81 593 112 615 et
129 588 187 614 dixi
200 589 235 622 Χ
248 588 282 615 ad
299 588 370 622 eos:
388 587 496 615 :Bibite
515 589 621 615 viuum.
638 588 663 615 6.
678 588 711 614 Et
726 588 872 615 dixerunt:

82 634 147 662 Non
166 634 292 662 bibemus
309 634 413 667 vinum,
442 634 504 669 quia
530 633 654 661 Ionadab
671 633 743 660 ﬁlius
762 633 873 660 liecltah

81 684 164 714 pater
189 685 280 706 ttoster
298 679 425 714 praecepit
440 679 529 711 nobis,
547 680 642 706 dicens
665 688 672 705 ε
695 678 753 705 Non
771 678 870 705 bibetis

82 725 193 757 viuum,
210 733 269 757 vos,
284 730 311 752 et
323 725 371 752 lilii
381 725 476 758 vestri,
491 733 578 760 usque
592 726 618 752 itt
632 725 762 752 saeculum
780 734 787 751 :
803 724 830 750 Ἰ.
845 728 874 751 et

80 772 186 799 domos
203 779 256 798 tton
271 771 451 803 aediﬁcabitis,
469 775 496 798 et
508 779 600 798 semen
619 778 672 798 non
685 769 872 801 seminabitis,

80 821 112 843 et
140 815 246 842 vitteam
269 823 322 843 non
338 816 508 850 plantabitis,
526 823 615 850 neque
630 815 682 842 erit
694 814 790 848 vobis;
807 814 874 849 quia

927 235 980 254 me.
1013 227 1057 253 17.
1079 226 1192 262 Propter
1211 228 1261 254 hoc
1275 227 1316 254 sic
1336 227 1404 254 dixit
1420 226 1551 254 Dominus
1564 228 1596 260 Ἀ(
1609 227 1678 254 Deus
1693 228 1703 261 ζ

926 270 1054 297 vit-tntum
1076 270 1144 297 Deus
1172 270 1279 297 lsraelis
1306 279 1313 297 ε
1342 270 1411 297 Ecce
1434 269 1556 304 )Kego:
1573 269 1705 297 adducant

925 323 1006 350 super
1021 315 1130 347 Iudam,
1145 321 1171 343 et
1186 323 1268 350 super
1286 317 1319 349 Χ
1329 316 1445 350 omnes:
1466 315 1621 342 habitantes
1639 316 1707 349 Xiu

924 361 1075 389 Jerusalem
1105 361 1117 395 ζ
1133 362 1224 389 omnia
1247 361 1328 394 mala,
1353 369 1414 395 qurc
1430 361 1538 389 locutus
1551 369 1611 388 sum
1626 369 1709 395 super

924 415 983 439 eos.
1002 409 1034 441 χ(
1047 415 1095 442 pro
1109 415 1141 434 eo
1158 407 1230 442 quod
1248 407 1355 434 loctttus
1369 415 1429 434 sum
1446 415 1527 442 super
1542 414 1600 439 eos,
1613 410 1640 433 et
1653 414 1707 433 ttou

925 452 1099 482 audiverunt.
1118 457 1143 479 et
1169 451 1264 479 vocavi
1291 458 1349 482 eos.
1370 456 1398 478 et
1420 459 1474 478 non
1498 451 1706 485 responderunt.

925 498 971 525 18.
992 497 1026 524 Et
1042 497 1135 524 domui
1155 497 1306 524 Bcchabim
1321 497 1333 531 ξ
1353 497 1424 523 dixit
1435 495 1553 524 Ieremia
1570 505 1577 523 :
1594 496 1710 531 Propter

926 543 978 570 ltoc
1007 543 1048 570 sic
1073 543 1143 569 dixit
1172 542 1305 569 Dominus
1331 542 1463 569 virtutum
1481 542 1553 569 Deus
1574 542 1682 570 lsnelis
1700 551 1710 569 :

925 590 960 623 (ε)
985 588 1055 621 Quia
1078 588 1223 615 audierunt
1247 595 1277 615 -ε-
1297 588 1344 614 lilii
1367 587 1492 615 Ionadab
1509 588 1555 614 lilii
1575 587 1707 622 Rechab:

924 641 1089 671 pra~ceptnnt
1107 635 1230 663 Ionadab
1249 636 1336 670 patris
1353 635 1386 670 (Γ)
1398 643 1505 668 eorttttt,
1521 639 1548 662 et
1563 641 1710 662 servarunt

925 681 1015 707 omnia
1040 686 1174 715 praecepta
1189 680 1260 714 ejus,
1282 680 1314 706 ad
1332 678 1486 706 faciendum
1513 679 1634 714 Xjuxta
1650 687 1710 706 out-

925 726 969 753 nia
982 726 1006 760 ζ,
1035 733 1095 760 qua:
1121 725 1262 752 mandarit
1295 725 1332 760 (g)
1357 725 1396 752 eis
1421 732 1453 753 -ξ-
1473 729 1549 759 pater
1567 732 1662 752 eorum
1678 725 1707 759 ξς

925 771 968 798 19.
989 771 1102 805 Propter
1116 771 1167 798 hoc
1183 771 1239 797 hate
1254 770 1319 797 dicit
1336 771 1469 797 Dominus
1485 770 1556 797 Deus
1575 769 1681 797 lsraelis
1699 779 1707 798 :

926 817 963 853 (Ιι)
986 816 1044 844 Νοη
1062 817 1168 844 deﬁciet
1190 817 1231 844 \ir
1249 825 1283 844 ex
1300 817 1363 844 ﬁliis
1381 816 1506 844 Ionadab
1524 817 1570 843 ﬁlii
1587 816 1707 847 Rechab,

83 861 113 887 in
136 862 262 888 tentoriis
279 861 440 889 habitabilis
459 861 587 889 outnibus
603 860 700 888 diebus
714 860 823 892 vestris,
843 864 873 887 ut
891 856 910 884 Β
923 869 998 891 stans
1026 867 1089 890 ante
1114 862 1210 890 faciem
1236 871 1323 890 meam
1349 862 1478 889 omnibus
1503 862 1599 889 diebus
1618 867 1706 889 terra‘.

81 906 187 934 vivatis
199 906 295 934 diebus
313 907 408 934 multis
425 915 507 943 super
518 908 553 941 Χ
566 906 634 934 lacie
649 907 660 941 ζ
679 910 768 938 ιρι-ηε,
788 913 873 941 super

81 959 141 986 qua
170 951 210 987 (υ)
229 959 278 979 vos
304 951 432 979 habitatis
456 959 538 987 super
560 957 603 979 ea.
623 951 650 979 8.
667 951 700 978 Et
715 952 873 979 audivimus

82 1005 181 1024 vocem
190 996 313 1025 Ionadab
325 999 358 1031 3K
371 997 419 1024 lilii
433 997 542 1025 Rechab
557 998 569 1033 ζ
585 998 669 1032 patris
682 997 779 1030 nostri,
792 996 872 1032 juxta

81 1043 188 1076 omnia,
202 1051 262 1078 qua:
277 1043 407 1078 praecepit
419 1043 510 1076 nobis,
527 1048 556 1070 ut
570 1051 623 1070 ttou
640 1043 766 1070 bibamus
777 1043 871 1070 viuum

82 1088 215 1115 omnibus
231 1088 328 1116 diebus
344 1090 458 1121 nostris,
477 1096 538 1121 nos,
550 1092 577 1115 et
593 1095 693 1115 uxores
711 1094 821 1121 nostrai,
844 1092 872 1116 et

83 1133 134 1161 ﬁlii
147 1134 244 1166 nostri,
261 1139 288 1161 et
300 1134 360 1161 lilia:
371 1139 482 1166 nostrae,
503 1134 530 1162 9.
545 1139 572 1161 et
589 1139 617 1161 ut
633 1142 687 1161 non
702 1134 870 1163 aediﬁcamus

82 1179 193 1211 domos,
223 1187 256 1206 ne
273 1180 427 1207 habitemus
447 1180 484 1207 ibi
511 1188 518 1207 :
544 1184 571 1207 et
595 1179 685 1211 vinea,
707 1184 734 1206 et
750 1187 824 1215 ager,
843 1185 871 1207 et

82 1232 177 1252 semen
193 1233 246 1251 ttott
264 1224 314 1252 fuit
326 1226 406 1253 ttobis
423 1234 430 1252 :
448 1225 491 1252 10.
506 1230 532 1251 et
544 1225 730 1252 habitavimus
745 1226 771 1252 itt
786 1230 870 1253 tento-

83 1270 148 1302 riis,
176 1274 203 1296 et
229 1270 396 1303 audivimus,
420 1276 447 1297 et
464 1269 579 1298 fecimus
592 1270 670 1305 juxta
686 1271 789 1303 omnia,
809 1280 870 1306 qua:

83 1315 212 1349 praecepit
235 1315 314 1342 nobis
337 1314 460 1342 Ionadab
475 1320 550 1350 pater
564 1321 667 1343 ttoster.
694 1316 736 1342 Η.
752 1316 867 1343 Factum

81 1367 126 1388 est
138 1366 239 1394 autem,
256 1369 317 1389 cum
330 1362 455 1389 ascendit
467 1361 719 1389 Nabuchodonosor
731 1370 776 1389 rex
786 1362 870 1397 Baby-

83 1406 156 1434 lonis
175 1414 257 1442 super
275 1412 387 1439 terram,
406 1412 433 1434 ct
447 1407 567 1434 diximus
585 1416 591 1434 :
612 1407 650 1442 (ας)
666 1407 866 1440 Ascendamus,

83 1453 271 1487 ingrediantur
285 1452 311 1479 itt
322 1451 475 1480 Jerusalem
492 1453 526 1480 ab
540 1457 602 1480 ante
615 1452 711 1480 facient
726 1454 868 1487 potesmtis

81 1498 286 1529 Chaldazorum,
302 1498 375 1525 etab
387 1502 451 1524 ante
467 1497 563 1524 faciem
577 1498 718 1532 potestatis
736 1497 773 1532 (εί)
785 1498 868 1532 Assy-

83 1544 201 1575 riorutn,
229 1543 267 1577 (ς.)
289 1548 316 1570 et
338 1543 523 1570 habitavimus
537 1543 586 1570 ibi.
606 1543 650 1570 12.
663 1543 696 1569 Et
712 1542 813 1570 factum
827 1548 869 1570 est

83 1588 196 1615 verbum
214 1587 321 1615 Dontitti
333 1588 366 1615 ad
379 1587 535 1620 Ieremiam,
550 1589 644 1616 dicens
659 1598 666 1616 :
683 1590 726 1616 15.
743 1589 788 1616 Sic
798 1590 867 1617 dixit

83 1634 216 1661 Dominus
232 1634 363 1661 virtutum
382 1633 454 1661 Deus
468 1633 574 1662 lsraelis
589 1644 596 1662 :
615 1634 699 1666 Vade,
715 1640 743 1662 et
759 1635 803 1662 dic
818 1636 868 1662 lto-

82 1679 151 1706 mini
165 1678 251 1711 Judae,
268 1683 295 1705 et
315 1678 500 1706 habitantibus
517 1679 543 1706 in
564 1678 714 1707 Jerusalem
733 1689 739 1707 :
759 1680 797 1715 (α)
808 1679 867 1707 Non

83 1725 224 1759 accipietis
249 1724 420 1759 disciplinam
448 1724 481 1750 ad
502 1724 665 1752 audiendum
688 1725 770 1752 verba
791 1725 869 1752 mea?

82 1770 150 1797 dicit
178 1769 320 1796 Dominus.
348 1769 392 1796 14.
416 1768 613 1796 Stabiliverunt
628 1772 661 1804 Χ
676 1770 707 1796 τὸ
725 1770 736 1804 ζ
753 1772 866 1798 verbum

85 1815 166 1843 +lilii
194 1815 204 1849 ζ
229 1814 352 1841 Ionadab
377 1814 425 1841 ﬁlii
448 1813 571 1846 Rechab,
587 1823 647 1850 quae
663 1817 790 1851 praecepit
805 1817 868 1844 ﬁliis

82 1862 153 1896 ejus,
169 1866 198 1888 ut
213 1868 266 1887 non
280 1860 404 1888 biberent
416 1860 520 1892 vinuttt,
536 1865 563 1888 et
575 1869 629 1888 non
642 1861 769 1889 biberunt
779 1864 813 1896 Β(
826 1871 868 1890 us-

84 1915 135 1941 que
160 1907 192 1934 ad
218 1907 289 1934 diem
316 1907 389 1934 ltuuc
405 1906 434 1940 1;
459 1907 524 1941 quia
541 1908 686 1935 audierunt
701 1914 866 1943 prteceptum

85 1955 118 1986 Χ
134 1953 217 1987 patris
238 1961 333 1979 eorum
348 1953 359 1987 ζ
372 1962 379 1980 :
392 1960 442 1988 ego
457 1957 548 1980 autent
565 1953 672 1980 locutus
684 1961 745 1981 sunt
760 1955 793 1981 ad
807 1962 865 1987 vos,

85 2000 121 2036 (ὁ)
142 1999 168 2025 itt
187 1999 321 2025 ntatutiuo
337 2000 421 2026 etiam
436 1999 543 2026 locutus
558 2007 632 2031 sum,
647 2004 674 2027 et
689 2008 741 2027 non
759 2001 866 2028 audiis-

84 2045 119 2071 tis
131 2045 163 2077 )9:
179 2051 221 2070 tne
235 2044 259 2078 ζ,
278 2044 319 2070 15.
334 2043 367 2071 Et
381 2044 442 2071 misi
457 2044 490 2071 ad
511 2052 559 2071 vos
575 2052 670 2072 omnes
685 2053 779 2072 set-vos
791 2053 866 2073 meos

85 2089 238 2123 prophetas,
264 2093 437 2115 antevertens
460 2092 487 2115 et
508 2089 629 2121 mittens,
647 2089 682 2124 (ε)
695 2090 751 2116 dixi
768 2098 774 2116 :
793 2089 865 2117 Con-

83 2133 218 2161 vertituiui
234 2135 268 2168 x
280 2141 354 2160 nunc
369 2133 380 2167 ζ
409 2135 600 2169 unusquisque
616 2142 630 2161 a
648 2135 689 2161 via
710 2143 761 2162 sua
783 2136 863 2169 tnala,

83 2185 109 2207 et
123 2180 232 2206 meliora
246 2179 327 2207 facite
344 2180 383 2215 (d)
395 2185 527 2214 praecepta
540 2186 641 2214 veSIra,
654 2185 681 2207 et
694 2189 748 2208 tton
761 2181 864 2209 abeatis

84 2230 142 2260 post
156 2226 220 2252 deos
240 2225 308 2253 alios
328 2225 361 2252 ad
381 2225 523 2252 colendum
540 2227 682 2253 servitium
698 2227 738 2254 eis
753 2236 758 2253 :
775 2232 800 2253 et
813 2227 862 2254 ha-

83 2271 203 2298 bitabitis
219 2278 301 2305 super
317 2275 400 2303 terra,
414 2278 495 2305 quant
517 2271 577 2298 dedi
592 2272 680 2302 vobis,
697 2277 724 2298 ct
739 2272 863 2307 patribus

82 2316 188 2343 vestris.
205 2316 237 2342 Et
252 2324 305 2342 tton
323 2315 475 2342 ittclinastis
492 2317 524 2349 3K
537 2316 586 2350 τὴν
599 2317 610 2350 ζ
625 2324 718 2343 aurem
732 2322 862 2350 vestram,

81 2366 108 2388 et
127 2369 178 2388 non
195 2361 339 2389 audivistis
360 2369 414 2388 me.
435 2360 478 2388 16.
494 2360 526 2388 Et
543 2361 737 2389 stabiliverunt
753 2363 800 2389 ﬁlii
815 2362 863 2390 Io-

82 2407 167 2434 ttadab
188 2407 235 2434 lilii
257 2407 368 2435 Rechab
389 2413 552 2443 praeceptum
568 2408 654 2441 patris
667 2416 773 2441 corum,
790 2410 862 2444 quod

118 2464 152 2498 (p)
169 2464 213 2496 Λ.,
240 2464 375 2491 Abasniae.
425 2464 462 2499 (τι)
480 2464 523 2497 Λ.,
541 2465 679 2493 llanania‘.

82 2499 194 2526 Maasiw.
246 2501 282 2532 (δ)
298 2499 341 2530 Λ.,
357 2499 399 2531 S.,
415 2499 476 2529 ΤΙι..
493 2501 604 2527 atrium.

82 2534 120 2565 S..
134 2534 222 2560 sedem
241 2534 355 2561 habetis.
410 2534 448 2568 (ε)
466 2534 510 2565 Λ.,
538 2534 578 2566 8,,

82 2606 114 2636 (ε)
137 2603 180 2635 Λ.,
203 2602 262 2635 ΤΙι.,

83 2639 181 2665 chitur.
234 2639 264 2670 (ἰ)
282 2638 322 2665 Ad
347 2646 399 2666 me.
453 2639 488 2673 (Ir)
510 2639 541 2666 A.
559 2660 566 2672 ,

81 2673 309 2703 ΕΧΡΗΜΑΤΙΣᾹ,
324 2673 450 2700 divinitus
465 2674 567 2701 loctuus
586 2682 654 2700 sum.

708 2677 755 2710 (ut)
783 2677 1041 2711 ΕΧΡΗΜΛΤΙΣΕΝ,
1069 2677 1194 2706 divinitus
1217 2677 1320 2707 locutus
1333 2687 1382 2710 est,

956 908 1022 943 Cap.
1048 908 1168 936 XXXVI.
1181 923 1216 928 —
1235 909 1260 935 1.
1280 907 1313 936 Et
1329 909 1362 942 >ς<
1380 908 1478 935 factum
1494 912 1535 935 est
1552 907 1563 941 ζ
1583 907 1609 934 itt
1636 915 1708 934 anno

922 957 1019 989 quarto
1031 953 1135 980 Ioacim
1153 953 1199 980 ﬁlii
1221 952 1303 980 Iosue
1316 953 1386 988 regis
1400 952 1485 985 Iudm,
1500 953 1600 980 factum
1618 957 1659 980 est
1674 954 1708 987 ᾖς(

921 999 1033 1026 verbum
1063 999 1074 1034 ζ
1103 999 1200 1034 hoc(i)
1216 999 1249 1026 ad
1274 998 1418 1026 Ieretniam
1441 1000 1475 1033 ἒξ(
1500 1006 1514 1026 a
1545 999 1659 1026 Domino
1695 1000 1706 1032 ζ

920 1043 1014 1072 dicens
1029 1044 1074 1071 εἳ.
1089 1044 1172 1071 Sume
1184 1044 1230 1071 tibi
1244 1044 1279 1080 (Ic)
1291 1045 1413 1071 chartam
1428 1044 1500 1076 libri,
1517 1049 1543 1071 et
1560 1045 1648 1071 scribe
1660 1051 1707 1071 su-

920 1096 968 1124 per
981 1097 1012 1116 ea
1024 1089 1117 1116 omnia
1132 1089 1224 1119 verba.
1241 1097 1301 1124 quae
1316 1089 1346 1123 (Ι)
1361 1089 1519 1123 prophetavi
1538 1088 1570 1115 ad
1586 1093 1611 1116 te
1626 1095 1709 1122 super

921 1132 1060 1165 lsraelcm,
1077 1138 1103 1160 et
1121 1141 1202 1167 super
1219 1133 1329 1165 Iudam,
1349 1137 1376 1160 et
1395 1140 1476 1167 super
1488 1140 1582 1160 Otones
1599 1138 1706 1167 gentes,

920 1185 934 1204 a
960 1177 1003 1204 die
1022 1185 1077 1212 quo
1098 1177 1205 1205 locutus
1230 1186 1290 1205 sum
1312 1178 1345 1204 ad
1369 1182 1405 1209 te,
1427 1185 1441 1204 a
1461 1177 1556 1204 diebtts
1576 1177 1658 1204 Josia:
1674 1185 1707 1206 -Ξ-

920 1222 991 1256 regis
1007 1221 1082 1249 Iuda:
1101 1222 1129 1256 ζ.
1146 1227 1172 1249 et
1185 1231 1272 1257 usque
1293 1223 1326 1249 ad
1346 1224 1416 1250 diem
1431 1223 1513 1251 hunc.
1534 1224 1561 1250 5.
1580 1223 1708 1250 Fortasse

920 1268 1029 1294 audient
1048 1268 1145 1294 dottttts
1164 1266 1239 1295 Iuda:
1253 1268 1344 1295 omnia
1370 1268 1455 1300 mala,
1476 1277 1537 1303 quae
1554 1276 1603 1304 ego
1617 1269 1706 1302 cogito

920 1312 1008 1339 facere
1025 1314 1078 1345 eis;
1098 1317 1127 1340 ut
1148 1318 1316 1340 revertantur
1335 1315 1367 1347 38(
1386 1313 1575 1348 unusquisque
1591 1313 1602 1346 ζ
1623 1321 1638 1339 a
1657 1313 1702 1338 via

919 1364 968 1384 sua
987 1357 1056 1383 mala
1072 1365 1078 1382 :
1093 1361 1120 1384 et
1136 1357 1269 1392 propitius
1283 1365 1330 1385 ero
1350 1358 1540 1392 iniquitatibus
1555 1365 1663 1386 eorum.
1678 1362 1705 1384 et

919 1403 1037 1438 peccatis
1056 1410 1161 1430 eorutn.
1180 1403 1206 1429 ιι.
1232 1403 1264 1430 Et
1279 1404 1385 1430 vocavit
1403 1403 1519 1431 Ieremia
1548 1403 1653 1430 Baruch
1674 1403 1706 1429 ﬁ-

919 1448 985 1475 lium
1014 1447 1101 1475 Neria:
1122 1454 1171 1476 :et
1194 1449 1303 1484 scripsit
1325 1449 1429 1476 Baruch
1452 1457 1483 1476 ex
1512 1457 1559 1476 ore
1583 1448 1707 1476 Ieremia:

918 1495 1009 1522 omnia
1023 1495 1102 1522 verba
1121 1495 1238 1527 Domini,
1254 1503 1314 1530 qua:
1332 1495 1378 1531 (ut)
1391 1495 1562 1530 prophetatit
1579 1495 1611 1522 ad
1631 1502 1705 1526 eum.

920 1539 946 1565 itt
967 1539 1087 1566 chartam
1105 1539 1175 1566 libri.
1191 1540 1216 1567 5.
1233 1539 1264 1567 Ει
1283 1539 1409 1574 praecepit
1427 1538 1544 1566 Ieremia
1566 1539 1706 1572 Barucho,

918 1584 1012 1612 dicens
1025 1592 1031 1610 :
1046 1584 1100 1620 Ego
1112 1585 1149 1620 (η)
1163 1585 1314 1612 custoditus
1331 1593 1403 1618 suttt,
1418 1590 1444 1612 ct
1461 1593 1513 1611 ttott
1526 1592 1637 1619 possunt
1663 1586 1708 1612 itt-

919 1630 992 1664 gredi
1018 1630 1044 1657 in
1062 1631 1172 1658 dotuunt
1198 1629 1303 1658 Dontiui
1321 1638 1328 1656 :
1345 1630 1371 1658 6.
1393 1636 1419 1658 ct
1441 1631 1602 1665 ingrediaris
1629 1635 1707 1671 ttt,ct

919 1675 992 1710 legas
1005 1676 1031 1702 in
1047 1676 1140 1703 charta
1154 1683 1183 1703 -ε-
1200 1676 1251 1703 hac
1267 1676 1297 1710 ζ,
1314 1684 1366 1710 qua
1383 1676 1519 1711 scripsisti
1535 1684 1567 1702 ex
1583 1683 1629 1703 ore
1646 1683 1707 1703 meo

919 1720 1001 1746 verba
1018 1719 1123 1746 Domini
1139 1720 1164 1747 in
1180 1728 1259 1747 aures
1276 1720 1377 1755 populi,
1395 1720 1421 1747 iu
1440 1722 1521 1746 domo
1543 1720 1662 1751 Domini,
1679 1720 1705 1746 itt

918 1763 961 1789 die
982 1763 1098 1797 jrjunii;
1115 1767 1142 1790 et
1166 1763 1192 1790 iu
1208 1764 1320 1790 auribus
1345 1764 1434 1791 omnis
1449 1763 1525 1791 Iuda:
1541 1763 1705 1791 venientium

917 1814 950 1833 ex
968 1807 1082 1834 urbibus
1097 1814 1204 1839 eorum,
1222 1808 1295 1842 leges
1310 1808 1359 1835 eis.
1376 1808 1402 1834 7.
1422 1807 1547 1836 Fortasse
1562 1808 1638 1835 cadet
1658 1807 1706 1834 de-

918 1851 1075 1885 precatio(‘)
1088 1859 1182 1877 eorum
1199 1857 1259 1878 ante
1266 1850 1362 1878 facient
1375 1850 1493 1884 Domini,
1502 1856 1528 1878 et
1537 1856 1706 1878 revertentur

918 1895 951 1928 ᾗ(
969 1895 1156 1929 unusquisque
1178 1895 1188 1928 ζ
1214 1902 1229 1922 a
1249 1895 1291 1922 via
1318 1903 1367 1922 stta
1388 1896 1475 1928 mala;
1504 1896 1568 1931 quia
1591 1903 1705 1930 magnus

918 1937 994 1964 furor
1006 1942 1033 1964 et
1050 1938 1088 1964 ira
1107 1945 1137 1965 +
1155 1937 1260 1965 Domini
1281 1938 1311 1972 ζ,
1328 1947 1410 1974 quam
1431 1939 1538 1966 locutus
1556 1944 1599 1966 est
1614 1939 1706 1965 Domi-

918 1988 970 2008 uus
980 1989 1061 2015 super
1075 1982 1202 2016 populum
1217 1983 1298 2009 hunc.
1319 1983 1346 2009 8.
1366 1982 1399 2009 Et
1418 1982 1480 2010 fecit
1501 1983 1604 2009 Baruch
1622 1984 1655 2017 ὶι(
1673 1983 1705 2009 li-

917 2024 968 2052 lius
981 2023 1067 2051 Neria:
1085 2025 1095 2059 ζ
1112 2025 1188 2059 juxta
1209 2026 1310 2057 omnia,
1325 2034 1386 2060 quae
1400 2028 1527 2061 prmcepit
1544 2028 1566 2053 ei
1584 2027 1702 2054 Ieremia

917 2069 1057 2102 propheta,
1079 2069 1111 2095 ad
1136 2069 1277 2103 legendum
1305 2069 1331 2095 in
1347 2069 1416 2097 libro
1441 2071 1522 2097 verba
1545 2070 1650 2096 Doutini
1674 2071 1700 2097 itt

916 2111 997 2138 domo
1015 2111 1131 2141 Domitti.
1149 2113 1175 2139 9.
1194 2112 1226 2139 Et
1243 2112 1341 2140 factum
1360 2119 1399 2141 est
1420 2114 1446 2141 itt
1468 2122 1540 2140 anno
1556 2115 1592 2148 (ο)
1606 2115 1717 2148 quinto.

916 2154 1029 2182 Joacimi
1052 2155 1097 2182 ﬁlii
1116 2155 1196 2182 Iasiae
1216 2164 1287 2191 regts
1305 2156 1390 2189 Iudae,
1418 2158 1444 2184 in
1458 2165 1551 2184 mense
1569 2166 1641 2184 ttouo
1660 2158 1697 2191 (ρ)

881 2201 902 2228 D
916 2199 1091 2233 congregavit
1112 2199 1246 2233 jejunium
1274 2208 1336 2227 ante
1361 2200 1455 2228 l'aciem
1477 2200 1583 2227 Dotttitti
1612 2202 1703 2228 omnis

917 2242 1031 2276 populus
1067 2243 1196 2276 lsraclis,
1227 2248 1255 2270 et
1284 2244 1372 2272 muttis
1416 2246 1531 2279 populus
1564 2245 1703 2271 venientes

916 2293 950 2311 ex
975 2285 1087 2313 urbibus
1116 2286 1201 2319 Iudae,
1229 2287 1254 2313 itt
1281 2286 1443 2320 Ierusalem,
1473 2294 1503 2315 ει-
1533 2288 1629 2314 domus
1654 2287 1703 2315 Ju-

916 2328 956 2356 da:
987 2329 1024 2364 ζ.
1048 2329 1091 2356 10.
1123 2329 1156 2356 Et
1185 2330 1247 2365 legit
1272 2330 1376 2357 Baruch
1410 2331 1437 2358 in
1473 2331 1541 2358 libro
1573 2333 1606 2366 >δ<
1627 2331 1661 2360 τὰ
1688 2333 1700 2368 ζ

915 2372 998 2399 verba
1022 2371 1145 2399 Ieremia!
1172 2373 1199 2400 in
1231 2373 1313 2400 dottto
1344 2372 1461 2405 Domini,
1492 2374 1529 2410 (ᾳ)
1563 2375 1589 2401 in
1621 2375 1701 2401 domo

916 2414 1051 2443 Gantaria:
1067 2416 1113 2442 lilii
1126 2416 1234 2452 Sapltan
1251 2417 1358 2449 scribaz,
1380 2418 1407 2444 in
1423 2418 1494 2445 atrio
1509 2418 1652 2453 superiori,
1673 2419 1699 2447 iu

732 2467 907 2507 (t‘)_‘S.L_qu_:n:
919 2475 960 2507 est
971 2470 1043 2507 apud
1056 2471 1183 2498 exedram
1208 2471 1371 2507 principum,
1398 2480 1458 2507 qua:
1473 2481 1555 2507 supra
1571 2473 1697 2501 exedram

653 2502 687 2543 ρ)
705 2501 749 2541 ᾼη
765 2501 1120 2543 8,...ΣΚΥΦΟΥΣίςι-ῃρ1ιρε,
1140 2540 1154 2543 _
1170 2501 1264 2541 (ιι)Ἀ.,
1283 2501 1328 2541 (ιίιί

82 2538 120 2565 δ..
134 2538 222 2560 sedem
241 2538 355 2561 habetis.
410 2538 448 2568 (ε)
466 2538 510 2565 Λ.,
538 2538 578 2566 δ..
600 2538 699 2568 venite,
719 2538 911 2571 ingrediantur.

82 2571 118 2609 (ab)
201 2577 291 2609 annon
303 2568 451 2603 accipietis.
491 2570 527 2609 (_b)
543 2570 589 2609 Αι-ἲ
610 2574 834 2609 antevertens_ct_
854 2573 957 2609 dicens.

292 2611 402 2648 proweo
428 2605 500 2648 qupd
519 2605 680 2648 ‘audivistis.
719 2606 881 2648 (nnlleliqui
896 2616 905 2634 :
921 2605 1018 2648 vestr-1.:
1036 2605 1088 2646 '(g)
1104 2605 1208 2648 Reliqui
1227 2605 1336 2648 (vobis.

592 2639 735 2679 volutttcnf
744 2639 957 2679 :S.,__pagittaut.
986 2643 1032 2670 'I'h.
1044 2639 1242 2679 ,w'eapittilum.

1015 2507 1120 2542 typhea.
1141 2540 1154 2542 _
1170 2505 1264 2541 (u)'x1.,
1283 2507 1328 2541 qui
1348 2515 1396 2534 vos
1407 2505 1494 2542 super
1506 2505 1536 2534 ira
1550 2509 1696 2542 peregrini,

969 2514 988 2537 ιι,
1002 2514 1120 2566 etii/pnas.
1170 2514 1208 2541 (ιι)
1221 2514 1264 2538 Λ.,
1283 2514 1328 2541 qut
1348 2515 1396 2534 vos
1413 2516 1536 2542 superna
1550 2515 1695 2542 peregrini,

969 2543 1006 2575 (ν)
1047 2561 1064 2572 .,
1080 2540 1120 2573 3.,
1138 2540 1278 2576 Syrorum.
1331 2543 1368 2575 (ι)
1382 2542 1425 2574 Λ.,
1442 2542 1502 2572 ΤΙι..
1515 2548 1540 2568 ct
1564 2542 1695 2570 sedimus.

1010 2576 1045 2611 (ε)
1066 2575 1172 2611 1118.,
1189 2575 1249 2607 Th.,
1274 2577 1375 2604 dicens.
1397 2578 1434 2611 (τι)
1456 2577 1558 2611 lleliqui
1571 2584 1580 2602 .'
1596 2578 1695 2607 studia.

1380 2613 1416 2646 (Ιι)
1434 2612 1478 2643 Λ.,
1501 2612 1560 2643 Tit.I
1579 2619 1632 2638 non
1647 2612 1696 2638 do-

1291 2647 1321 2679 (l)
1338 2645 1441 2680 Reliqui
1458 2655 1466 2673 :
1485 2647 1589 2674 locutus
1623 2654 1694 2675 sum.

1434 2682 1472 2717 (η)
1486 2681 1531 2712 An,
1550 2681 1591 2714 8.,
1607 2681 1696 2709 inclun

81 2716 124 2735 sus
136 2716 207 2735 sum.
247 2709 284 2743 (ο)
293 2707 406 2735 Octavo.
443 2710 483 2742 (p)
502 2708 546 2741 Λ.,
563 2707 774 2744 ρῑοειειῐηωύιὶι.
813 2711 906 2746 (q)A.,
932 2713 959 2740 itt
979 2707 1060 2742 domo
1074 2722 1156 2749 gazae.
1179 2715 1220 2748 S.,
1247 2718 1274 2743 itt
1291 2707 1398 2743 e\cdra.

115 2778 147 2821 (‘lt
158 2778 242 2821 ενι-ξιξ
259 2781 365 2821 uoster.
378 2783 498 2821 pruenti,
515 2779 748 2821 _quod~resmndet
759 2780 797 2816 τῷ
809 2787 883 2821 tum
895 2786 986 2810 textus
1001 2783 1135 2811 llebraici.
1151 2784 1295 2820 Pet-peram
1310 2786 1425 2814 reddidit
1441 2786 1573 2821 Norbcrg,
1589 2783 1694 2813 miseri-

83 2812 177 2843 cordia,
192 2816 220 2838 ut
237 2813 317 2840 habet
332 2817 420 2840 textus
433 2818 558 2848 reet-plus
572 2814 625 2840 τῶν
639 2812 701 2847 m,
717 2812 800 2848 ἕλεοξ.
816 2817 916 2845 Ilatcu.
