  <div class='ocr_page' id='page_1' title='image "/cluster/home/n/w/nwhite01/storage/ocr_20150623/16, pt.2/njp.32101010944567/568.png"; bbox 0 0 1919 3077; ppageno 0'>
   <div class='ocr_carea' id='block_1_1' title="bbox 57 113 124 141">
    <p class='ocr_par' dir='ltr' id='par_1_1' title="bbox 57 113 124 141">
     <span class='ocr_line' id='line_1_1' title="bbox 57 113 124 141; baseline 0.015 -1"><span class='ocrx_word' id='word_1_1' title='bbox 57 113 124 141; x_wconf 69' lang='lat'><strong>2365</strong></span> 
     </span>
    </p>
   </div>
   <div class='ocr_carea' id='block_1_2' title="bbox 634 107 1082 140">
    <p class='ocr_par' dir='ltr' id='par_1_2' title="bbox 634 107 1082 140">
     <span class='ocr_line' id='line_1_2' title="bbox 634 107 1082 140; baseline -0.011 0"><span class='ocrx_word' id='word_1_2' title='bbox 634 110 791 140; x_wconf 69' lang='lat' dir='ltr'><strong>IEREMIE</strong></span> <span class='ocrx_word' id='word_1_3' title='bbox 808 109 922 139; x_wconf 81' lang='lat' dir='ltr'><strong>CAPUT</strong></span> <span class='ocrx_word' id='word_1_4' title='bbox 938 107 1082 136; x_wconf 77' lang='lat' dir='ltr'><strong>XXXVIII.</strong></span> 
     </span>
    </p>
   </div>
   <div class='ocr_carea' id='block_1_3' title="bbox 1607 88 1678 129">
    <p class='ocr_par' dir='ltr' id='par_1_3' title="bbox 1607 88 1678 129">
     <span class='ocr_line' id='line_1_3' title="bbox 1607 88 1678 129; baseline -0.014 0"><span class='ocrx_word' id='word_1_5' title='bbox 1607 88 1678 129; x_wconf 72' lang='lat'><strong>2566</strong></span> 
     </span>
    </p>
   </div>
   <div class='ocr_carea' id='block_1_4' title="bbox 59 161 1678 202">
    <p class='ocr_par' dir='ltr' id='par_1_4' title="bbox 59 161 1678 202">
     <span class='ocr_line' id='line_1_4' title="bbox 59 161 1678 202; baseline -0.005 -6"><span class='ocrx_word' id='word_1_6' title='bbox 59 169 256 197; x_wconf 88' lang='lat' dir='ltr'><strong>burenturbem</strong></span> <span class='ocrx_word' id='word_1_7' title='bbox 268 167 373 196; x_wconf 88' lang='lat' dir='ltr'><strong>hancin</strong></span> <span class='ocrx_word' id='word_1_8' title='bbox 383 167 453 202; x_wconf 77' lang='lat' dir='ltr'><strong>igne.</strong></span> <span class='ocrx_word' id='word_1_9' title='bbox 465 168 507 195; x_wconf 89' lang='lat' dir='ltr'><strong>Il.</strong></span> <span class='ocrx_word' id='word_1_10' title='bbox 517 167 548 195; x_wconf 86' lang='lat' dir='ltr'><strong>Et</strong></span> <span class='ocrx_word' id='word_1_11' title='bbox 561 167 660 195; x_wconf 85' lang='lat' dir='ltr'><strong>factum</strong></span> <span class='ocrx_word' id='word_1_12' title='bbox 673 167 837 202; x_wconf 88' lang='lat' dir='ltr'><strong>est,(a)cum</strong></span> <span class='ocrx_word' id='word_1_13' title='bbox 854 169 876 198; x_wconf 81' lang='grc' dir='ltr'>Α</span> <span class='ocrx_word' id='word_1_14' title='bbox 891 167 957 194; x_wconf 87' lang='lat' dir='ltr'><strong>urbe</strong></span> <span class='ocrx_word' id='word_1_15' title='bbox 973 167 1007 200; x_wconf 82' lang='grc' dir='ltr'><strong>Χ</strong></span> <span class='ocrx_word' id='word_1_16' title='bbox 1020 165 1071 192; x_wconf 89' lang='lat' dir='ltr'><strong>hac</strong></span> <span class='ocrx_word' id='word_1_17' title='bbox 1089 165 1121 199; x_wconf 75' lang='grc' dir='ltr'><strong>ζ.</strong></span> <span class='ocrx_word' id='word_1_18' title='bbox 1140 167 1168 191; x_wconf 88' lang='lat' dir='ltr'><strong>et</strong></span> <span class='ocrx_word' id='word_1_19' title='bbox 1182 170 1279 190; x_wconf 90' lang='lat' dir='ltr'><strong>manus</strong></span> <span class='ocrx_word' id='word_1_20' title='bbox 1292 162 1381 190; x_wconf 88' lang='lat' dir='ltr'><strong>omnis</strong></span> <span class='ocrx_word' id='word_1_21' title='bbox 1396 161 1500 196; x_wconf 83' lang='lat' dir='ltr'><strong>populi,</strong></span> <span class='ocrx_word' id='word_1_22' title='bbox 1514 161 1629 196; x_wconf 86' lang='lat' dir='ltr'><strong>loquens</strong></span> <span class='ocrx_word' id='word_1_23' title='bbox 1643 161 1678 188; x_wconf 89' lang='lat' dir='ltr'><strong>ad</strong></span> 
     </span>
    </p>
   </div>
   <div class='ocr_carea' id='block_1_5' title="bbox 64 213 842 251">
    <p class='ocr_par' dir='ltr' id='par_1_5' title="bbox 64 213 842 251">
     <span class='ocr_line' id='line_1_5' title="bbox 64 213 842 251; baseline -0.006 -6"><span class='ocrx_word' id='word_1_24' title='bbox 64 216 184 245; x_wconf 75' lang='lat' dir='ltr'><strong>ascendit</strong></span> <span class='ocrx_word' id='word_1_25' title='bbox 196 219 316 251; x_wconf 85' lang='lat' dir='ltr'><strong>potestas</strong></span> <span class='ocrx_word' id='word_1_26' title='bbox 323 215 512 242; x_wconf 66' lang='lat' dir='ltr'><strong>Chaldaeorum</strong></span> <span class='ocrx_word' id='word_1_27' title='bbox 522 222 538 242; x_wconf 91' lang='lat' dir='ltr'><strong>e</strong></span> <span class='ocrx_word' id='word_1_28' title='bbox 554 214 704 242; x_wconf 78' lang='lat' dir='ltr'><strong>Jerusalem</strong></span> <span class='ocrx_word' id='word_1_29' title='bbox 727 213 762 241; x_wconf 87' lang='lat' dir='ltr'><strong>ab</strong></span> <span class='ocrx_word' id='word_1_30' title='bbox 778 217 842 240; x_wconf 89' lang='lat' dir='ltr'><strong>ante</strong></span> 
     </span>
    </p>
   </div>
   <div class='ocr_carea' id='block_1_6' title="bbox 59 258 843 297">
    <p class='ocr_par' dir='ltr' id='par_1_6' title="bbox 59 258 843 297">
     <span class='ocr_line' id='line_1_6' title="bbox 59 258 843 297; baseline -0.005 -7"><span class='ocrx_word' id='word_1_31' title='bbox 59 262 153 290; x_wconf 81' lang='lat' dir='ltr'><strong>faciem</strong></span> <span class='ocrx_word' id='word_1_32' title='bbox 165 261 310 297; x_wconf 68' lang='lat' dir='ltr'><strong>potestatis</strong></span> <span class='ocrx_word' id='word_1_33' title='bbox 320 260 531 293; x_wconf 59' lang='lat' dir='ltr'><strong>Pharaonisﬂﬂ.</strong></span> <span class='ocrx_word' id='word_1_34' title='bbox 542 259 790 288; x_wconf 86' lang='lat' dir='ltr'><strong>ExivitIeremiaex</strong></span> <span class='ocrx_word' id='word_1_35' title='bbox 800 258 843 286; x_wconf 77' lang='lat' dir='ltr'><strong>Ie-</strong></span> 
     </span>
    </p>
   </div>
   <div class='ocr_carea' id='block_1_7' title="bbox 60 304 842 341">
    <p class='ocr_par' dir='ltr' id='par_1_7' title="bbox 60 304 842 341">
     <span class='ocr_line' id='line_1_7' title="bbox 60 304 842 341; baseline -0.005 -6"><span class='ocrx_word' id='word_1_36' title='bbox 60 308 186 341; x_wconf 86' lang='lat' dir='ltr'><strong>rusalem,</strong></span> <span class='ocrx_word' id='word_1_37' title='bbox 199 312 229 335; x_wconf 90' lang='lat' dir='ltr'><strong>ut</strong></span> <span class='ocrx_word' id='word_1_38' title='bbox 240 307 291 335; x_wconf 89' lang='lat' dir='ltr'><strong>iret</strong></span> <span class='ocrx_word' id='word_1_39' title='bbox 299 307 325 334; x_wconf 92' lang='lat' dir='ltr'><strong>in</strong></span> <span class='ocrx_word' id='word_1_40' title='bbox 332 312 431 335; x_wconf 87' lang='lat' dir='ltr'><strong>terram</strong></span> <span class='ocrx_word' id='word_1_41' title='bbox 443 306 594 340; x_wconf 82' lang='lat' dir='ltr'><strong>Beniamin,</strong></span> <span class='ocrx_word' id='word_1_42' title='bbox 603 306 641 341; x_wconf 88' lang='lat' dir='ltr'><strong>(b)</strong></span> <span class='ocrx_word' id='word_1_43' title='bbox 651 310 680 333; x_wconf 93' lang='lat' dir='ltr'><strong>ut</strong></span> <span class='ocrx_word' id='word_1_44' title='bbox 695 309 798 333; x_wconf 78' lang='lat' dir='ltr'><strong>emeret</strong></span> <span class='ocrx_word' id='word_1_45' title='bbox 808 304 842 340; x_wconf 75' lang='grc' dir='ltr'><strong>(ε)</strong></span> 
     </span>
    </p>
   </div>
   <div class='ocr_carea' id='block_1_8' title="bbox 60 350 844 387">
    <p class='ocr_par' dir='ltr' id='par_1_8' title="bbox 60 350 844 387">
     <span class='ocr_line' id='line_1_8' title="bbox 60 350 844 387; baseline -0.005 -7"><span class='ocrx_word' id='word_1_46' title='bbox 60 354 119 380; x_wconf 88' lang='lat' dir='ltr'><strong>inde</strong></span> <span class='ocrx_word' id='word_1_47' title='bbox 137 353 164 380; x_wconf 91' lang='lat' dir='ltr'><strong>in</strong></span> <span class='ocrx_word' id='word_1_48' title='bbox 187 352 277 380; x_wconf 89' lang='lat' dir='ltr'><strong>medio</strong></span> <span class='ocrx_word' id='word_1_49' title='bbox 300 352 402 387; x_wconf 87' lang='lat' dir='ltr'><strong>populi.</strong></span> <span class='ocrx_word' id='word_1_50' title='bbox 431 351 474 378; x_wconf 75' lang='lat' dir='ltr'><strong>I3.</strong></span> <span class='ocrx_word' id='word_1_51' title='bbox 499 351 533 378; x_wconf 88' lang='lat' dir='ltr'><strong>Et</strong></span> <span class='ocrx_word' id='word_1_52' title='bbox 559 350 610 378; x_wconf 88' lang='lat' dir='ltr'><strong>fuit</strong></span> <span class='ocrx_word' id='word_1_53' title='bbox 643 351 700 385; x_wconf 86' lang='lat' dir='ltr'><strong>ipse</strong></span> <span class='ocrx_word' id='word_1_54' title='bbox 719 350 746 376; x_wconf 95' lang='lat' dir='ltr'><strong>in</strong></span> <span class='ocrx_word' id='word_1_55' title='bbox 765 353 844 384; x_wconf 86' lang='lat' dir='ltr'><strong>porta</strong></span> 
     </span>
    </p>
   </div>
   <div class='ocr_carea' id='block_1_9' title="bbox 60 395 843 434">
    <p class='ocr_par' dir='ltr' id='par_1_9' title="bbox 60 395 843 434">
     <span class='ocr_line' id='line_1_9' title="bbox 60 395 843 434; baseline -0.006 -9"><span class='ocrx_word' id='word_1_56' title='bbox 60 399 209 434; x_wconf 86' lang='lat' dir='ltr'><strong>Beniamin,</strong></span> <span class='ocrx_word' id='word_1_57' title='bbox 222 398 261 433; x_wconf 92' lang='lat' dir='ltr'><strong>(d)</strong></span> <span class='ocrx_word' id='word_1_58' title='bbox 274 402 299 425; x_wconf 92' lang='lat' dir='ltr'><strong>et</strong></span> <span class='ocrx_word' id='word_1_59' title='bbox 314 398 351 425; x_wconf 85' lang='lat' dir='ltr'><strong>ibi</strong></span> <span class='ocrx_word' id='word_1_60' title='bbox 367 398 469 430; x_wconf 83' lang='lat' dir='ltr'><strong>homo,</strong></span> <span class='ocrx_word' id='word_1_61' title='bbox 493 396 564 431; x_wconf 87' lang='lat' dir='ltr'><strong>apud</strong></span> <span class='ocrx_word' id='word_1_62' title='bbox 585 403 665 431; x_wconf 86' lang='lat' dir='ltr'><strong>quem</strong></span> <span class='ocrx_word' id='word_1_63' title='bbox 681 395 843 426; x_wconf 87' lang='lat' dir='ltr'><strong>divertehat,</strong></span> 
     </span>
    </p>
   </div>
   <div class='ocr_carea' id='block_1_10' title="bbox 62 439 844 480">
    <p class='ocr_par' dir='ltr' id='par_1_10' title="bbox 62 439 844 480">
     <span class='ocr_line' id='line_1_10' title="bbox 62 439 844 480; baseline -0.006 -9"><span class='ocrx_word' id='word_1_64' title='bbox 62 446 92 480; x_wconf 81' lang='grc' dir='ltr'><strong>Χ</strong></span> <span class='ocrx_word' id='word_1_65' title='bbox 108 444 150 471; x_wconf 88' lang='lat' dir='ltr'><strong>cui</strong></span> <span class='ocrx_word' id='word_1_66' title='bbox 167 451 266 471; x_wconf 83' lang='lat' dir='ltr'><strong>nomen</strong></span> <span class='ocrx_word' id='word_1_67' title='bbox 281 444 292 478; x_wconf 70' lang='grc' dir='ltr'>ζ</span> <span class='ocrx_word' id='word_1_68' title='bbox 311 442 346 478; x_wconf 87' lang='lat' dir='ltr'><strong>(e)</strong></span> <span class='ocrx_word' id='word_1_69' title='bbox 376 442 469 477; x_wconf 84' lang='lat' dir='ltr'><strong>Iaruja</strong></span> <span class='ocrx_word' id='word_1_70' title='bbox 495 442 567 469; x_wconf 84' lang='lat' dir='ltr'><strong>ﬁlius</strong></span> <span class='ocrx_word' id='word_1_71' title='bbox 592 440 715 468; x_wconf 76' lang='lat' dir='ltr'><strong>Sclemia:</strong></span> <span class='ocrx_word' id='word_1_72' title='bbox 730 440 776 467; x_wconf 90' lang='lat' dir='ltr'><strong>lilii</strong></span> <span class='ocrx_word' id='word_1_73' title='bbox 791 439 844 467; x_wconf 89' lang='lat' dir='ltr'><strong>Ila-</strong></span> 
     </span>
    </p>
   </div>
   <div class='ocr_carea' id='block_1_11' title="bbox 60 486 843 524">
    <p class='ocr_par' dir='ltr' id='par_1_11' title="bbox 60 486 843 524">
     <span class='ocr_line' id='line_1_11' title="bbox 60 486 843 524; baseline -0.005 -8"><span class='ocrx_word' id='word_1_74' title='bbox 60 490 146 517; x_wconf 71' lang='lat' dir='ltr'><strong>naniae</strong></span> <span class='ocrx_word' id='word_1_75' title='bbox 161 499 167 516; x_wconf 91' lang='lat'><strong>:</strong></span> <span class='ocrx_word' id='word_1_76' title='bbox 184 493 211 516; x_wconf 87' lang='lat' dir='ltr'><strong>et</strong></span> <span class='ocrx_word' id='word_1_77' title='bbox 223 488 366 524; x_wconf 88' lang='lat' dir='ltr'><strong>prehendit</strong></span> <span class='ocrx_word' id='word_1_78' title='bbox 378 487 524 516; x_wconf 87' lang='lat' dir='ltr'><strong>Ieremiam</strong></span> <span class='ocrx_word' id='word_1_79' title='bbox 540 487 710 522; x_wconf 76' lang='lat' dir='ltr'><strong>prophetam,</strong></span> <span class='ocrx_word' id='word_1_80' title='bbox 731 486 843 513; x_wconf 88' lang='lat' dir='ltr'><strong>dicens:</strong></span> 
     </span>
    </p>
   </div>
   <div class='ocr_carea' id='block_1_12' title="bbox 59 531 843 568">
    <p class='ocr_par' dir='ltr' id='par_1_12' title="bbox 59 531 843 568">
     <span class='ocr_line' id='line_1_12' title="bbox 59 531 843 568; baseline -0.005 -7"><span class='ocrx_word' id='word_1_81' title='bbox 59 534 99 560; x_wconf 81' lang='lat' dir='ltr'><strong>Ad</strong></span> <span class='ocrx_word' id='word_1_82' title='bbox 111 533 253 561; x_wconf 66' lang='lat' dir='ltr'><strong>Chaldaeos</strong></span> <span class='ocrx_word' id='word_1_83' title='bbox 275 533 310 568; x_wconf 71' lang='grc' dir='ltr'><strong>(Γ)</strong></span> <span class='ocrx_word' id='word_1_84' title='bbox 335 538 363 560; x_wconf 98' lang='grc' dir='ltr'><strong>ιιι</strong></span> <span class='ocrx_word' id='word_1_85' title='bbox 388 533 470 568; x_wconf 75' lang='lat' dir='ltr'><strong>fugis.</strong></span> <span class='ocrx_word' id='word_1_86' title='bbox 498 532 540 560; x_wconf 73' lang='grc'><em>14.</em></span> <span class='ocrx_word' id='word_1_87' title='bbox 569 532 602 559; x_wconf 87' lang='lat' dir='ltr'><strong>Et</strong></span> <span class='ocrx_word' id='word_1_88' title='bbox 619 532 687 560; x_wconf 76' lang='lat' dir='ltr'><strong>dixit</strong></span> <span class='ocrx_word' id='word_1_89' title='bbox 707 531 843 558; x_wconf 85' lang='lat' dir='ltr'><strong>Ieremia:</strong></span> 
     </span>
    </p>
   </div>
   <div class='ocr_carea' id='block_1_13' title="bbox 62 576 847 614">
    <p class='ocr_par' dir='ltr' id='par_1_13' title="bbox 62 576 847 614">
     <span class='ocr_line' id='line_1_13' title="bbox 62 576 847 614; baseline -0.005 -7"><span class='ocrx_word' id='word_1_90' title='bbox 62 579 241 612; x_wconf 80' lang='lat' dir='ltr'><strong>Mendacium,</strong></span> <span class='ocrx_word' id='word_1_91' title='bbox 257 587 311 606; x_wconf 93' lang='lat' dir='ltr'><strong>non</strong></span> <span class='ocrx_word' id='word_1_92' title='bbox 325 579 399 614; x_wconf 75' lang='lat' dir='ltr'><strong>fugio</strong></span> <span class='ocrx_word' id='word_1_93' title='bbox 411 579 445 606; x_wconf 86' lang='lat' dir='ltr'><strong>ad</strong></span> <span class='ocrx_word' id='word_1_94' title='bbox 459 577 613 607; x_wconf 62' lang='lat' dir='ltr'><strong>Chaldaeos.</strong></span> <span class='ocrx_word' id='word_1_95' title='bbox 631 577 664 604; x_wconf 89' lang='lat' dir='ltr'><strong>Et</strong></span> <span class='ocrx_word' id='word_1_96' title='bbox 679 585 732 604; x_wconf 85' lang='lat' dir='ltr'><strong>non</strong></span> <span class='ocrx_word' id='word_1_97' title='bbox 745 576 847 604; x_wconf 86' lang='lat' dir='ltr'><strong>audivit</strong></span> 
     </span>
    </p>
   </div>
   <div class='ocr_carea' id='block_1_14' title="bbox 60 622 846 660">
    <p class='ocr_par' dir='ltr' id='par_1_14' title="bbox 60 622 846 660">
     <span class='ocr_line' id='line_1_14' title="bbox 60 622 846 660; baseline -0.006 -7"><span class='ocrx_word' id='word_1_98' title='bbox 60 633 119 652; x_wconf 89' lang='lat' dir='ltr'><strong>eum</strong></span> <span class='ocrx_word' id='word_1_99' title='bbox 134 629 181 652; x_wconf 86' lang='lat' dir='ltr'><strong>:et</strong></span> <span class='ocrx_word' id='word_1_100' title='bbox 196 625 403 660; x_wconf 90' lang='lat' dir='ltr'><strong>comprehendit</strong></span> <span class='ocrx_word' id='word_1_101' title='bbox 422 623 516 658; x_wconf 91' lang='lat' dir='ltr'><strong>Iarnia</strong></span> <span class='ocrx_word' id='word_1_102' title='bbox 541 623 697 653; x_wconf 84' lang='lat' dir='ltr'><strong>Ieremiam,</strong></span> <span class='ocrx_word' id='word_1_103' title='bbox 721 627 747 649; x_wconf 89' lang='lat' dir='ltr'><strong>et</strong></span> <span class='ocrx_word' id='word_1_104' title='bbox 761 622 846 649; x_wconf 92' lang='lat' dir='ltr'><strong>intro-</strong></span> 
     </span>
    </p>
   </div>
   <div class='ocr_carea' id='block_1_15' title="bbox 61 668 848 705">
    <p class='ocr_par' dir='ltr' id='par_1_15' title="bbox 61 668 848 705">
     <span class='ocr_line' id='line_1_15' title="bbox 61 668 848 705; baseline -0.005 -7"><span class='ocrx_word' id='word_1_105' title='bbox 61 671 137 698; x_wconf 83' lang='lat' dir='ltr'><strong>duxit</strong></span> <span class='ocrx_word' id='word_1_106' title='bbox 158 678 219 698; x_wconf 88' lang='lat' dir='ltr'><strong>eum</strong></span> <span class='ocrx_word' id='word_1_107' title='bbox 244 671 277 698; x_wconf 90' lang='lat' dir='ltr'><strong>ad</strong></span> <span class='ocrx_word' id='word_1_108' title='bbox 307 670 453 705; x_wconf 81' lang='lat' dir='ltr'><strong>principes.</strong></span> <span class='ocrx_word' id='word_1_109' title='bbox 482 669 524 697; x_wconf 82' lang='lat' dir='ltr'><strong>I5.</strong></span> <span class='ocrx_word' id='word_1_110' title='bbox 555 669 587 696; x_wconf 85' lang='lat' dir='ltr'><strong>Et</strong></span> <span class='ocrx_word' id='word_1_111' title='bbox 617 668 770 696; x_wconf 85' lang='lat' dir='ltr'><strong>exacerbati</strong></span> <span class='ocrx_word' id='word_1_112' title='bbox 785 671 848 695; x_wconf 91' lang='lat' dir='ltr'><strong>sunt</strong></span> 
     </span>
    </p>
   </div>
   <div class='ocr_carea' id='block_1_16' title="bbox 62 714 848 750">
    <p class='ocr_par' dir='ltr' id='par_1_16' title="bbox 62 714 848 750">
     <span class='ocr_line' id='line_1_16' title="bbox 62 714 848 750; baseline -0.003 -8"><span class='ocrx_word' id='word_1_113' title='bbox 62 716 197 750; x_wconf 86' lang='lat' dir='ltr'><strong>principes</strong></span> <span class='ocrx_word' id='word_1_114' title='bbox 211 723 292 750; x_wconf 81' lang='lat' dir='ltr'><strong>super</strong></span> <span class='ocrx_word' id='word_1_115' title='bbox 305 714 464 747; x_wconf 86' lang='lat' dir='ltr'><strong>Ieremiam,</strong></span> <span class='ocrx_word' id='word_1_116' title='bbox 480 720 505 743; x_wconf 88' lang='lat' dir='ltr'><strong>et</strong></span> <span class='ocrx_word' id='word_1_117' title='bbox 522 717 716 750; x_wconf 81' lang='lat' dir='ltr'><strong>percusserunt</strong></span> <span class='ocrx_word' id='word_1_118' title='bbox 732 721 807 746; x_wconf 89' lang='lat' dir='ltr'><strong>eum,</strong></span> <span class='ocrx_word' id='word_1_119' title='bbox 821 718 848 740; x_wconf 90' lang='lat' dir='ltr'><strong>et</strong></span> 
     </span>
    </p>
   </div>
   <div class='ocr_carea' id='block_1_17' title="bbox 63 758 846 795">
    <p class='ocr_par' dir='ltr' id='par_1_17' title="bbox 63 758 846 795">
     <span class='ocr_line' id='line_1_17' title="bbox 63 758 846 795; baseline -0.004 -7"><span class='ocrx_word' id='word_1_120' title='bbox 63 762 231 788; x_wconf 86' lang='lat' dir='ltr'><strong>tradiderunt</strong></span> <span class='ocrx_word' id='word_1_121' title='bbox 245 761 385 795; x_wconf 74' lang='grc' dir='ltr'>ευιιιΧὶη</span> <span class='ocrx_word' id='word_1_122' title='bbox 399 761 510 788; x_wconf 91' lang='lat' dir='ltr'><strong>domum</strong></span> <span class='ocrx_word' id='word_1_123' title='bbox 526 761 645 788; x_wconf 85' lang='lat' dir='ltr'><strong>carceris</strong></span> <span class='ocrx_word' id='word_1_124' title='bbox 659 759 669 793; x_wconf 70' lang='grc' dir='ltr'><strong><em>ξ</em></strong></span> <span class='ocrx_word' id='word_1_125' title='bbox 685 759 713 786; x_wconf 93' lang='lat' dir='ltr'><strong>in</strong></span> <span class='ocrx_word' id='word_1_126' title='bbox 734 758 846 786; x_wconf 85' lang='lat' dir='ltr'><strong>domum</strong></span> 
     </span>
    </p>
   </div>
   <div class='ocr_carea' id='block_1_18' title="bbox 62 804 848 841">
    <p class='ocr_par' dir='ltr' id='par_1_18' title="bbox 62 804 848 841">
     <span class='ocr_line' id='line_1_18' title="bbox 62 804 848 841; baseline -0.004 -7"><span class='ocrx_word' id='word_1_127' title='bbox 62 806 220 834; x_wconf 86' lang='lat' dir='ltr'><strong>Ionathanis</strong></span> <span class='ocrx_word' id='word_1_128' title='bbox 236 806 349 839; x_wconf 73' lang='lat' dir='ltr'><strong>scribae;</strong></span> <span class='ocrx_word' id='word_1_129' title='bbox 370 806 434 841; x_wconf 87' lang='lat' dir='ltr'><strong>quia</strong></span> <span class='ocrx_word' id='word_1_130' title='bbox 450 806 561 834; x_wconf 91' lang='lat' dir='ltr'><strong>domum</strong></span> <span class='ocrx_word' id='word_1_131' title='bbox 583 805 644 840; x_wconf 87' lang='lat' dir='ltr'><strong>eius</strong></span> <span class='ocrx_word' id='word_1_132' title='bbox 664 804 785 832; x_wconf 84' lang='lat' dir='ltr'><strong>fecerant</strong></span> <span class='ocrx_word' id='word_1_133' title='bbox 800 804 848 831; x_wconf 89' lang='lat' dir='ltr'><strong>do-</strong></span> 
     </span>
    </p>
   </div>
   <div class='ocr_carea' id='block_1_19' title="bbox 63 849 848 887">
    <p class='ocr_par' dir='ltr' id='par_1_19' title="bbox 63 849 848 887">
     <span class='ocr_line' id='line_1_19' title="bbox 63 849 848 887; baseline -0.004 -8"><span class='ocrx_word' id='word_1_134' title='bbox 63 860 136 879; x_wconf 87' lang='lat' dir='ltr'><strong>mum</strong></span> <span class='ocrx_word' id='word_1_135' title='bbox 159 852 301 879; x_wconf 66' lang='lat' dir='ltr'><strong>custodiaa.</strong></span> <span class='ocrx_word' id='word_1_136' title='bbox 323 852 366 879; x_wconf 75' lang='lat' dir='ltr'><strong>I6.</strong></span> <span class='ocrx_word' id='word_1_137' title='bbox 393 852 430 887; x_wconf 88' lang='lat' dir='ltr'><strong>(g)</strong></span> <span class='ocrx_word' id='word_1_138' title='bbox 449 851 519 884; x_wconf 87' lang='lat' dir='ltr'><strong>Quia</strong></span> <span class='ocrx_word' id='word_1_139' title='bbox 538 851 576 886; x_wconf 85' lang='grc' dir='ltr'><strong>(Ιι)</strong></span> <span class='ocrx_word' id='word_1_140' title='bbox 598 850 671 878; x_wconf 80' lang='lat' dir='ltr'><strong>venit</strong></span> <span class='ocrx_word' id='word_1_141' title='bbox 687 849 804 878; x_wconf 89' lang='lat' dir='ltr'><strong>Ieremia</strong></span> <span class='ocrx_word' id='word_1_142' title='bbox 821 850 848 876; x_wconf 93' lang='lat' dir='ltr'><strong>in</strong></span> 
     </span>
    </p>
   </div>
   <div class='ocr_carea' id='block_1_20' title="bbox 62 893 850 931">
    <p class='ocr_par' dir='ltr' id='par_1_20' title="bbox 62 893 850 931">
     <span class='ocr_line' id='line_1_20' title="bbox 62 893 850 931; baseline -0.004 -8"><span class='ocrx_word' id='word_1_143' title='bbox 62 896 174 923; x_wconf 87' lang='lat' dir='ltr'><strong>domum</strong></span> <span class='ocrx_word' id='word_1_144' title='bbox 189 895 286 928; x_wconf 69' lang='lat' dir='ltr'><strong>fovete,</strong></span> <span class='ocrx_word' id='word_1_145' title='bbox 297 899 324 923; x_wconf 90' lang='lat' dir='ltr'><strong>et</strong></span> <span class='ocrx_word' id='word_1_146' title='bbox 340 895 371 931; x_wconf 84' lang='lat' dir='ltr'><strong>(i)</strong></span> <span class='ocrx_word' id='word_1_147' title='bbox 385 896 412 923; x_wconf 91' lang='lat' dir='ltr'><strong>in</strong></span> <span class='ocrx_word' id='word_1_148' title='bbox 429 895 547 931; x_wconf 77' lang='lat' dir='ltr'><strong>Aniuth:</strong></span> <span class='ocrx_word' id='word_1_149' title='bbox 565 899 591 922; x_wconf 86' lang='lat' dir='ltr'><strong>et</strong></span> <span class='ocrx_word' id='word_1_150' title='bbox 606 894 676 922; x_wconf 84' lang='lat' dir='ltr'><strong>sedit</strong></span> <span class='ocrx_word' id='word_1_151' title='bbox 687 894 724 922; x_wconf 90' lang='lat' dir='ltr'><strong>ibi</strong></span> <span class='ocrx_word' id='word_1_152' title='bbox 734 893 850 921; x_wconf 86' lang='lat' dir='ltr'><strong>Ieremia</strong></span> 
     </span>
    </p>
   </div>
   <div class='ocr_carea' id='block_1_21' title="bbox 62 939 851 974">
    <p class='ocr_par' dir='ltr' id='par_1_21' title="bbox 62 939 851 974">
     <span class='ocr_line' id='line_1_21' title="bbox 62 939 851 974; baseline -0.003 -5"><span class='ocrx_word' id='word_1_153' title='bbox 62 942 157 970; x_wconf 86' lang='lat' dir='ltr'><strong>diebus</strong></span> <span class='ocrx_word' id='word_1_154' title='bbox 174 941 279 969; x_wconf 84' lang='lat' dir='ltr'><strong>multis.</strong></span> <span class='ocrx_word' id='word_1_155' title='bbox 296 941 339 968; x_wconf 82' lang='lat' dir='ltr'><strong>I7.</strong></span> <span class='ocrx_word' id='word_1_156' title='bbox 359 941 391 969; x_wconf 85' lang='lat' dir='ltr'><strong>Et</strong></span> <span class='ocrx_word' id='word_1_157' title='bbox 411 941 487 969; x_wconf 83' lang='lat' dir='ltr'><strong>misit</strong></span> <span class='ocrx_word' id='word_1_158' title='bbox 503 948 550 968; x_wconf 92' lang='lat' dir='ltr'><strong>rex</strong></span> <span class='ocrx_word' id='word_1_159' title='bbox 571 940 695 972; x_wconf 82' lang='lat' dir='ltr'><strong>Sedecia,</strong></span> <span class='ocrx_word' id='word_1_160' title='bbox 707 939 742 974; x_wconf 78' lang='lat' dir='ltr'><strong>(It)</strong></span> <span class='ocrx_word' id='word_1_161' title='bbox 758 943 785 966; x_wconf 89' lang='lat' dir='ltr'><strong>et</strong></span> <span class='ocrx_word' id='word_1_162' title='bbox 804 946 851 967; x_wconf 84' lang='lat' dir='ltr'><strong>vo-</strong></span> 
     </span>
    </p>
   </div>
   <div class='ocr_carea' id='block_1_22' title="bbox 63 985 848 1022">
    <p class='ocr_par' dir='ltr' id='par_1_22' title="bbox 63 985 848 1022">
     <span class='ocr_line' id='line_1_22' title="bbox 63 985 848 1022; baseline -0.004 -7"><span class='ocrx_word' id='word_1_163' title='bbox 63 988 134 1015; x_wconf 82' lang='lat' dir='ltr'><strong>cavit</strong></span> <span class='ocrx_word' id='word_1_164' title='bbox 146 995 220 1020; x_wconf 87' lang='lat' dir='ltr'><strong>eum,</strong></span> <span class='ocrx_word' id='word_1_165' title='bbox 230 989 263 1022; x_wconf 84' lang='grc' dir='ltr'><strong>Χ</strong></span> <span class='ocrx_word' id='word_1_166' title='bbox 274 987 486 1022; x_wconf 72' lang='lat' dir='ltr'><strong>etinterrogavit</strong></span> <span class='ocrx_word' id='word_1_167' title='bbox 498 994 560 1014; x_wconf 89' lang='lat' dir='ltr'><strong>eum</strong></span> <span class='ocrx_word' id='word_1_168' title='bbox 576 994 624 1014; x_wconf 87' lang='lat' dir='ltr'><strong>rex</strong></span> <span class='ocrx_word' id='word_1_169' title='bbox 641 986 668 1013; x_wconf 90' lang='lat' dir='ltr'><strong>in</strong></span> <span class='ocrx_word' id='word_1_170' title='bbox 682 985 764 1013; x_wconf 88' lang='lat' dir='ltr'><strong>domo</strong></span> <span class='ocrx_word' id='word_1_171' title='bbox 779 985 848 1018; x_wconf 67' lang='lat' dir='ltr'><strong>sua:</strong></span> 
     </span>
    </p>
   </div>
   <div class='ocr_carea' id='block_1_23' title="bbox 64 1029 852 1064">
    <p class='ocr_par' dir='ltr' id='par_1_23' title="bbox 64 1029 852 1064">
     <span class='ocr_line' id='line_1_23' title="bbox 64 1029 852 1064; baseline -0.004 -5"><span class='ocrx_word' id='word_1_172' title='bbox 64 1032 145 1064; x_wconf 85' lang='lat' dir='ltr'><strong>clam,</strong></span> <span class='ocrx_word' id='word_1_173' title='bbox 163 1037 190 1059; x_wconf 93' lang='lat' dir='ltr'><strong>et</strong></span> <span class='ocrx_word' id='word_1_174' title='bbox 205 1032 274 1059; x_wconf 80' lang='lat' dir='ltr'><strong>dixit</strong></span> <span class='ocrx_word' id='word_1_175' title='bbox 290 1033 314 1059; x_wconf 92' lang='lat' dir='ltr'><strong>ei</strong></span> <span class='ocrx_word' id='word_1_176' title='bbox 328 1041 335 1059; x_wconf 88' lang='lat'><strong>:</strong></span> <span class='ocrx_word' id='word_1_177' title='bbox 355 1032 383 1059; x_wconf 83' lang='lat' dir='ltr'><strong>Si</strong></span> <span class='ocrx_word' id='word_1_178' title='bbox 395 1036 436 1059; x_wconf 89' lang='lat' dir='ltr'><strong>est</strong></span> <span class='ocrx_word' id='word_1_179' title='bbox 447 1031 559 1059; x_wconf 84' lang='lat' dir='ltr'><strong>verbum</strong></span> <span class='ocrx_word' id='word_1_180' title='bbox 574 1039 589 1058; x_wconf 90' lang='lat' dir='ltr'><strong>a</strong></span> <span class='ocrx_word' id='word_1_181' title='bbox 605 1030 774 1058; x_wconf 66' lang='lat' dir='ltr'><strong>Dominoiet</strong></span> <span class='ocrx_word' id='word_1_182' title='bbox 784 1029 852 1057; x_wconf 89' lang='lat' dir='ltr'><strong>dixit</strong></span> 
     </span>
    </p>
   </div>
   <div class='ocr_carea' id='block_1_24' title="bbox 63 1074 851 1111">
    <p class='ocr_par' dir='ltr' id='par_1_24' title="bbox 63 1074 851 1111">
     <span class='ocr_line' id='line_1_24' title="bbox 63 1074 851 1111; baseline -0.004 -7"><span class='ocrx_word' id='word_1_183' title='bbox 63 1077 181 1104; x_wconf 89' lang='lat' dir='ltr'><strong>Ieremia</strong></span> <span class='ocrx_word' id='word_1_184' title='bbox 196 1084 203 1103; x_wconf 71' lang='grc' dir='ltr'><em>τ</em></span> <span class='ocrx_word' id='word_1_185' title='bbox 219 1077 286 1110; x_wconf 86' lang='lat' dir='ltr'><strong>Est;</strong></span> <span class='ocrx_word' id='word_1_186' title='bbox 299 1078 333 1111; x_wconf 91' lang='grc' dir='ltr'><strong>Χ</strong></span> <span class='ocrx_word' id='word_1_187' title='bbox 345 1082 371 1105; x_wconf 83' lang='lat' dir='ltr'><strong>et</strong></span> <span class='ocrx_word' id='word_1_188' title='bbox 387 1077 456 1104; x_wconf 91' lang='lat' dir='ltr'><strong>dixit</strong></span> <span class='ocrx_word' id='word_1_189' title='bbox 470 1077 480 1110; x_wconf 69' lang='grc' dir='ltr'>ζ</span> <span class='ocrx_word' id='word_1_190' title='bbox 497 1086 504 1104; x_wconf 86' lang='lat'><strong>:</strong></span> <span class='ocrx_word' id='word_1_191' title='bbox 519 1076 547 1103; x_wconf 93' lang='lat' dir='ltr'><strong>In</strong></span> <span class='ocrx_word' id='word_1_192' title='bbox 563 1083 661 1104; x_wconf 89' lang='lat' dir='ltr'><strong>manus</strong></span> <span class='ocrx_word' id='word_1_193' title='bbox 682 1075 753 1109; x_wconf 76' lang='lat' dir='ltr'><strong>regis</strong></span> <span class='ocrx_word' id='word_1_194' title='bbox 764 1074 851 1109; x_wconf 79' lang='lat' dir='ltr'><strong>Baby—</strong></span> 
     </span>
    </p>
   </div>
   <div class='ocr_carea' id='block_1_25' title="bbox 64 1119 852 1155">
    <p class='ocr_par' dir='ltr' id='par_1_25' title="bbox 64 1119 852 1155">
     <span class='ocr_line' id='line_1_25' title="bbox 64 1119 852 1155; baseline -0.004 -6"><span class='ocrx_word' id='word_1_195' title='bbox 64 1123 135 1150; x_wconf 87' lang='lat' dir='ltr'><strong>lonis</strong></span> <span class='ocrx_word' id='word_1_196' title='bbox 153 1123 279 1150; x_wconf 87' lang='lat' dir='ltr'><strong>traderis.</strong></span> <span class='ocrx_word' id='word_1_197' title='bbox 303 1123 346 1150; x_wconf 89' lang='lat' dir='ltr'><strong>I8.</strong></span> <span class='ocrx_word' id='word_1_198' title='bbox 368 1121 402 1149; x_wconf 83' lang='lat' dir='ltr'><strong>Et</strong></span> <span class='ocrx_word' id='word_1_199' title='bbox 418 1122 486 1150; x_wconf 88' lang='lat' dir='ltr'><strong>dixit</strong></span> <span class='ocrx_word' id='word_1_200' title='bbox 509 1121 627 1149; x_wconf 88' lang='lat' dir='ltr'><strong>Ieremia</strong></span> <span class='ocrx_word' id='word_1_201' title='bbox 655 1119 852 1155; x_wconf 60' lang='lat' dir='ltr'><strong>regiXSede—</strong></span> 
     </span>
    </p>
   </div>
   <div class='ocr_carea' id='block_1_26' title="bbox 64 1163 853 1202">
    <p class='ocr_par' dir='ltr' id='par_1_26' title="bbox 64 1163 853 1202">
     <span class='ocr_line' id='line_1_26' title="bbox 64 1163 853 1202; baseline -0.005 -8"><span class='ocrx_word' id='word_1_202' title='bbox 64 1167 113 1194; x_wconf 72' lang='lat' dir='ltr'><strong>ciae</strong></span> <span class='ocrx_word' id='word_1_203' title='bbox 131 1166 206 1202; x_wconf 67' lang='lat' dir='ltr'><strong>::(l)</strong></span> <span class='ocrx_word' id='word_1_204' title='bbox 221 1166 292 1199; x_wconf 85' lang='lat' dir='ltr'><strong>Quid</strong></span> <span class='ocrx_word' id='word_1_205' title='bbox 323 1166 415 1200; x_wconf 90' lang='lat' dir='ltr'><strong>inique</strong></span> <span class='ocrx_word' id='word_1_206' title='bbox 432 1166 473 1201; x_wconf 77' lang='lat' dir='ltr'><strong>egi</strong></span> <span class='ocrx_word' id='word_1_207' title='bbox 491 1165 555 1198; x_wconf 87' lang='lat' dir='ltr'><strong>tibi,</strong></span> <span class='ocrx_word' id='word_1_208' title='bbox 579 1169 605 1192; x_wconf 89' lang='lat' dir='ltr'><strong>et</strong></span> <span class='ocrx_word' id='word_1_209' title='bbox 632 1164 718 1192; x_wconf 85' lang='lat' dir='ltr'><strong>servis</strong></span> <span class='ocrx_word' id='word_1_210' title='bbox 738 1163 803 1195; x_wconf 86' lang='lat' dir='ltr'><strong>tuis,</strong></span> <span class='ocrx_word' id='word_1_211' title='bbox 826 1167 853 1190; x_wconf 87' lang='lat' dir='ltr'><strong>et</strong></span> 
     </span>
    </p>
   </div>
   <div class='ocr_carea' id='block_1_27' title="bbox 65 1209 852 1247">
    <p class='ocr_par' dir='ltr' id='par_1_27' title="bbox 65 1209 852 1247">
     <span class='ocr_line' id='line_1_27' title="bbox 65 1209 852 1247; baseline -0.004 -9"><span class='ocrx_word' id='word_1_212' title='bbox 65 1212 166 1247; x_wconf 89' lang='lat' dir='ltr'><strong>populo</strong></span> <span class='ocrx_word' id='word_1_213' title='bbox 184 1212 257 1244; x_wconf 90' lang='lat' dir='ltr'><strong>huic,</strong></span> <span class='ocrx_word' id='word_1_214' title='bbox 274 1210 321 1247; x_wconf 72' lang='grc' dir='ltr'><strong>(γη)</strong></span> <span class='ocrx_word' id='word_1_215' title='bbox 337 1211 401 1246; x_wconf 89' lang='lat' dir='ltr'><strong>quia</strong></span> <span class='ocrx_word' id='word_1_216' title='bbox 415 1215 443 1238; x_wconf 88' lang='lat' dir='ltr'><strong>tu</strong></span> <span class='ocrx_word' id='word_1_217' title='bbox 459 1210 508 1238; x_wconf 92' lang='lat' dir='ltr'><strong>das</strong></span> <span class='ocrx_word' id='word_1_218' title='bbox 522 1217 566 1237; x_wconf 90' lang='lat' dir='ltr'><strong>me</strong></span> <span class='ocrx_word' id='word_1_219' title='bbox 588 1210 614 1236; x_wconf 92' lang='lat' dir='ltr'><strong>in</strong></span> <span class='ocrx_word' id='word_1_220' title='bbox 631 1209 741 1236; x_wconf 87' lang='lat' dir='ltr'><strong>domum</strong></span> <span class='ocrx_word' id='word_1_221' title='bbox 758 1215 852 1236; x_wconf 87' lang='lat' dir='ltr'><strong>carce-</strong></span> 
     </span>
    </p>
   </div>
   <div class='ocr_carea' id='block_1_28' title="bbox 65 1254 853 1291">
    <p class='ocr_par' dir='ltr' id='par_1_28' title="bbox 65 1254 853 1291">
     <span class='ocr_line' id='line_1_28' title="bbox 65 1254 853 1291; baseline -0.005 -7"><span class='ocrx_word' id='word_1_222' title='bbox 65 1257 123 1285; x_wconf 76' lang='lat' dir='ltr'><strong>ris?</strong></span> <span class='ocrx_word' id='word_1_223' title='bbox 144 1257 184 1284; x_wconf 88' lang='lat' dir='ltr'><strong>I9.</strong></span> <span class='ocrx_word' id='word_1_224' title='bbox 199 1256 231 1284; x_wconf 85' lang='lat' dir='ltr'><strong>Et</strong></span> <span class='ocrx_word' id='word_1_225' title='bbox 249 1257 295 1284; x_wconf 89' lang='lat' dir='ltr'><strong>ubi</strong></span> <span class='ocrx_word' id='word_1_226' title='bbox 317 1260 380 1284; x_wconf 93' lang='lat' dir='ltr'><strong>sunt</strong></span> <span class='ocrx_word' id='word_1_227' title='bbox 405 1257 543 1291; x_wconf 73' lang='lat' dir='ltr'><strong>prophetae</strong></span> <span class='ocrx_word' id='word_1_228' title='bbox 566 1254 659 1288; x_wconf 88' lang='lat' dir='ltr'><strong>vestri,</strong></span> <span class='ocrx_word' id='word_1_229' title='bbox 671 1254 717 1290; x_wconf 92' lang='lat' dir='ltr'><strong>qui</strong></span> <span class='ocrx_word' id='word_1_230' title='bbox 737 1254 853 1289; x_wconf 90' lang='lat' dir='ltr'><strong>prophe-</strong></span> 
     </span>
    </p>
   </div>
   <div class='ocr_carea' id='block_1_29' title="bbox 66 1298 853 1335">
    <p class='ocr_par' dir='ltr' id='par_1_29' title="bbox 66 1298 853 1335">
     <span class='ocr_line' id='line_1_29' title="bbox 66 1298 853 1335; baseline -0.005 -6"><span class='ocrx_word' id='word_1_231' title='bbox 66 1306 159 1329; x_wconf 87' lang='lat' dir='ltr'><strong>tarunt</strong></span> <span class='ocrx_word' id='word_1_232' title='bbox 176 1301 264 1333; x_wconf 89' lang='lat' dir='ltr'><strong>vobis,</strong></span> <span class='ocrx_word' id='word_1_233' title='bbox 279 1301 412 1333; x_wconf 88' lang='lat' dir='ltr'><strong>dicentes,</strong></span> <span class='ocrx_word' id='word_1_234' title='bbox 431 1300 504 1335; x_wconf 87' lang='lat' dir='ltr'><strong>quod</strong></span> <span class='ocrx_word' id='word_1_235' title='bbox 529 1307 582 1327; x_wconf 92' lang='lat' dir='ltr'><strong>non</strong></span> <span class='ocrx_word' id='word_1_236' title='bbox 600 1300 689 1327; x_wconf 88' lang='lat' dir='ltr'><strong>veniet</strong></span> <span class='ocrx_word' id='word_1_237' title='bbox 704 1306 750 1326; x_wconf 83' lang='lat' dir='ltr'><strong>rex</strong></span> <span class='ocrx_word' id='word_1_238' title='bbox 767 1298 853 1334; x_wconf 78' lang='lat' dir='ltr'><strong>Baby-</strong></span> 
     </span>
    </p>
   </div>
   <div class='ocr_carea' id='block_1_30' title="bbox 66 1343 854 1382">
    <p class='ocr_par' dir='ltr' id='par_1_30' title="bbox 66 1343 854 1382">
     <span class='ocr_line' id='line_1_30' title="bbox 66 1343 854 1382; baseline -0.003 -9"><span class='ocrx_word' id='word_1_239' title='bbox 66 1347 139 1375; x_wconf 87' lang='lat' dir='ltr'><strong>lonis</strong></span> <span class='ocrx_word' id='word_1_240' title='bbox 153 1354 234 1382; x_wconf 88' lang='lat' dir='ltr'><strong>super</strong></span> <span class='ocrx_word' id='word_1_241' title='bbox 248 1354 307 1380; x_wconf 90' lang='lat' dir='ltr'><strong>vos,</strong></span> <span class='ocrx_word' id='word_1_242' title='bbox 320 1346 358 1382; x_wconf 85' lang='grc' dir='ltr'><strong>(η)</strong></span> <span class='ocrx_word' id='word_1_243' title='bbox 372 1354 454 1381; x_wconf 89' lang='lat' dir='ltr'><strong>super</strong></span> <span class='ocrx_word' id='word_1_244' title='bbox 468 1350 567 1373; x_wconf 90' lang='lat' dir='ltr'><strong>terram</strong></span> <span class='ocrx_word' id='word_1_245' title='bbox 577 1345 666 1373; x_wconf 79' lang='lat' dir='ltr'><strong>hanc?</strong></span> <span class='ocrx_word' id='word_1_246' title='bbox 678 1343 723 1372; x_wconf 70' lang='lat'><strong>20.</strong></span> <span class='ocrx_word' id='word_1_247' title='bbox 739 1343 771 1372; x_wconf 83' lang='lat' dir='ltr'><strong>Et</strong></span> <span class='ocrx_word' id='word_1_248' title='bbox 781 1351 854 1371; x_wconf 93' lang='lat' dir='ltr'><strong>nunc</strong></span> 
     </span>
    </p>
   </div>
   <div class='ocr_carea' id='block_1_31' title="bbox 66 1390 853 1428">
    <p class='ocr_par' dir='ltr' id='par_1_31' title="bbox 66 1390 853 1428">
     <span class='ocr_line' id='line_1_31' title="bbox 66 1390 853 1428; baseline -0.003 -8"><span class='ocrx_word' id='word_1_249' title='bbox 66 1393 141 1425; x_wconf 83' lang='lat' dir='ltr'><strong>audi,</strong></span> <span class='ocrx_word' id='word_1_250' title='bbox 153 1395 187 1428; x_wconf 83' lang='grc' dir='ltr'><strong>Χ</strong></span> <span class='ocrx_word' id='word_1_251' title='bbox 199 1400 303 1428; x_wconf 75' lang='lat' dir='ltr'><strong>quaeso,</strong></span> <span class='ocrx_word' id='word_1_252' title='bbox 322 1392 346 1426; x_wconf 72' lang='grc' dir='ltr'><em>ζ,</em></span> <span class='ocrx_word' id='word_1_253' title='bbox 362 1392 471 1420; x_wconf 86' lang='lat' dir='ltr'><strong>domine</strong></span> <span class='ocrx_word' id='word_1_254' title='bbox 483 1392 533 1424; x_wconf 87' lang='lat' dir='ltr'><strong>mi,</strong></span> <span class='ocrx_word' id='word_1_255' title='bbox 545 1399 593 1419; x_wconf 93' lang='lat' dir='ltr'><strong>rex</strong></span> <span class='ocrx_word' id='word_1_256' title='bbox 608 1401 614 1418; x_wconf 90' lang='lat'><strong>:</strong></span> <span class='ocrx_word' id='word_1_257' title='bbox 632 1391 753 1425; x_wconf 63' lang='lat' dir='ltr'><strong>cadatx</strong></span> <span class='ocrx_word' id='word_1_258' title='bbox 765 1390 853 1424; x_wconf 70' lang='lat' dir='ltr'><strong>nunc:</strong></span> 
     </span>
    </p>
   </div>
   <div class='ocr_carea' id='block_1_32' title="bbox 67 1437 856 1474">
    <p class='ocr_par' dir='ltr' id='par_1_32' title="bbox 67 1437 856 1474">
     <span class='ocr_line' id='line_1_32' title="bbox 67 1437 856 1474; baseline -0.004 -7"><span class='ocrx_word' id='word_1_259' title='bbox 67 1440 106 1474; x_wconf 88' lang='grc' dir='ltr'><strong>(ο)</strong></span> <span class='ocrx_word' id='word_1_260' title='bbox 121 1439 279 1474; x_wconf 85' lang='lat' dir='ltr'><strong>deprecatio</strong></span> <span class='ocrx_word' id='word_1_261' title='bbox 294 1446 354 1466; x_wconf 88' lang='lat' dir='ltr'><strong>mea</strong></span> <span class='ocrx_word' id='word_1_262' title='bbox 370 1443 432 1466; x_wconf 83' lang='lat' dir='ltr'><strong>ante</strong></span> <span class='ocrx_word' id='word_1_263' title='bbox 449 1437 546 1466; x_wconf 83' lang='lat' dir='ltr'><strong>faciem</strong></span> <span class='ocrx_word' id='word_1_264' title='bbox 563 1443 636 1465; x_wconf 89' lang='lat' dir='ltr'><strong>tuam</strong></span> <span class='ocrx_word' id='word_1_265' title='bbox 650 1446 657 1464; x_wconf 89' lang='lat'><strong>:</strong></span> <span class='ocrx_word' id='word_1_266' title='bbox 673 1437 712 1472; x_wconf 86' lang='lat' dir='ltr'><strong>(p)</strong></span> <span class='ocrx_word' id='word_1_267' title='bbox 732 1441 760 1464; x_wconf 91' lang='lat' dir='ltr'><strong>et</strong></span> <span class='ocrx_word' id='word_1_268' title='bbox 770 1444 856 1472; x_wconf 86' lang='lat' dir='ltr'><strong>quare</strong></span> 
     </span>
    </p>
   </div>
   <div class='ocr_carea' id='block_1_33' title="bbox 892 206 1680 246">
    <p class='ocr_par' dir='ltr' id='par_1_33' title="bbox 892 206 1680 246">
     <span class='ocr_line' id='line_1_33' title="bbox 892 206 1680 246; baseline -0.006 -7"><span class='ocrx_word' id='word_1_269' title='bbox 892 219 940 240; x_wconf 89' lang='lat' dir='ltr'><strong>eos</strong></span> <span class='ocrx_word' id='word_1_270' title='bbox 952 211 1028 246; x_wconf 84' lang='lat' dir='ltr'><strong>juxta</strong></span> <span class='ocrx_word' id='word_1_271' title='bbox 1041 211 1121 238; x_wconf 88' lang='lat' dir='ltr'><strong>verba</strong></span> <span class='ocrx_word' id='word_1_272' title='bbox 1137 210 1203 237; x_wconf 68' lang='lat' dir='ltr'><strong>haec.</strong></span> <span class='ocrx_word' id='word_1_273' title='bbox 1217 208 1286 242; x_wconf 85' lang='lat' dir='ltr'><strong>Quia</strong></span> <span class='ocrx_word' id='word_1_274' title='bbox 1311 208 1392 235; x_wconf 88' lang='lat' dir='ltr'><strong>homo</strong></span> <span class='ocrx_word' id='word_1_275' title='bbox 1417 207 1460 234; x_wconf 85' lang='lat' dir='ltr'><strong>hie</strong></span> <span class='ocrx_word' id='word_1_276' title='bbox 1475 206 1515 242; x_wconf 69' lang='grc' dir='ltr'><strong>(π)</strong></span> <span class='ocrx_word' id='word_1_277' title='bbox 1539 214 1594 234; x_wconf 88' lang='lat' dir='ltr'><strong>non</strong></span> <span class='ocrx_word' id='word_1_278' title='bbox 1610 207 1680 234; x_wconf 85' lang='lat' dir='ltr'><strong>vati-</strong></span> 
     </span>
    </p>
   </div>
   <div class='ocr_carea' id='block_1_34' title="bbox 894 253 1681 292">
    <p class='ocr_par' dir='ltr' id='par_1_34' title="bbox 894 253 1681 292">
     <span class='ocr_line' id='line_1_34' title="bbox 894 253 1681 292; baseline -0.008 -7"><span class='ocrx_word' id='word_1_279' title='bbox 894 258 1002 286; x_wconf 86' lang='lat' dir='ltr'><strong>cinatur</strong></span> <span class='ocrx_word' id='word_1_280' title='bbox 1015 264 1109 292; x_wconf 88' lang='lat' dir='ltr'><strong>pacem</strong></span> <span class='ocrx_word' id='word_1_281' title='bbox 1129 255 1230 291; x_wconf 91' lang='lat' dir='ltr'><strong>populo</strong></span> <span class='ocrx_word' id='word_1_282' title='bbox 1251 254 1327 287; x_wconf 84' lang='lat' dir='ltr'><strong>huic,</strong></span> <span class='ocrx_word' id='word_1_283' title='bbox 1350 253 1396 282; x_wconf 90' lang='lat' dir='ltr'><strong>sed</strong></span> <span class='ocrx_word' id='word_1_284' title='bbox 1421 253 1502 280; x_wconf 84' lang='lat' dir='ltr'><strong>mala.</strong></span> <span class='ocrx_word' id='word_1_285' title='bbox 1526 253 1552 280; x_wconf 81' lang='grc'><em>5.</em></span> <span class='ocrx_word' id='word_1_286' title='bbox 1566 253 1600 280; x_wconf 78' lang='lat' dir='ltr'><strong>Et</strong></span> <span class='ocrx_word' id='word_1_287' title='bbox 1611 253 1681 280; x_wconf 84' lang='lat' dir='ltr'><strong>dixit</strong></span> 
     </span>
    </p>
   </div>
   <div class='ocr_carea' id='block_1_35' title="bbox 895 299 1681 334">
    <p class='ocr_par' dir='ltr' id='par_1_35' title="bbox 895 299 1681 334">
     <span class='ocr_line' id='line_1_35' title="bbox 895 299 1681 334; baseline -0.006 -3"><span class='ocrx_word' id='word_1_288' title='bbox 895 312 943 332; x_wconf 91' lang='lat' dir='ltr'><strong>rex</strong></span> <span class='ocrx_word' id='word_1_289' title='bbox 963 303 1096 330; x_wconf 83' lang='lat' dir='ltr'><strong>Sedecia:</strong></span> <span class='ocrx_word' id='word_1_290' title='bbox 1112 301 1181 329; x_wconf 85' lang='lat' dir='ltr'><strong>Ecce</strong></span> <span class='ocrx_word' id='word_1_291' title='bbox 1192 301 1238 329; x_wconf 88' lang='lat' dir='ltr'><strong>ille</strong></span> <span class='ocrx_word' id='word_1_292' title='bbox 1249 301 1277 328; x_wconf 92' lang='lat' dir='ltr'><strong>in</strong></span> <span class='ocrx_word' id='word_1_293' title='bbox 1295 300 1419 328; x_wconf 87' lang='lat' dir='ltr'><strong>manibus</strong></span> <span class='ocrx_word' id='word_1_294' title='bbox 1436 299 1551 327; x_wconf 86' lang='lat' dir='ltr'><strong>vestris:</strong></span> <span class='ocrx_word' id='word_1_295' title='bbox 1566 299 1603 334; x_wconf 85' lang='lat' dir='ltr'><strong>(y)</strong></span> <span class='ocrx_word' id='word_1_296' title='bbox 1615 299 1681 334; x_wconf 83' lang='lat' dir='ltr'><strong>quia</strong></span> 
     </span>
    </p>
   </div>
   <div class='ocr_carea' id='block_1_36' title="bbox 900 341 1679 379">
    <p class='ocr_par' dir='ltr' id='par_1_36' title="bbox 900 341 1679 379">
     <span class='ocr_line' id='line_1_36' title="bbox 900 341 1679 379; baseline -0.009 -4"><span class='ocrx_word' id='word_1_297' title='bbox 900 356 946 376; x_wconf 90' lang='lat' dir='ltr'><strong>rex</strong></span> <span class='ocrx_word' id='word_1_298' title='bbox 962 347 1093 374; x_wconf 91' lang='lat' dir='ltr'><strong>adversus</strong></span> <span class='ocrx_word' id='word_1_299' title='bbox 1116 353 1164 373; x_wconf 90' lang='lat' dir='ltr'><strong>eos</strong></span> <span class='ocrx_word' id='word_1_300' title='bbox 1190 353 1244 373; x_wconf 93' lang='lat' dir='ltr'><strong>non</strong></span> <span class='ocrx_word' id='word_1_301' title='bbox 1262 348 1368 379; x_wconf 87' lang='lat' dir='ltr'><strong>poterat</strong></span> <span class='ocrx_word' id='word_1_302' title='bbox 1383 345 1417 377; x_wconf 87' lang='grc' dir='ltr'><strong>Χ</strong></span> <span class='ocrx_word' id='word_1_303' title='bbox 1434 347 1462 370; x_wconf 89' lang='lat' dir='ltr'><strong>et</strong></span> <span class='ocrx_word' id='word_1_304' title='bbox 1471 350 1525 369; x_wconf 85' lang='lat' dir='ltr'><strong>non</strong></span> <span class='ocrx_word' id='word_1_305' title='bbox 1540 342 1641 377; x_wconf 85' lang='lat' dir='ltr'><strong>aliquid</strong></span> <span class='ocrx_word' id='word_1_306' title='bbox 1655 341 1679 376; x_wconf 71' lang='grc' dir='ltr'><em>ζ.</em></span> 
     </span>
    </p>
   </div>
   <div class='ocr_carea' id='block_1_37' title="bbox 895 387 1682 423">
    <p class='ocr_par' dir='ltr' id='par_1_37' title="bbox 895 387 1682 423">
     <span class='ocr_line' id='line_1_37' title="bbox 895 387 1682 423; baseline -0.008 -4"><span class='ocrx_word' id='word_1_307' title='bbox 895 392 921 419; x_wconf 80' lang='lat'><strong>6.</strong></span> <span class='ocrx_word' id='word_1_308' title='bbox 940 392 971 419; x_wconf 85' lang='lat' dir='ltr'><strong>Et</strong></span> <span class='ocrx_word' id='word_1_309' title='bbox 998 394 1155 419; x_wconf 87' lang='lat' dir='ltr'><strong>sumserunt</strong></span> <span class='ocrx_word' id='word_1_310' title='bbox 1184 391 1217 423; x_wconf 81' lang='grc' dir='ltr'><strong>Χ</strong></span> <span class='ocrx_word' id='word_1_311' title='bbox 1243 388 1387 416; x_wconf 72' lang='lat' dir='ltr'><strong>Ieremiam</strong></span> <span class='ocrx_word' id='word_1_312' title='bbox 1407 388 1437 422; x_wconf 71' lang='grc' dir='ltr'><strong>ζ,</strong></span> <span class='ocrx_word' id='word_1_313' title='bbox 1465 392 1491 415; x_wconf 90' lang='lat' dir='ltr'><strong>et</strong></span> <span class='ocrx_word' id='word_1_314' title='bbox 1508 387 1682 422; x_wconf 86' lang='lat' dir='ltr'><strong>proiecerunt</strong></span> 
     </span>
    </p>
   </div>
   <div class='ocr_carea' id='block_1_38' title="bbox 896 432 1683 469">
    <p class='ocr_par' dir='ltr' id='par_1_38' title="bbox 896 432 1683 469">
     <span class='ocr_line' id='line_1_38' title="bbox 896 432 1683 469; baseline -0.009 -3"><span class='ocrx_word' id='word_1_315' title='bbox 896 446 958 466; x_wconf 89' lang='lat' dir='ltr'><strong>eum</strong></span> <span class='ocrx_word' id='word_1_316' title='bbox 977 437 1004 465; x_wconf 88' lang='lat' dir='ltr'><strong>in</strong></span> <span class='ocrx_word' id='word_1_317' title='bbox 1021 437 1128 464; x_wconf 80' lang='lat' dir='ltr'><strong>foveam</strong></span> <span class='ocrx_word' id='word_1_318' title='bbox 1143 435 1264 463; x_wconf 70' lang='lat' dir='ltr'><strong>Melchiaz</strong></span> <span class='ocrx_word' id='word_1_319' title='bbox 1278 435 1325 462; x_wconf 84' lang='lat' dir='ltr'><strong>filii</strong></span> <span class='ocrx_word' id='word_1_320' title='bbox 1343 434 1424 469; x_wconf 69' lang='lat' dir='ltr'><strong>regis,</strong></span> <span class='ocrx_word' id='word_1_321' title='bbox 1437 434 1483 469; x_wconf 86' lang='lat' dir='ltr'><strong>qui</strong></span> <span class='ocrx_word' id='word_1_322' title='bbox 1497 437 1556 460; x_wconf 89' lang='lat' dir='ltr'><strong>erat</strong></span> <span class='ocrx_word' id='word_1_323' title='bbox 1569 433 1596 460; x_wconf 90' lang='lat' dir='ltr'><strong>in</strong></span> <span class='ocrx_word' id='word_1_324' title='bbox 1612 432 1683 459; x_wconf 89' lang='lat' dir='ltr'><strong>atrio</strong></span> 
     </span>
    </p>
   </div>
   <div class='ocr_carea' id='block_1_39' title="bbox 896 477 1682 513">
    <p class='ocr_par' dir='ltr' id='par_1_39' title="bbox 896 477 1682 513">
     <span class='ocr_line' id='line_1_39' title="bbox 896 477 1682 513; baseline -0.008 -3"><span class='ocrx_word' id='word_1_325' title='bbox 896 483 1014 510; x_wconf 90' lang='lat' dir='ltr'><strong>carceris</strong></span> <span class='ocrx_word' id='word_1_326' title='bbox 1029 486 1075 510; x_wconf 89' lang='lat' dir='ltr'><strong>:et</strong></span> <span class='ocrx_word' id='word_1_327' title='bbox 1088 481 1258 509; x_wconf 83' lang='lat' dir='ltr'><strong>demiserunt</strong></span> <span class='ocrx_word' id='word_1_328' title='bbox 1276 487 1337 507; x_wconf 88' lang='lat' dir='ltr'><strong>eum</strong></span> <span class='ocrx_word' id='word_1_329' title='bbox 1353 481 1387 513; x_wconf 86' lang='grc' dir='ltr'><strong>Χ</strong></span> <span class='ocrx_word' id='word_1_330' title='bbox 1411 478 1438 506; x_wconf 90' lang='lat' dir='ltr'><strong>in</strong></span> <span class='ocrx_word' id='word_1_331' title='bbox 1457 478 1567 506; x_wconf 89' lang='lat' dir='ltr'><strong>funibus</strong></span> <span class='ocrx_word' id='word_1_332' title='bbox 1585 478 1596 512; x_wconf 72' lang='grc' dir='ltr'>ζ</span> <span class='ocrx_word' id='word_1_333' title='bbox 1610 485 1641 505; x_wconf 64' lang='grc' dir='ltr'><strong>σι-</strong></span> <span class='ocrx_word' id='word_1_334' title='bbox 1654 477 1682 504; x_wconf 93' lang='lat' dir='ltr'><strong>in</strong></span> 
     </span>
    </p>
   </div>
   <div class='ocr_carea' id='block_1_40' title="bbox 897 524 1681 562">
    <p class='ocr_par' dir='ltr' id='par_1_40' title="bbox 897 524 1681 562">
     <span class='ocr_line' id='line_1_40' title="bbox 897 524 1681 562; baseline -0.006 -7"><span class='ocrx_word' id='word_1_335' title='bbox 897 528 1000 555; x_wconf 73' lang='lat' dir='ltr'><strong>foveam</strong></span> <span class='ocrx_word' id='word_1_336' title='bbox 1018 528 1029 562; x_wconf 67' lang='grc' dir='ltr'>ζ</span> <span class='ocrx_word' id='word_1_337' title='bbox 1044 537 1051 555; x_wconf 91' lang='lat'><strong>:</strong></span> <span class='ocrx_word' id='word_1_338' title='bbox 1066 531 1093 555; x_wconf 90' lang='lat' dir='ltr'><strong>et</strong></span> <span class='ocrx_word' id='word_1_339' title='bbox 1109 526 1136 554; x_wconf 95' lang='lat' dir='ltr'><strong>in</strong></span> <span class='ocrx_word' id='word_1_340' title='bbox 1154 526 1231 553; x_wconf 89' lang='lat' dir='ltr'><strong>fovea</strong></span> <span class='ocrx_word' id='word_1_341' title='bbox 1243 533 1296 553; x_wconf 92' lang='lat' dir='ltr'><strong>non</strong></span> <span class='ocrx_word' id='word_1_342' title='bbox 1311 528 1369 553; x_wconf 87' lang='lat' dir='ltr'><strong>erat</strong></span> <span class='ocrx_word' id='word_1_343' title='bbox 1379 532 1461 559; x_wconf 87' lang='lat' dir='ltr'><strong>aqua,</strong></span> <span class='ocrx_word' id='word_1_344' title='bbox 1473 524 1520 552; x_wconf 89' lang='lat' dir='ltr'><strong>sed</strong></span> <span class='ocrx_word' id='word_1_345' title='bbox 1534 524 1571 559; x_wconf 70' lang='grc' dir='ltr'><strong>(ι)</strong></span> <span class='ocrx_word' id='word_1_346' title='bbox 1584 524 1681 556; x_wconf 89' lang='lat' dir='ltr'><strong>lutum,</strong></span> 
     </span>
    </p>
   </div>
   <div class='ocr_carea' id='block_1_41' title="bbox 898 569 1684 609">
    <p class='ocr_par' dir='ltr' id='par_1_41' title="bbox 898 569 1684 609">
     <span class='ocr_line' id='line_1_41' title="bbox 898 569 1684 609; baseline -0.005 -9"><span class='ocrx_word' id='word_1_347' title='bbox 898 574 935 609; x_wconf 81' lang='grc' dir='ltr'><strong>(α)</strong></span> <span class='ocrx_word' id='word_1_348' title='bbox 947 577 975 602; x_wconf 87' lang='lat' dir='ltr'><strong>et</strong></span> <span class='ocrx_word' id='word_1_349' title='bbox 993 577 1051 600; x_wconf 86' lang='lat' dir='ltr'><strong>erat</strong></span> <span class='ocrx_word' id='word_1_350' title='bbox 1064 574 1098 606; x_wconf 98' lang='grc' dir='ltr'><strong>Χ</strong></span> <span class='ocrx_word' id='word_1_351' title='bbox 1109 571 1224 600; x_wconf 77' lang='lat' dir='ltr'><strong>Ieremia</strong></span> <span class='ocrx_word' id='word_1_352' title='bbox 1240 573 1251 606; x_wconf 69' lang='grc' dir='ltr'>ζ</span> <span class='ocrx_word' id='word_1_353' title='bbox 1265 571 1291 598; x_wconf 91' lang='lat' dir='ltr'><strong>iu</strong></span> <span class='ocrx_word' id='word_1_354' title='bbox 1302 571 1370 598; x_wconf 87' lang='lat' dir='ltr'><strong>luto.</strong></span> <span class='ocrx_word' id='word_1_355' title='bbox 1388 570 1413 597; x_wconf 86' lang='lat'><strong>7.</strong></span> <span class='ocrx_word' id='word_1_356' title='bbox 1434 569 1465 597; x_wconf 78' lang='lat' dir='ltr'><strong>Et</strong></span> <span class='ocrx_word' id='word_1_357' title='bbox 1479 570 1582 597; x_wconf 89' lang='lat' dir='ltr'><strong>audivit</strong></span> <span class='ocrx_word' id='word_1_358' title='bbox 1595 569 1684 597; x_wconf 84' lang='lat' dir='ltr'><strong>Abde-</strong></span> 
     </span>
    </p>
   </div>
   <div class='ocr_carea' id='block_1_42' title="bbox 899 615 1684 653">
    <p class='ocr_par' dir='ltr' id='par_1_42' title="bbox 899 615 1684 653">
     <span class='ocr_line' id='line_1_42' title="bbox 899 615 1684 653; baseline -0.005 -7"><span class='ocrx_word' id='word_1_359' title='bbox 899 619 1003 646; x_wconf 90' lang='lat' dir='ltr'><strong>meleeh</strong></span> <span class='ocrx_word' id='word_1_360' title='bbox 1020 618 1148 653; x_wconf 69' lang='lat' dir='ltr'><strong>Aithiops</strong></span> <span class='ocrx_word' id='word_1_361' title='bbox 1159 619 1192 652; x_wconf 91' lang='grc' dir='ltr'><strong>Χ</strong></span> <span class='ocrx_word' id='word_1_362' title='bbox 1207 617 1246 644; x_wconf 87' lang='lat' dir='ltr'><strong>vir</strong></span> <span class='ocrx_word' id='word_1_363' title='bbox 1263 617 1404 644; x_wconf 88' lang='lat' dir='ltr'><strong>eunuchus</strong></span> <span class='ocrx_word' id='word_1_364' title='bbox 1421 617 1452 651; x_wconf 71' lang='grc' dir='ltr'><strong>ζ,</strong></span> <span class='ocrx_word' id='word_1_365' title='bbox 1470 621 1497 644; x_wconf 92' lang='lat' dir='ltr'><strong>et</strong></span> <span class='ocrx_word' id='word_1_366' title='bbox 1510 619 1569 643; x_wconf 91' lang='lat' dir='ltr'><strong>erat</strong></span> <span class='ocrx_word' id='word_1_367' title='bbox 1586 615 1644 650; x_wconf 86' lang='lat' dir='ltr'><strong>ipse</strong></span> <span class='ocrx_word' id='word_1_368' title='bbox 1656 615 1684 642; x_wconf 94' lang='lat' dir='ltr'><strong>in</strong></span> 
     </span>
    </p>
   </div>
   <div class='ocr_carea' id='block_1_43' title="bbox 899 661 1684 699">
    <p class='ocr_par' dir='ltr' id='par_1_43' title="bbox 899 661 1684 699">
     <span class='ocr_line' id='line_1_43' title="bbox 899 661 1684 699; baseline -0.005 -8"><span class='ocrx_word' id='word_1_369' title='bbox 899 664 968 691; x_wconf 88' lang='lat' dir='ltr'><strong>atrio</strong></span> <span class='ocrx_word' id='word_1_370' title='bbox 980 664 1069 699; x_wconf 76' lang='lat' dir='ltr'><strong>regis,</strong></span> <span class='ocrx_word' id='word_1_371' title='bbox 1086 663 1158 697; x_wconf 91' lang='lat' dir='ltr'><strong>quod</strong></span> <span class='ocrx_word' id='word_1_372' title='bbox 1185 663 1323 690; x_wconf 81' lang='lat' dir='ltr'><strong>misissent</strong></span> <span class='ocrx_word' id='word_1_373' title='bbox 1348 661 1494 688; x_wconf 84' lang='lat' dir='ltr'><strong>Ieremiam</strong></span> <span class='ocrx_word' id='word_1_374' title='bbox 1517 661 1543 688; x_wconf 93' lang='lat' dir='ltr'><strong>in</strong></span> <span class='ocrx_word' id='word_1_375' title='bbox 1561 661 1684 688; x_wconf 84' lang='lat' dir='ltr'><strong>foveam:</strong></span> 
     </span>
    </p>
   </div>
   <div class='ocr_carea' id='block_1_44' title="bbox 899 706 1686 743">
    <p class='ocr_par' dir='ltr' id='par_1_44' title="bbox 899 706 1686 743">
     <span class='ocr_line' id='line_1_44' title="bbox 899 706 1686 743; baseline -0.004 -6"><span class='ocrx_word' id='word_1_376' title='bbox 899 714 926 736; x_wconf 81' lang='lat' dir='ltr'><strong>et</strong></span> <span class='ocrx_word' id='word_1_377' title='bbox 944 718 990 737; x_wconf 89' lang='lat' dir='ltr'><strong>rex</strong></span> <span class='ocrx_word' id='word_1_378' title='bbox 1004 709 1113 737; x_wconf 78' lang='lat' dir='ltr'><strong>sedebat</strong></span> <span class='ocrx_word' id='word_1_379' title='bbox 1127 708 1154 735; x_wconf 89' lang='lat' dir='ltr'><strong>in</strong></span> <span class='ocrx_word' id='word_1_380' title='bbox 1170 712 1248 743; x_wconf 88' lang='lat' dir='ltr'><strong>porta</strong></span> <span class='ocrx_word' id='word_1_381' title='bbox 1260 707 1401 742; x_wconf 80' lang='lat' dir='ltr'><strong>Beniamin</strong></span> <span class='ocrx_word' id='word_1_382' title='bbox 1413 715 1420 734; x_wconf 89' lang='lat'>:</span> <span class='ocrx_word' id='word_1_383' title='bbox 1433 706 1459 733; x_wconf 87' lang='lat'><strong>8.</strong></span> <span class='ocrx_word' id='word_1_384' title='bbox 1475 706 1508 733; x_wconf 88' lang='lat' dir='ltr'><strong>Et</strong></span> <span class='ocrx_word' id='word_1_385' title='bbox 1521 706 1587 734; x_wconf 85' lang='lat' dir='ltr'><strong>exiit</strong></span> <span class='ocrx_word' id='word_1_386' title='bbox 1597 706 1686 734; x_wconf 84' lang='lat' dir='ltr'><strong>Abde-</strong></span> 
     </span>
    </p>
   </div>
   <div class='ocr_carea' id='block_1_45' title="bbox 900 752 1686 789">
    <p class='ocr_par' dir='ltr' id='par_1_45' title="bbox 900 752 1686 789">
     <span class='ocr_line' id='line_1_45' title="bbox 900 752 1686 789; baseline -0.004 -7"><span class='ocrx_word' id='word_1_387' title='bbox 900 755 1002 782; x_wconf 88' lang='lat' dir='ltr'><strong>meleeh</strong></span> <span class='ocrx_word' id='word_1_388' title='bbox 1015 756 1048 788; x_wconf 85' lang='grc' dir='ltr'><strong>Χ</strong></span> <span class='ocrx_word' id='word_1_389' title='bbox 1065 754 1100 789; x_wconf 90' lang='lat' dir='ltr'><strong>(b)</strong></span> <span class='ocrx_word' id='word_1_390' title='bbox 1128 761 1143 781; x_wconf 71' lang='grc' dir='ltr'>θ</span> <span class='ocrx_word' id='word_1_391' title='bbox 1166 754 1247 781; x_wconf 79' lang='lat' dir='ltr'><strong>domo</strong></span> <span class='ocrx_word' id='word_1_392' title='bbox 1274 753 1344 787; x_wconf 77' lang='lat' dir='ltr'><strong>regis</strong></span> <span class='ocrx_word' id='word_1_393' title='bbox 1361 753 1393 787; x_wconf 68' lang='grc' dir='ltr'><em>ζ,</em></span> <span class='ocrx_word' id='word_1_394' title='bbox 1419 756 1446 779; x_wconf 92' lang='lat' dir='ltr'><strong>et</strong></span> <span class='ocrx_word' id='word_1_395' title='bbox 1472 752 1580 780; x_wconf 90' lang='lat' dir='ltr'><strong>locutus</strong></span> <span class='ocrx_word' id='word_1_396' title='bbox 1593 757 1634 780; x_wconf 91' lang='lat' dir='ltr'><strong>est</strong></span> <span class='ocrx_word' id='word_1_397' title='bbox 1653 754 1686 779; x_wconf 88' lang='lat' dir='ltr'><strong>ad</strong></span> 
     </span>
    </p>
   </div>
   <div class='ocr_carea' id='block_1_46' title="bbox 901 797 1687 834">
    <p class='ocr_par' dir='ltr' id='par_1_46' title="bbox 901 797 1687 834">
     <span class='ocr_line' id='line_1_46' title="bbox 901 797 1687 834; baseline -0.004 -7"><span class='ocrx_word' id='word_1_398' title='bbox 901 807 1002 834; x_wconf 75' lang='lat' dir='ltr'><strong>regem,</strong></span> <span class='ocrx_word' id='word_1_399' title='bbox 1017 804 1044 826; x_wconf 90' lang='lat' dir='ltr'><strong>et</strong></span> <span class='ocrx_word' id='word_1_400' title='bbox 1054 798 1122 826; x_wconf 80' lang='lat' dir='ltr'><strong>dixit</strong></span> <span class='ocrx_word' id='word_1_401' title='bbox 1134 807 1141 825; x_wconf 92' lang='lat'><strong>:</strong></span> <span class='ocrx_word' id='word_1_402' title='bbox 1155 798 1180 826; x_wconf 88' lang='lat'><strong>9.</strong></span> <span class='ocrx_word' id='word_1_403' title='bbox 1197 797 1310 824; x_wconf 89' lang='lat' dir='ltr'><strong>Domine</strong></span> <span class='ocrx_word' id='word_1_404' title='bbox 1325 798 1373 830; x_wconf 88' lang='lat' dir='ltr'><strong>mi,</strong></span> <span class='ocrx_word' id='word_1_405' title='bbox 1390 804 1447 829; x_wconf 84' lang='lat' dir='ltr'><strong>rex,</strong></span> <span class='ocrx_word' id='word_1_406' title='bbox 1472 798 1506 831; x_wconf 88' lang='grc' dir='ltr'><strong>Χ</strong></span> <span class='ocrx_word' id='word_1_407' title='bbox 1530 798 1600 824; x_wconf 86' lang='lat' dir='ltr'><strong>male</strong></span> <span class='ocrx_word' id='word_1_408' title='bbox 1614 797 1687 824; x_wconf 89' lang='lat' dir='ltr'><strong>fece-</strong></span> 
     </span>
    </p>
   </div>
   <div class='ocr_carea' id='block_1_47' title="bbox 901 842 1688 878">
    <p class='ocr_par' dir='ltr' id='par_1_47' title="bbox 901 842 1688 878">
     <span class='ocr_line' id='line_1_47' title="bbox 901 842 1688 878; baseline -0.003 -6"><span class='ocrx_word' id='word_1_409' title='bbox 901 849 964 872; x_wconf 89' lang='lat' dir='ltr'><strong>runt</strong></span> <span class='ocrx_word' id='word_1_410' title='bbox 979 844 1029 872; x_wconf 92' lang='lat' dir='ltr'><strong>viri</strong></span> <span class='ocrx_word' id='word_1_411' title='bbox 1043 845 1070 871; x_wconf 88' lang='lat' dir='ltr'><strong>hi</strong></span> <span class='ocrx_word' id='word_1_412' title='bbox 1084 844 1110 871; x_wconf 93' lang='lat' dir='ltr'><strong>in</strong></span> <span class='ocrx_word' id='word_1_413' title='bbox 1125 843 1263 876; x_wconf 87' lang='lat' dir='ltr'><strong>omnibus,</strong></span> <span class='ocrx_word' id='word_1_414' title='bbox 1277 851 1338 878; x_wconf 64' lang='lat' dir='ltr'><strong>quae</strong></span> <span class='ocrx_word' id='word_1_415' title='bbox 1358 842 1478 870; x_wconf 81' lang='lat' dir='ltr'><strong>fecerunt</strong></span> <span class='ocrx_word' id='word_1_416' title='bbox 1491 842 1616 871; x_wconf 70' lang='lat' dir='ltr'><strong>Ieremiae</strong></span> <span class='ocrx_word' id='word_1_417' title='bbox 1624 851 1688 878; x_wconf 86' lang='lat' dir='ltr'><strong>pro-</strong></span> 
     </span>
    </p>
   </div>
   <div class='ocr_carea' id='block_1_48' title="bbox 902 888 1688 926">
    <p class='ocr_par' dir='ltr' id='par_1_48' title="bbox 902 888 1688 926">
     <span class='ocr_line' id='line_1_48' title="bbox 902 888 1688 926; baseline -0.003 -8"><span class='ocrx_word' id='word_1_418' title='bbox 902 891 1000 926; x_wconf 64' lang='lat' dir='ltr'><strong>phetae,</strong></span> <span class='ocrx_word' id='word_1_419' title='bbox 1019 890 1083 926; x_wconf 88' lang='lat' dir='ltr'><strong>quia</strong></span> <span class='ocrx_word' id='word_1_420' title='bbox 1103 889 1236 917; x_wconf 89' lang='lat' dir='ltr'><strong>miserunt</strong></span> <span class='ocrx_word' id='word_1_421' title='bbox 1259 896 1322 916; x_wconf 92' lang='lat' dir='ltr'><strong>eum</strong></span> <span class='ocrx_word' id='word_1_422' title='bbox 1340 888 1366 915; x_wconf 92' lang='lat' dir='ltr'><strong>in</strong></span> <span class='ocrx_word' id='word_1_423' title='bbox 1381 888 1498 920; x_wconf 86' lang='lat' dir='ltr'><strong>foveam,</strong></span> <span class='ocrx_word' id='word_1_424' title='bbox 1517 892 1544 916; x_wconf 89' lang='lat' dir='ltr'><strong>et</strong></span> <span class='ocrx_word' id='word_1_425' title='bbox 1556 889 1688 916; x_wconf 85' lang='lat' dir='ltr'><strong>morietur</strong></span> 
     </span>
    </p>
   </div>
   <div class='ocr_carea' id='block_1_49' title="bbox 900 933 1689 970">
    <p class='ocr_par' dir='ltr' id='par_1_49' title="bbox 900 933 1689 970">
     <span class='ocr_line' id='line_1_49' title="bbox 900 933 1689 970; baseline -0.004 -7"><span class='ocrx_word' id='word_1_426' title='bbox 900 936 994 963; x_wconf 84' lang='lat' dir='ltr'><strong>subter</strong></span> <span class='ocrx_word' id='word_1_427' title='bbox 1012 942 1041 963; x_wconf 79' lang='lat' dir='ltr'><strong>se</strong></span> <span class='ocrx_word' id='word_1_428' title='bbox 1059 935 1091 970; x_wconf 69' lang='lat'><strong>:;</strong></span> <span class='ocrx_word' id='word_1_429' title='bbox 1109 934 1180 962; x_wconf 85' lang='lat' dir='ltr'><strong>male</strong></span> <span class='ocrx_word' id='word_1_430' title='bbox 1207 933 1305 965; x_wconf 83' lang='lat' dir='ltr'><strong>fecisti,</strong></span> <span class='ocrx_word' id='word_1_431' title='bbox 1321 941 1382 969; x_wconf 77' lang='lat' dir='ltr'><strong>quae</strong></span> <span class='ocrx_word' id='word_1_432' title='bbox 1398 933 1498 965; x_wconf 87' lang='lat' dir='ltr'><strong>fecisti,</strong></span> <span class='ocrx_word' id='word_1_433' title='bbox 1515 941 1545 961; x_wconf 82' lang='lat'><strong>+</strong></span> <span class='ocrx_word' id='word_1_434' title='bbox 1564 933 1596 961; x_wconf 88' lang='lat' dir='ltr'><strong>ad</strong></span> <span class='ocrx_word' id='word_1_435' title='bbox 1615 934 1689 961; x_wconf 88' lang='lat' dir='ltr'><strong>occi-</strong></span> 
     </span>
    </p>
   </div>
   <div class='ocr_carea' id='block_1_50' title="bbox 901 978 1688 1014">
    <p class='ocr_par' dir='ltr' id='par_1_50' title="bbox 901 978 1688 1014">
     <span class='ocr_line' id='line_1_50' title="bbox 901 978 1688 1014; baseline -0.001 -7"><span class='ocrx_word' id='word_1_436' title='bbox 901 980 1021 1008; x_wconf 87' lang='lat' dir='ltr'><strong>dendum</strong></span> <span class='ocrx_word' id='word_1_437' title='bbox 1050 979 1189 1007; x_wconf 85' lang='lat' dir='ltr'><strong>hominem</strong></span> <span class='ocrx_word' id='word_1_438' title='bbox 1215 978 1262 1006; x_wconf 88' lang='lat' dir='ltr'><strong>Dei</strong></span> <span class='ocrx_word' id='word_1_439' title='bbox 1289 980 1300 1014; x_wconf 71' lang='grc' dir='ltr'>ζ</span> <span class='ocrx_word' id='word_1_440' title='bbox 1328 979 1363 1007; x_wconf 87' lang='lat' dir='ltr'><strong>ab</strong></span> <span class='ocrx_word' id='word_1_441' title='bbox 1380 983 1441 1007; x_wconf 82' lang='lat' dir='ltr'><strong>ante</strong></span> <span class='ocrx_word' id='word_1_442' title='bbox 1473 979 1569 1007; x_wconf 87' lang='lat' dir='ltr'><strong>faciem</strong></span> <span class='ocrx_word' id='word_1_443' title='bbox 1590 979 1688 1013; x_wconf 82' lang='lat' dir='ltr'><strong>famis;</strong></span> 
     </span>
    </p>
   </div>
   <div class='ocr_carea' id='block_1_51' title="bbox 901 1025 1691 1061">
    <p class='ocr_par' dir='ltr' id='par_1_51' title="bbox 901 1025 1691 1061">
     <span class='ocr_line' id='line_1_51' title="bbox 901 1025 1691 1061; baseline -0.001 -8"><span class='ocrx_word' id='word_1_444' title='bbox 901 1027 1024 1061; x_wconf 90' lang='lat' dir='ltr'><strong>quianon</strong></span> <span class='ocrx_word' id='word_1_445' title='bbox 1039 1031 1102 1054; x_wconf 85' lang='lat' dir='ltr'><strong>sunt</strong></span> <span class='ocrx_word' id='word_1_446' title='bbox 1120 1033 1203 1061; x_wconf 88' lang='lat' dir='ltr'><strong>panes</strong></span> <span class='ocrx_word' id='word_1_447' title='bbox 1218 1026 1334 1060; x_wconf 88' lang='lat' dir='ltr'><strong>amplius</strong></span> <span class='ocrx_word' id='word_1_448' title='bbox 1352 1026 1379 1053; x_wconf 92' lang='lat' dir='ltr'><strong>iu</strong></span> <span class='ocrx_word' id='word_1_449' title='bbox 1396 1025 1471 1053; x_wconf 85' lang='lat' dir='ltr'><strong>urbe.</strong></span> <span class='ocrx_word' id='word_1_450' title='bbox 1489 1025 1532 1052; x_wconf 80' lang='grc'><em>10.</em></span> <span class='ocrx_word' id='word_1_451' title='bbox 1542 1025 1573 1053; x_wconf 82' lang='grc' dir='ltr'><strong>ΕΙ</strong></span> <span class='ocrx_word' id='word_1_452' title='bbox 1590 1034 1691 1060; x_wconf 71' lang='lat' dir='ltr'><strong>prame-</strong></span> 
     </span>
    </p>
   </div>
   <div class='ocr_carea' id='block_1_52' title="bbox 902 1071 1690 1107">
    <p class='ocr_par' dir='ltr' id='par_1_52' title="bbox 902 1071 1690 1107">
     <span class='ocr_line' id='line_1_52' title="bbox 902 1071 1690 1107; baseline 0.001 -9"><span class='ocrx_word' id='word_1_453' title='bbox 902 1073 941 1106; x_wconf 89' lang='lat' dir='ltr'><strong>pit</strong></span> <span class='ocrx_word' id='word_1_454' title='bbox 969 1080 1015 1099; x_wconf 86' lang='lat' dir='ltr'><strong>rex</strong></span> <span class='ocrx_word' id='word_1_455' title='bbox 1043 1071 1224 1099; x_wconf 88' lang='lat' dir='ltr'><strong>Abdemeleeh</strong></span> <span class='ocrx_word' id='word_1_456' title='bbox 1237 1073 1272 1106; x_wconf 98' lang='grc' dir='ltr'><strong>Χ</strong></span> <span class='ocrx_word' id='word_1_457' title='bbox 1292 1071 1413 1107; x_wconf 77' lang='grc' dir='ltr'><strong>ᾹΞιΙιὶορί</strong></span> <span class='ocrx_word' id='word_1_458' title='bbox 1432 1073 1460 1107; x_wconf 73' lang='grc' dir='ltr'><em>ξ,</em></span> <span class='ocrx_word' id='word_1_459' title='bbox 1475 1073 1567 1100; x_wconf 90' lang='lat' dir='ltr'><strong>dicens</strong></span> <span class='ocrx_word' id='word_1_460' title='bbox 1582 1082 1589 1099; x_wconf 89' lang='lat'><strong>:</strong></span> <span class='ocrx_word' id='word_1_461' title='bbox 1606 1072 1690 1099; x_wconf 88' lang='lat' dir='ltr'><strong>Sume</strong></span> 
     </span>
    </p>
   </div>
   <div class='ocr_carea' id='block_1_53' title="bbox 903 1118 1689 1153">
    <p class='ocr_par' dir='ltr' id='par_1_53' title="bbox 903 1118 1689 1153">
     <span class='ocr_line' id='line_1_53' title="bbox 903 1118 1689 1153; baseline 0.004 -9"><span class='ocrx_word' id='word_1_462' title='bbox 903 1118 938 1151; x_wconf 80' lang='grc' dir='ltr'><strong>(ε)</strong></span> <span class='ocrx_word' id='word_1_463' title='bbox 956 1122 1045 1145; x_wconf 87' lang='lat' dir='ltr'><strong>tecum</strong></span> <span class='ocrx_word' id='word_1_464' title='bbox 1066 1118 1131 1146; x_wconf 81' lang='lat' dir='ltr'><strong>hinc</strong></span> <span class='ocrx_word' id='word_1_465' title='bbox 1141 1118 1252 1153; x_wconf 83' lang='lat' dir='ltr'><strong>triginta</strong></span> <span class='ocrx_word' id='word_1_466' title='bbox 1265 1118 1349 1150; x_wconf 90' lang='lat' dir='ltr'><strong>viros,</strong></span> <span class='ocrx_word' id='word_1_467' title='bbox 1365 1123 1392 1146; x_wconf 91' lang='lat' dir='ltr'><strong>et</strong></span> <span class='ocrx_word' id='word_1_468' title='bbox 1409 1119 1556 1146; x_wconf 86' lang='lat' dir='ltr'><strong>ascendere</strong></span> <span class='ocrx_word' id='word_1_469' title='bbox 1571 1119 1612 1146; x_wconf 86' lang='lat' dir='ltr'><strong>fac</strong></span> <span class='ocrx_word' id='word_1_470' title='bbox 1626 1127 1689 1147; x_wconf 90' lang='lat' dir='ltr'><strong>eum</strong></span> 
     </span>
    </p>
   </div>
   <div class='ocr_carea' id='block_1_54' title="bbox 903 1163 1690 1199">
    <p class='ocr_par' dir='ltr' id='par_1_54' title="bbox 903 1163 1690 1199">
     <span class='ocr_line' id='line_1_54' title="bbox 903 1163 1690 1199; baseline 0.004 -10"><span class='ocrx_word' id='word_1_471' title='bbox 903 1163 937 1196; x_wconf 84' lang='grc' dir='ltr'><strong>Χ</strong></span> <span class='ocrx_word' id='word_1_472' title='bbox 966 1163 1125 1197; x_wconf 85' lang='lat' dir='ltr'><strong>prophetam</strong></span> <span class='ocrx_word' id='word_1_473' title='bbox 1143 1171 1183 1191; x_wconf 90' lang='lat' dir='ltr'><strong>.ex</strong></span> <span class='ocrx_word' id='word_1_474' title='bbox 1203 1163 1304 1198; x_wconf 76' lang='lat' dir='ltr'><strong>fovea:</strong></span> <span class='ocrx_word' id='word_1_475' title='bbox 1320 1184 1328 1197; x_wconf 86' lang='lat'><strong>,</strong></span> <span class='ocrx_word' id='word_1_476' title='bbox 1352 1164 1392 1199; x_wconf 75' lang='grc' dir='ltr'><strong>(ά)</strong></span> <span class='ocrx_word' id='word_1_477' title='bbox 1424 1169 1525 1192; x_wconf 90' lang='lat' dir='ltr'><strong>utnon</strong></span> <span class='ocrx_word' id='word_1_478' title='bbox 1545 1165 1690 1192; x_wconf 85' lang='lat' dir='ltr'><strong>moriatur.</strong></span> 
     </span>
    </p>
   </div>
   <div class='ocr_carea' id='block_1_55' title="bbox 904 1202 1694 1245">
    <p class='ocr_par' dir='ltr' id='par_1_55' title="bbox 904 1202 1694 1245">
     <span class='ocr_line' id='line_1_55' title="bbox 904 1202 1694 1245; baseline 0.004 -10"><span class='ocrx_word' id='word_1_479' title='bbox 904 1208 946 1236; x_wconf 90' lang='lat' dir='ltr'><strong>II.</strong></span> <span class='ocrx_word' id='word_1_480' title='bbox 964 1209 996 1236; x_wconf 84' lang='lat' dir='ltr'><strong>Et</strong></span> <span class='ocrx_word' id='word_1_481' title='bbox 1011 1210 1109 1237; x_wconf 86' lang='lat' dir='ltr'><strong>sumsit</strong></span> <span class='ocrx_word' id='word_1_482' title='bbox 1121 1210 1303 1238; x_wconf 86' lang='lat' dir='ltr'><strong>Abdemelech</strong></span> <span class='ocrx_word' id='word_1_483' title='bbox 1322 1210 1447 1238; x_wconf 87' lang='lat' dir='ltr'><strong>homines</strong></span> <span class='ocrx_word' id='word_1_484' title='bbox 1461 1212 1493 1245; x_wconf 90' lang='grc' dir='ltr'><strong>Χ</strong></span> <span class='ocrx_word' id='word_1_485' title='bbox 1513 1202 1606 1238; x_wconf 79' lang='lat' dir='ltr'><strong>secum</strong></span> <span class='ocrx_word' id='word_1_486' title='bbox 1621 1211 1633 1245; x_wconf 70' lang='grc' dir='ltr'>ζ</span> <span class='ocrx_word' id='word_1_487' title='bbox 1647 1231 1654 1243; x_wconf 94' lang='grc'><strong>,</strong></span> <span class='ocrx_word' id='word_1_488' title='bbox 1666 1216 1694 1238; x_wconf 93' lang='lat' dir='ltr'><strong>et</strong></span> 
     </span>
    </p>
   </div>
   <div class='ocr_carea' id='block_1_56' title="bbox 904 1256 1693 1292">
    <p class='ocr_par' dir='ltr' id='par_1_56' title="bbox 904 1256 1693 1292">
     <span class='ocr_line' id='line_1_56' title="bbox 904 1256 1693 1292; baseline -0.001 -9"><span class='ocrx_word' id='word_1_489' title='bbox 904 1256 978 1283; x_wconf 87' lang='lat' dir='ltr'><strong>veuit</strong></span> <span class='ocrx_word' id='word_1_490' title='bbox 991 1256 1017 1283; x_wconf 94' lang='lat' dir='ltr'><strong>in</strong></span> <span class='ocrx_word' id='word_1_491' title='bbox 1036 1256 1146 1283; x_wconf 92' lang='lat' dir='ltr'><strong>domum</strong></span> <span class='ocrx_word' id='word_1_492' title='bbox 1175 1256 1257 1292; x_wconf 82' lang='lat' dir='ltr'><strong>regis,</strong></span> <span class='ocrx_word' id='word_1_493' title='bbox 1286 1256 1320 1291; x_wconf 77' lang='grc' dir='ltr'><strong>(ε)</strong></span> <span class='ocrx_word' id='word_1_494' title='bbox 1338 1263 1399 1291; x_wconf 69' lang='lat' dir='ltr'><strong>qua:</strong></span> <span class='ocrx_word' id='word_1_495' title='bbox 1426 1256 1521 1283; x_wconf 86' lang='lat' dir='ltr'><strong>subter</strong></span> <span class='ocrx_word' id='word_1_496' title='bbox 1535 1256 1693 1290; x_wconf 73' lang='grc' dir='ltr'>Χιιιρετιιι-</span> 
     </span>
    </p>
   </div>
   <div class='ocr_carea' id='block_1_57' title="bbox 905 1301 1694 1337">
    <p class='ocr_par' dir='ltr' id='par_1_57' title="bbox 905 1301 1694 1337">
     <span class='ocr_line' id='line_1_57' title="bbox 905 1301 1694 1337; baseline -0.001 -9"><span class='ocrx_word' id='word_1_497' title='bbox 905 1309 964 1328; x_wconf 92' lang='lat' dir='ltr'><strong>rum</strong></span> <span class='ocrx_word' id='word_1_498' title='bbox 979 1302 1009 1336; x_wconf 70' lang='grc' dir='ltr'><em>ζ,</em></span> <span class='ocrx_word' id='word_1_499' title='bbox 1029 1306 1056 1329; x_wconf 90' lang='lat' dir='ltr'><strong>et</strong></span> <span class='ocrx_word' id='word_1_500' title='bbox 1072 1302 1170 1329; x_wconf 85' lang='lat' dir='ltr'><strong>sumsit</strong></span> <span class='ocrx_word' id='word_1_501' title='bbox 1189 1302 1251 1329; x_wconf 91' lang='lat' dir='ltr'><strong>inde</strong></span> <span class='ocrx_word' id='word_1_502' title='bbox 1266 1301 1298 1337; x_wconf 79' lang='lat' dir='ltr'><strong>(f)</strong></span> <span class='ocrx_word' id='word_1_503' title='bbox 1309 1301 1446 1329; x_wconf 76' lang='lat' dir='ltr'><strong>obsoletos</strong></span> <span class='ocrx_word' id='word_1_504' title='bbox 1461 1308 1568 1336; x_wconf 76' lang='lat' dir='ltr'><strong>patrnos</strong></span> <span class='ocrx_word' id='word_1_505' title='bbox 1590 1301 1694 1328; x_wconf 87' lang='lat' dir='ltr'><strong>invete-</strong></span> 
     </span>
    </p>
   </div>
   <div class='ocr_carea' id='block_1_58' title="bbox 905 1346 1693 1381">
    <p class='ocr_par' dir='ltr' id='par_1_58' title="bbox 905 1346 1693 1381">
     <span class='ocr_line' id='line_1_58' title="bbox 905 1346 1693 1381; baseline 0 -7"><span class='ocrx_word' id='word_1_506' title='bbox 905 1351 990 1380; x_wconf 86' lang='lat' dir='ltr'><strong>ratos,</strong></span> <span class='ocrx_word' id='word_1_507' title='bbox 1016 1351 1044 1375; x_wconf 87' lang='lat' dir='ltr'><strong>et</strong></span> <span class='ocrx_word' id='word_1_508' title='bbox 1076 1346 1213 1375; x_wconf 86' lang='lat' dir='ltr'><strong>funiculos</strong></span> <span class='ocrx_word' id='word_1_509' title='bbox 1236 1348 1412 1379; x_wconf 82' lang='lat' dir='ltr'><strong>inveteratas,</strong></span> <span class='ocrx_word' id='word_1_510' title='bbox 1438 1351 1466 1374; x_wconf 90' lang='lat' dir='ltr'><strong>et</strong></span> <span class='ocrx_word' id='word_1_511' title='bbox 1484 1346 1598 1381; x_wconf 87' lang='lat' dir='ltr'><strong>proiecit</strong></span> <span class='ocrx_word' id='word_1_512' title='bbox 1615 1354 1645 1374; x_wconf 85' lang='lat' dir='ltr'><strong>ea</strong></span> <span class='ocrx_word' id='word_1_513' title='bbox 1659 1347 1693 1374; x_wconf 85' lang='lat' dir='ltr'><strong>ad</strong></span> 
     </span>
    </p>
   </div>
   <div class='ocr_carea' id='block_1_59' title="bbox 904 1391 1692 1428">
    <p class='ocr_par' dir='ltr' id='par_1_59' title="bbox 904 1391 1692 1428">
     <span class='ocr_line' id='line_1_59' title="bbox 904 1391 1692 1428; baseline 0.001 -9"><span class='ocrx_word' id='word_1_514' title='bbox 904 1392 1049 1420; x_wconf 90' lang='lat' dir='ltr'><strong>Ieremiam</strong></span> <span class='ocrx_word' id='word_1_515' title='bbox 1063 1393 1089 1420; x_wconf 89' lang='lat' dir='ltr'><strong>in</strong></span> <span class='ocrx_word' id='word_1_516' title='bbox 1103 1393 1219 1426; x_wconf 86' lang='lat' dir='ltr'><strong>foveam,</strong></span> <span class='ocrx_word' id='word_1_517' title='bbox 1229 1400 1260 1421; x_wconf 83' lang='lat' dir='ltr'><strong>-t—</strong></span> <span class='ocrx_word' id='word_1_518' title='bbox 1273 1397 1300 1420; x_wconf 91' lang='lat' dir='ltr'><strong>ct</strong></span> <span class='ocrx_word' id='word_1_519' title='bbox 1309 1393 1377 1420; x_wconf 84' lang='lat' dir='ltr'><strong>dixit</strong></span> <span class='ocrx_word' id='word_1_520' title='bbox 1389 1392 1423 1419; x_wconf 82' lang='lat' dir='ltr'><strong>ad</strong></span> <span class='ocrx_word' id='word_1_521' title='bbox 1436 1399 1497 1420; x_wconf 86' lang='lat' dir='ltr'><strong>eum</strong></span> <span class='ocrx_word' id='word_1_522' title='bbox 1507 1402 1513 1419; x_wconf 88' lang='lat'><strong>:</strong></span> <span class='ocrx_word' id='word_1_523' title='bbox 1525 1391 1600 1420; x_wconf 90' lang='lat' dir='ltr'><strong>Pone</strong></span> <span class='ocrx_word' id='word_1_524' title='bbox 1613 1392 1692 1428; x_wconf 66' lang='lat' dir='ltr'><strong>haec:</strong></span> 
     </span>
    </p>
   </div>
   <div class='ocr_carea' id='block_1_60' title="bbox 906 1437 1695 1472">
    <p class='ocr_par' dir='ltr' id='par_1_60' title="bbox 906 1437 1695 1472">
     <span class='ocr_line' id='line_1_60' title="bbox 906 1437 1695 1472; baseline 0.001 -8"><span class='ocrx_word' id='word_1_525' title='bbox 906 1440 940 1472; x_wconf 86' lang='grc' dir='ltr'><strong>Χ</strong></span> <span class='ocrx_word' id='word_1_526' title='bbox 955 1437 982 1464; x_wconf 93' lang='lat' dir='ltr'><strong>in</strong></span> <span class='ocrx_word' id='word_1_527' title='bbox 1000 1437 1137 1465; x_wconf 90' lang='lat' dir='ltr'><strong>funiculis.</strong></span> <span class='ocrx_word' id='word_1_528' title='bbox 1154 1438 1198 1464; x_wconf 68' lang='lat' dir='ltr'><strong>I2.</strong></span> <span class='ocrx_word' id='word_1_529' title='bbox 1217 1437 1250 1465; x_wconf 84' lang='lat' dir='ltr'><strong>Et</strong></span> <span class='ocrx_word' id='word_1_530' title='bbox 1275 1438 1343 1465; x_wconf 85' lang='lat' dir='ltr'><strong>dixit</strong></span> <span class='ocrx_word' id='word_1_531' title='bbox 1364 1438 1545 1465; x_wconf 79' lang='lat' dir='ltr'><strong>Abdemelech</strong></span> <span class='ocrx_word' id='word_1_532' title='bbox 1566 1437 1695 1472; x_wconf 64' lang='lat' dir='ltr'><strong>Elliiops</strong></span> 
     </span>
    </p>
   </div>
   <div class='ocr_carea' id='block_1_61' title="bbox 66 1481 1693 1523">
    <p class='ocr_par' dir='ltr' id='par_1_61' title="bbox 66 1481 1693 1523">
     <span class='ocr_line' id='line_1_61' title="bbox 66 1481 1693 1523; baseline -0.001 -12"><span class='ocrx_word' id='word_1_533' title='bbox 66 1483 177 1512; x_wconf 84' lang='lat' dir='ltr'><strong>reducis</strong></span> <span class='ocrx_word' id='word_1_534' title='bbox 186 1491 229 1510; x_wconf 89' lang='lat' dir='ltr'><strong>me</strong></span> <span class='ocrx_word' id='word_1_535' title='bbox 245 1483 272 1510; x_wconf 93' lang='lat' dir='ltr'><strong>in</strong></span> <span class='ocrx_word' id='word_1_536' title='bbox 289 1483 401 1510; x_wconf 92' lang='lat' dir='ltr'><strong>domum</strong></span> <span class='ocrx_word' id='word_1_537' title='bbox 418 1481 581 1510; x_wconf 89' lang='lat' dir='ltr'><strong>Ionathanis</strong></span> <span class='ocrx_word' id='word_1_538' title='bbox 589 1482 701 1510; x_wconf 82' lang='lat' dir='ltr'><strong>scribae?</strong></span> <span class='ocrx_word' id='word_1_539' title='bbox 714 1481 751 1517; x_wconf 91' lang='lat' dir='ltr'><strong>(q)</strong></span> <span class='ocrx_word' id='word_1_540' title='bbox 764 1486 791 1509; x_wconf 92' lang='lat' dir='ltr'><strong>et</strong></span> <span class='ocrx_word' id='word_1_541' title='bbox 800 1489 854 1509; x_wconf 90' lang='lat' dir='ltr'><strong>non</strong></span> <span class='ocrx_word' id='word_1_542' title='bbox 869 1493 891 1523; x_wconf 71' lang='grc' dir='ltr'><strong>ο</strong></span> <span class='ocrx_word' id='word_1_543' title='bbox 907 1483 940 1511; x_wconf 86' lang='lat' dir='ltr'><strong>ad</strong></span> <span class='ocrx_word' id='word_1_544' title='bbox 957 1483 1103 1511; x_wconf 90' lang='lat' dir='ltr'><strong>Ieremiam</strong></span> <span class='ocrx_word' id='word_1_545' title='bbox 1121 1493 1127 1511; x_wconf 94' lang='lat'>:</span> <span class='ocrx_word' id='word_1_546' title='bbox 1147 1483 1220 1512; x_wconf 87' lang='lat' dir='ltr'><strong>Pone</strong></span> <span class='ocrx_word' id='word_1_547' title='bbox 1233 1491 1306 1511; x_wconf 90' lang='lat' dir='ltr'><strong>nunc</strong></span> <span class='ocrx_word' id='word_1_548' title='bbox 1317 1483 1455 1512; x_wconf 85' lang='lat' dir='ltr'><strong>obsoletos</strong></span> <span class='ocrx_word' id='word_1_549' title='bbox 1472 1491 1576 1518; x_wconf 87' lang='lat' dir='ltr'><strong>pannos</strong></span> <span class='ocrx_word' id='word_1_550' title='bbox 1589 1483 1693 1511; x_wconf 88' lang='lat' dir='ltr'><strong>invete-</strong></span> 
     </span>
    </p>
   </div>
   <div class='ocr_carea' id='block_1_62' title="bbox 67 1527 855 1563">
    <p class='ocr_par' dir='ltr' id='par_1_62' title="bbox 67 1527 855 1563">
     <span class='ocr_line' id='line_1_62' title="bbox 67 1527 855 1563; baseline -0.005 -6"><span class='ocrx_word' id='word_1_551' title='bbox 67 1530 170 1557; x_wconf 82' lang='lat' dir='ltr'><strong>moriar</strong></span> <span class='ocrx_word' id='word_1_552' title='bbox 188 1529 236 1556; x_wconf 90' lang='lat' dir='ltr'><strong>ibi.</strong></span> <span class='ocrx_word' id='word_1_553' title='bbox 267 1528 313 1555; x_wconf 74' lang='grc'><em>21.</em></span> <span class='ocrx_word' id='word_1_554' title='bbox 331 1528 365 1555; x_wconf 85' lang='grc' dir='ltr'>Ει</span> <span class='ocrx_word' id='word_1_555' title='bbox 381 1527 511 1563; x_wconf 77' lang='lat' dir='ltr'><strong>praecepit</strong></span> <span class='ocrx_word' id='word_1_556' title='bbox 523 1535 570 1554; x_wconf 85' lang='lat' dir='ltr'><strong>rex</strong></span> <span class='ocrx_word' id='word_1_557' title='bbox 589 1527 712 1560; x_wconf 79' lang='lat' dir='ltr'><strong>Sedecia,</strong></span> <span class='ocrx_word' id='word_1_558' title='bbox 729 1531 756 1554; x_wconf 85' lang='lat' dir='ltr'><strong>et</strong></span> <span class='ocrx_word' id='word_1_559' title='bbox 773 1527 855 1554; x_wconf 85' lang='lat' dir='ltr'><strong>mise—</strong></span> 
     </span>
    </p>
   </div>
   <div class='ocr_carea' id='block_1_63' title="bbox 68 1572 856 1606">
    <p class='ocr_par' dir='ltr' id='par_1_63' title="bbox 68 1572 856 1606">
     <span class='ocr_line' id='line_1_63' title="bbox 68 1572 856 1606; baseline -0.004 -4"><span class='ocrx_word' id='word_1_560' title='bbox 68 1579 133 1602; x_wconf 88' lang='lat' dir='ltr'><strong>runt</strong></span> <span class='ocrx_word' id='word_1_561' title='bbox 146 1582 208 1602; x_wconf 89' lang='lat' dir='ltr'><strong>eum</strong></span> <span class='ocrx_word' id='word_1_562' title='bbox 228 1574 255 1601; x_wconf 93' lang='lat' dir='ltr'><strong>in</strong></span> <span class='ocrx_word' id='word_1_563' title='bbox 275 1574 387 1601; x_wconf 90' lang='lat' dir='ltr'><strong>domum</strong></span> <span class='ocrx_word' id='word_1_564' title='bbox 404 1573 534 1606; x_wconf 85' lang='lat' dir='ltr'><strong>carceris,</strong></span> <span class='ocrx_word' id='word_1_565' title='bbox 550 1578 577 1600; x_wconf 91' lang='lat' dir='ltr'><strong>et</strong></span> <span class='ocrx_word' id='word_1_566' title='bbox 593 1573 725 1601; x_wconf 87' lang='lat' dir='ltr'><strong>dederunt</strong></span> <span class='ocrx_word' id='word_1_567' title='bbox 737 1572 760 1600; x_wconf 90' lang='lat' dir='ltr'><strong>ei</strong></span> <span class='ocrx_word' id='word_1_568' title='bbox 771 1581 856 1600; x_wconf 89' lang='lat' dir='ltr'><strong>unum</strong></span> 
     </span>
    </p>
   </div>
   <div class='ocr_carea' id='block_1_64' title="bbox 67 1618 858 1656">
    <p class='ocr_par' dir='ltr' id='par_1_64' title="bbox 67 1618 858 1656">
     <span class='ocr_line' id='line_1_64' title="bbox 67 1618 858 1656; baseline -0.001 -9"><span class='ocrx_word' id='word_1_569' title='bbox 67 1622 104 1656; x_wconf 88' lang='lat' dir='ltr'><strong>(r)</strong></span> <span class='ocrx_word' id='word_1_570' title='bbox 117 1628 213 1656; x_wconf 89' lang='lat' dir='ltr'><strong>panem</strong></span> <span class='ocrx_word' id='word_1_571' title='bbox 228 1619 272 1647; x_wconf 87' lang='lat' dir='ltr'><strong>die</strong></span> <span class='ocrx_word' id='word_1_572' title='bbox 299 1619 365 1647; x_wconf 88' lang='lat' dir='ltr'><strong>foris</strong></span> <span class='ocrx_word' id='word_1_573' title='bbox 380 1628 412 1647; x_wconf 91' lang='lat' dir='ltr'><strong>ex</strong></span> <span class='ocrx_word' id='word_1_574' title='bbox 432 1627 488 1655; x_wconf 96' lang='lat' dir='ltr'><strong>quo</strong></span> <span class='ocrx_word' id='word_1_575' title='bbox 505 1619 662 1654; x_wconf 88' lang='lat' dir='ltr'><strong>pinsebant,</strong></span> <span class='ocrx_word' id='word_1_576' title='bbox 680 1619 767 1646; x_wconf 88' lang='lat' dir='ltr'><strong>donec</strong></span> <span class='ocrx_word' id='word_1_577' title='bbox 785 1618 858 1646; x_wconf 79' lang='lat' dir='ltr'><strong>defe-</strong></span> 
     </span>
    </p>
   </div>
   <div class='ocr_carea' id='block_1_65' title="bbox 67 1664 859 1700">
    <p class='ocr_par' dir='ltr' id='par_1_65' title="bbox 67 1664 859 1700">
     <span class='ocr_line' id='line_1_65' title="bbox 67 1664 859 1700; baseline -0.001 -6"><span class='ocrx_word' id='word_1_578' title='bbox 67 1670 165 1694; x_wconf 87' lang='lat' dir='ltr'><strong>cerunt</strong></span> <span class='ocrx_word' id='word_1_579' title='bbox 186 1667 220 1700; x_wconf 90' lang='grc' dir='ltr'><strong>Χ</strong></span> <span class='ocrx_word' id='word_1_580' title='bbox 246 1673 342 1693; x_wconf 89' lang='lat' dir='ltr'><strong>omnes</strong></span> <span class='ocrx_word' id='word_1_581' title='bbox 359 1665 371 1699; x_wconf 68' lang='grc' dir='ltr'>ζ</span> <span class='ocrx_word' id='word_1_582' title='bbox 398 1673 483 1700; x_wconf 90' lang='lat' dir='ltr'><strong>panes</strong></span> <span class='ocrx_word' id='word_1_583' title='bbox 502 1666 535 1700; x_wconf 87' lang='grc' dir='ltr'><strong>Χ</strong></span> <span class='ocrx_word' id='word_1_584' title='bbox 564 1673 596 1693; x_wconf 88' lang='lat' dir='ltr'><strong>ex</strong></span> <span class='ocrx_word' id='word_1_585' title='bbox 614 1665 625 1699; x_wconf 69' lang='grc' dir='ltr'>ζ</span> <span class='ocrx_word' id='word_1_586' title='bbox 646 1665 722 1692; x_wconf 84' lang='lat' dir='ltr'><strong>urbe.</strong></span> <span class='ocrx_word' id='word_1_587' title='bbox 741 1664 774 1692; x_wconf 88' lang='lat' dir='ltr'><strong>Et</strong></span> <span class='ocrx_word' id='word_1_588' title='bbox 790 1665 859 1693; x_wconf 91' lang='lat' dir='ltr'><strong>sedit</strong></span> 
     </span>
    </p>
   </div>
   <div class='ocr_carea' id='block_1_66' title="bbox 67 1711 457 1740">
    <p class='ocr_par' dir='ltr' id='par_1_66' title="bbox 67 1711 457 1740">
     <span class='ocr_line' id='line_1_66' title="bbox 67 1711 457 1740; baseline -0.003 -1"><span class='ocrx_word' id='word_1_589' title='bbox 67 1711 186 1740; x_wconf 76' lang='lat' dir='ltr'><strong>Ieremia</strong></span> <span class='ocrx_word' id='word_1_590' title='bbox 208 1712 233 1739; x_wconf 91' lang='lat' dir='ltr'><strong>in</strong></span> <span class='ocrx_word' id='word_1_591' title='bbox 247 1711 317 1738; x_wconf 90' lang='lat' dir='ltr'><strong>atrio</strong></span> <span class='ocrx_word' id='word_1_592' title='bbox 328 1711 457 1739; x_wconf 86' lang='lat' dir='ltr'><strong>carceris.</strong></span> 
     </span>
    </p>
   </div>
   <div class='ocr_carea' id='block_1_67' title="bbox 106 1755 858 1792">
    <p class='ocr_par' dir='ltr' id='par_1_67' title="bbox 106 1755 858 1792">
     <span class='ocr_line' id='line_1_67' title="bbox 106 1755 858 1792; baseline -0.001 -8"><span class='ocrx_word' id='word_1_593' title='bbox 106 1757 172 1792; x_wconf 87' lang='lat' dir='ltr'><strong>Cap.</strong></span> <span class='ocrx_word' id='word_1_594' title='bbox 190 1756 376 1784; x_wconf 79' lang='lat' dir='ltr'><strong>XXXVIII.—-</strong></span> <span class='ocrx_word' id='word_1_595' title='bbox 387 1757 409 1784; x_wconf 94' lang='lat' dir='ltr'><strong>I.</strong></span> <span class='ocrx_word' id='word_1_596' title='bbox 428 1756 461 1784; x_wconf 88' lang='lat' dir='ltr'><strong>Et</strong></span> <span class='ocrx_word' id='word_1_597' title='bbox 480 1757 585 1785; x_wconf 88' lang='lat' dir='ltr'><strong>audivit</strong></span> <span class='ocrx_word' id='word_1_598' title='bbox 601 1757 730 1792; x_wconf 87' lang='lat' dir='ltr'><strong>Sephatia</strong></span> <span class='ocrx_word' id='word_1_599' title='bbox 746 1755 858 1791; x_wconf 85' lang='lat' dir='ltr'><strong>filius(s)</strong></span> 
     </span>
    </p>
   </div>
   <div class='ocr_carea' id='block_1_68' title="bbox 70 1801 859 1835">
    <p class='ocr_par' dir='ltr' id='par_1_68' title="bbox 70 1801 859 1835">
     <span class='ocr_line' id='line_1_68' title="bbox 70 1801 859 1835; baseline -0.003 -6"><span class='ocrx_word' id='word_1_600' title='bbox 70 1803 205 1835; x_wconf 81' lang='lat' dir='ltr'><strong>Matthan,</strong></span> <span class='ocrx_word' id='word_1_601' title='bbox 224 1807 251 1830; x_wconf 92' lang='lat' dir='ltr'><strong>et</strong></span> <span class='ocrx_word' id='word_1_602' title='bbox 265 1801 380 1830; x_wconf 88' lang='lat' dir='ltr'><strong>Godolia</strong></span> <span class='ocrx_word' id='word_1_603' title='bbox 399 1802 470 1829; x_wconf 85' lang='lat' dir='ltr'><strong>filius</strong></span> <span class='ocrx_word' id='word_1_604' title='bbox 485 1802 590 1830; x_wconf 82' lang='lat' dir='ltr'><strong>Pashor</strong></span> <span class='ocrx_word' id='word_1_605' title='bbox 601 1822 609 1834; x_wconf 94' lang='lat'><strong>,</strong></span> <span class='ocrx_word' id='word_1_606' title='bbox 624 1806 652 1829; x_wconf 91' lang='lat' dir='ltr'><strong>et</strong></span> <span class='ocrx_word' id='word_1_607' title='bbox 675 1801 769 1829; x_wconf 90' lang='lat' dir='ltr'><strong>Iuchal</strong></span> <span class='ocrx_word' id='word_1_608' title='bbox 787 1801 859 1828; x_wconf 85' lang='lat' dir='ltr'><strong>filius</strong></span> 
     </span>
    </p>
   </div>
   <div class='ocr_carea' id='block_1_69' title="bbox 69 1847 858 1882">
    <p class='ocr_par' dir='ltr' id='par_1_69' title="bbox 69 1847 858 1882">
     <span class='ocr_line' id='line_1_69' title="bbox 69 1847 858 1882; baseline -0.004 -6"><span class='ocrx_word' id='word_1_609' title='bbox 69 1849 205 1881; x_wconf 72' lang='lat' dir='ltr'><strong>Selemize,</strong></span> <span class='ocrx_word' id='word_1_610' title='bbox 220 1850 254 1882; x_wconf 84' lang='grc' dir='ltr'><strong>Χ</strong></span> <span class='ocrx_word' id='word_1_611' title='bbox 268 1853 295 1876; x_wconf 92' lang='lat' dir='ltr'><strong>ct</strong></span> <span class='ocrx_word' id='word_1_612' title='bbox 306 1847 412 1876; x_wconf 81' lang='lat' dir='ltr'><strong>Pashor</strong></span> <span class='ocrx_word' id='word_1_613' title='bbox 428 1848 500 1876; x_wconf 84' lang='lat' dir='ltr'><strong>filius</strong></span> <span class='ocrx_word' id='word_1_614' title='bbox 517 1847 638 1875; x_wconf 69' lang='lat' dir='ltr'><strong>Melchize</strong></span> <span class='ocrx_word' id='word_1_615' title='bbox 660 1848 671 1882; x_wconf 69' lang='grc' dir='ltr'>ζ</span> <span class='ocrx_word' id='word_1_616' title='bbox 688 1847 780 1879; x_wconf 90' lang='lat' dir='ltr'><strong>verba,</strong></span> <span class='ocrx_word' id='word_1_617' title='bbox 798 1854 858 1881; x_wconf 59' lang='lat' dir='ltr'><strong>qua</strong></span> 
     </span>
    </p>
   </div>
   <div class='ocr_carea' id='block_1_70' title="bbox 67 1892 856 1928">
    <p class='ocr_par' dir='ltr' id='par_1_70' title="bbox 67 1892 856 1928">
     <span class='ocr_line' id='line_1_70' title="bbox 67 1892 856 1928; baseline -0.005 -6"><span class='ocrx_word' id='word_1_618' title='bbox 67 1892 189 1922; x_wconf 79' lang='lat' dir='ltr'><strong>Ieremia</strong></span> <span class='ocrx_word' id='word_1_619' title='bbox 212 1894 319 1921; x_wconf 91' lang='lat' dir='ltr'><strong>loeutus</strong></span> <span class='ocrx_word' id='word_1_620' title='bbox 345 1897 388 1921; x_wconf 89' lang='lat' dir='ltr'><strong>est</strong></span> <span class='ocrx_word' id='word_1_621' title='bbox 415 1901 497 1928; x_wconf 85' lang='lat' dir='ltr'><strong>super</strong></span> <span class='ocrx_word' id='word_1_622' title='bbox 512 1895 546 1927; x_wconf 89' lang='grc' dir='ltr'><strong>Χ</strong></span> <span class='ocrx_word' id='word_1_623' title='bbox 568 1892 700 1926; x_wconf 66' lang='lat' dir='ltr'><strong>omnem:</strong></span> <span class='ocrx_word' id='word_1_624' title='bbox 717 1892 856 1927; x_wconf 87' lang='lat' dir='ltr'><strong>populum,</strong></span> 
     </span>
    </p>
   </div>
   <div class='ocr_carea' id='block_1_71' title="bbox 69 1937 857 1972">
    <p class='ocr_par' dir='ltr' id='par_1_71' title="bbox 69 1937 857 1972">
     <span class='ocr_line' id='line_1_71' title="bbox 69 1937 857 1972; baseline -0.004 -5"><span class='ocrx_word' id='word_1_625' title='bbox 69 1940 165 1967; x_wconf 86' lang='lat' dir='ltr'><strong>dicens</strong></span> <span class='ocrx_word' id='word_1_626' title='bbox 180 1948 186 1965; x_wconf 93' lang='lat'>:</span> <span class='ocrx_word' id='word_1_627' title='bbox 200 1938 226 1965; x_wconf 79' lang='lat'><strong>2.</strong></span> <span class='ocrx_word' id='word_1_628' title='bbox 244 1938 290 1966; x_wconf 88' lang='lat' dir='ltr'><strong>Sic</strong></span> <span class='ocrx_word' id='word_1_629' title='bbox 306 1939 374 1966; x_wconf 84' lang='lat' dir='ltr'><strong>dixit</strong></span> <span class='ocrx_word' id='word_1_630' title='bbox 390 1939 522 1966; x_wconf 87' lang='lat' dir='ltr'><strong>Dominus</strong></span> <span class='ocrx_word' id='word_1_631' title='bbox 544 1947 550 1965; x_wconf 93' lang='lat'>:</span> <span class='ocrx_word' id='word_1_632' title='bbox 570 1938 621 1972; x_wconf 84' lang='lat' dir='ltr'><strong>Qui</strong></span> <span class='ocrx_word' id='word_1_633' title='bbox 653 1937 814 1966; x_wconf 86' lang='lat' dir='ltr'><strong>habitaverit</strong></span> <span class='ocrx_word' id='word_1_634' title='bbox 831 1938 857 1965; x_wconf 91' lang='lat' dir='ltr'><strong>in</strong></span> 
     </span>
    </p>
   </div>
   <div class='ocr_carea' id='block_1_72' title="bbox 69 1983 857 2018">
    <p class='ocr_par' dir='ltr' id='par_1_72' title="bbox 69 1983 857 2018">
     <span class='ocr_line' id='line_1_72' title="bbox 69 1983 857 2018; baseline -0.001 -7"><span class='ocrx_word' id='word_1_635' title='bbox 69 1985 140 2012; x_wconf 89' lang='lat' dir='ltr'><strong>urbe</strong></span> <span class='ocrx_word' id='word_1_636' title='bbox 161 1985 224 2017; x_wconf 90' lang='lat' dir='ltr'><strong>hac,</strong></span> <span class='ocrx_word' id='word_1_637' title='bbox 245 1985 378 2012; x_wconf 89' lang='lat' dir='ltr'><strong>morietur</strong></span> <span class='ocrx_word' id='word_1_638' title='bbox 391 1985 418 2011; x_wconf 91' lang='lat' dir='ltr'><strong>in</strong></span> <span class='ocrx_word' id='word_1_639' title='bbox 433 1985 534 2018; x_wconf 80' lang='lat' dir='ltr'><strong>gladio,</strong></span> <span class='ocrx_word' id='word_1_640' title='bbox 547 1989 574 2012; x_wconf 91' lang='lat' dir='ltr'><strong>et</strong></span> <span class='ocrx_word' id='word_1_641' title='bbox 594 1985 620 2011; x_wconf 91' lang='lat' dir='ltr'><strong>in</strong></span> <span class='ocrx_word' id='word_1_642' title='bbox 641 1983 723 2015; x_wconf 88' lang='lat' dir='ltr'><strong>fame,</strong></span> <span class='ocrx_word' id='word_1_643' title='bbox 743 1985 776 2017; x_wconf 91' lang='grc' dir='ltr'><strong>Χ</strong></span> <span class='ocrx_word' id='word_1_644' title='bbox 791 1989 818 2010; x_wconf 89' lang='lat' dir='ltr'><strong>et</strong></span> <span class='ocrx_word' id='word_1_645' title='bbox 832 1984 857 2010; x_wconf 90' lang='lat' dir='ltr'><strong>in</strong></span> 
     </span>
    </p>
   </div>
   <div class='ocr_carea' id='block_1_73' title="bbox 70 2027 860 2064">
    <p class='ocr_par' dir='ltr' id='par_1_73' title="bbox 70 2027 860 2064">
     <span class='ocr_line' id='line_1_73' title="bbox 70 2027 860 2064; baseline -0.003 -8"><span class='ocrx_word' id='word_1_646' title='bbox 70 2029 185 2062; x_wconf 68' lang='lat' dir='ltr'><strong>morte:</strong></span> <span class='ocrx_word' id='word_1_647' title='bbox 202 2033 250 2056; x_wconf 84' lang='lat' dir='ltr'><strong>:et</strong></span> <span class='ocrx_word' id='word_1_648' title='bbox 263 2029 308 2064; x_wconf 91' lang='lat' dir='ltr'><strong>qui</strong></span> <span class='ocrx_word' id='word_1_649' title='bbox 324 2029 422 2057; x_wconf 84' lang='lat' dir='ltr'><strong>exierit</strong></span> <span class='ocrx_word' id='word_1_650' title='bbox 434 2029 467 2056; x_wconf 92' lang='lat' dir='ltr'><strong>ad</strong></span> <span class='ocrx_word' id='word_1_651' title='bbox 483 2029 636 2062; x_wconf 55' lang='lat' dir='ltr'><strong>Chaldaeoe,</strong></span> <span class='ocrx_word' id='word_1_652' title='bbox 652 2027 734 2060; x_wconf 89' lang='lat' dir='ltr'><strong>vivet,</strong></span> <span class='ocrx_word' id='word_1_653' title='bbox 761 2033 788 2055; x_wconf 90' lang='lat' dir='ltr'><strong>et</strong></span> <span class='ocrx_word' id='word_1_654' title='bbox 808 2028 860 2055; x_wconf 88' lang='lat' dir='ltr'><strong>erit</strong></span> 
     </span>
    </p>
   </div>
   <div class='ocr_carea' id='block_1_74' title="bbox 71 2073 857 2110">
    <p class='ocr_par' dir='ltr' id='par_1_74' title="bbox 71 2073 857 2110">
     <span class='ocr_line' id='line_1_74' title="bbox 71 2073 857 2110; baseline -0.003 -8"><span class='ocrx_word' id='word_1_655' title='bbox 71 2075 164 2102; x_wconf 80' lang='lat' dir='ltr'><strong>anima</strong></span> <span class='ocrx_word' id='word_1_656' title='bbox 180 2075 240 2109; x_wconf 89' lang='lat' dir='ltr'><strong>eius</strong></span> <span class='ocrx_word' id='word_1_657' title='bbox 256 2075 286 2110; x_wconf 81' lang='grc' dir='ltr'><strong>(ι)</strong></span> <span class='ocrx_word' id='word_1_658' title='bbox 304 2074 330 2101; x_wconf 92' lang='lat' dir='ltr'><strong>in</strong></span> <span class='ocrx_word' id='word_1_659' title='bbox 347 2074 497 2107; x_wconf 79' lang='lat' dir='ltr'><strong>inventum,</strong></span> <span class='ocrx_word' id='word_1_660' title='bbox 522 2079 546 2102; x_wconf 87' lang='lat' dir='ltr'><strong>et</strong></span> <span class='ocrx_word' id='word_1_661' title='bbox 573 2075 654 2101; x_wconf 89' lang='lat' dir='ltr'><strong>vivet.</strong></span> <span class='ocrx_word' id='word_1_662' title='bbox 670 2074 696 2101; x_wconf 80' lang='lat'><strong>5.</strong></span> <span class='ocrx_word' id='word_1_663' title='bbox 714 2076 746 2108; x_wconf 89' lang='grc' dir='ltr'><strong>Χ</strong></span> <span class='ocrx_word' id='word_1_664' title='bbox 761 2073 830 2106; x_wconf 83' lang='lat' dir='ltr'><strong>Quia</strong></span> <span class='ocrx_word' id='word_1_665' title='bbox 846 2074 857 2107; x_wconf 73' lang='grc' dir='ltr'>ζ</span> 
     </span>
    </p>
   </div>
   <div class='ocr_carea' id='block_1_75' title="bbox 72 2117 858 2146">
    <p class='ocr_par' dir='ltr' id='par_1_75' title="bbox 72 2117 858 2146">
     <span class='ocr_line' id='line_1_75' title="bbox 72 2117 858 2146; baseline -0.003 0"><span class='ocrx_word' id='word_1_666' title='bbox 72 2119 115 2146; x_wconf 76' lang='lat' dir='ltr'><strong>sic</strong></span> <span class='ocrx_word' id='word_1_667' title='bbox 129 2118 197 2146; x_wconf 85' lang='lat' dir='ltr'><strong>dixit</strong></span> <span class='ocrx_word' id='word_1_668' title='bbox 211 2118 362 2146; x_wconf 88' lang='lat' dir='ltr'><strong>Dominus:</strong></span> <span class='ocrx_word' id='word_1_669' title='bbox 379 2117 523 2146; x_wconf 89' lang='lat' dir='ltr'><strong>Tradcndo</strong></span> <span class='ocrx_word' id='word_1_670' title='bbox 540 2119 662 2146; x_wconf 79' lang='lat' dir='ltr'><strong>tradetur</strong></span> <span class='ocrx_word' id='word_1_671' title='bbox 681 2118 746 2145; x_wconf 90' lang='lat' dir='ltr'><strong>urbs</strong></span> <span class='ocrx_word' id='word_1_672' title='bbox 759 2118 816 2145; x_wconf 82' lang='lat' dir='ltr'><strong>haec</strong></span> <span class='ocrx_word' id='word_1_673' title='bbox 833 2118 858 2144; x_wconf 95' lang='lat' dir='ltr'><strong>in</strong></span> 
     </span>
    </p>
   </div>
   <div class='ocr_carea' id='block_1_76' title="bbox 907 1529 1694 1565">
    <p class='ocr_par' dir='ltr' id='par_1_76' title="bbox 907 1529 1694 1565">
     <span class='ocr_line' id='line_1_76' title="bbox 907 1529 1694 1565; baseline 0 -9"><span class='ocrx_word' id='word_1_674' title='bbox 907 1534 991 1562; x_wconf 87' lang='lat' dir='ltr'><strong>ratos,</strong></span> <span class='ocrx_word' id='word_1_675' title='bbox 1006 1529 1042 1565; x_wconf 70' lang='grc' dir='ltr'><strong>(α)</strong></span> <span class='ocrx_word' id='word_1_676' title='bbox 1060 1534 1087 1557; x_wconf 94' lang='lat' dir='ltr'><strong>et</strong></span> <span class='ocrx_word' id='word_1_677' title='bbox 1104 1529 1213 1556; x_wconf 79' lang='lat' dir='ltr'><strong>malaim</strong></span> <span class='ocrx_word' id='word_1_678' title='bbox 1226 1529 1258 1565; x_wconf 80' lang='lat'><strong>(‘)</strong></span> <span class='ocrx_word' id='word_1_679' title='bbox 1270 1530 1321 1557; x_wconf 90' lang='lat' dir='ltr'><strong>sub</strong></span> <span class='ocrx_word' id='word_1_680' title='bbox 1348 1529 1447 1557; x_wconf 87' lang='lat' dir='ltr'><strong>cubitis</strong></span> <span class='ocrx_word' id='word_1_681' title='bbox 1473 1537 1604 1556; x_wconf 87' lang='lat' dir='ltr'><strong>manuum</strong></span> <span class='ocrx_word' id='word_1_682' title='bbox 1633 1533 1694 1556; x_wconf 82' lang='lat' dir='ltr'><strong>lna-</strong></span> 
     </span>
    </p>
   </div>
   <div class='ocr_carea' id='block_1_77' title="bbox 907 1574 1695 1610">
    <p class='ocr_par' dir='ltr' id='par_1_77' title="bbox 907 1574 1695 1610">
     <span class='ocr_line' id='line_1_77' title="bbox 907 1574 1695 1610; baseline -0.001 -8"><span class='ocrx_word' id='word_1_683' title='bbox 907 1583 968 1602; x_wconf 89' lang='lat' dir='ltr'><strong>rum</strong></span> <span class='ocrx_word' id='word_1_684' title='bbox 981 1576 992 1610; x_wconf 70' lang='grc' dir='ltr'>ζ</span> <span class='ocrx_word' id='word_1_685' title='bbox 1006 1575 1099 1602; x_wconf 88' lang='lat' dir='ltr'><strong>subter</strong></span> <span class='ocrx_word' id='word_1_686' title='bbox 1109 1575 1245 1602; x_wconf 83' lang='lat' dir='ltr'><strong>funiculus</strong></span> <span class='ocrx_word' id='word_1_687' title='bbox 1261 1584 1267 1601; x_wconf 76' lang='grc' dir='ltr'>ε</span> <span class='ocrx_word' id='word_1_688' title='bbox 1279 1580 1307 1602; x_wconf 78' lang='lat' dir='ltr'><strong>ct</strong></span> <span class='ocrx_word' id='word_1_689' title='bbox 1328 1574 1391 1602; x_wconf 90' lang='lat' dir='ltr'><strong>fecit</strong></span> <span class='ocrx_word' id='word_1_690' title='bbox 1404 1574 1519 1602; x_wconf 86' lang='lat' dir='ltr'><strong>Ieremia</strong></span> <span class='ocrx_word' id='word_1_691' title='bbox 1537 1574 1586 1602; x_wconf 88' lang='lat' dir='ltr'><strong>sic.</strong></span> <span class='ocrx_word' id='word_1_692' title='bbox 1608 1575 1652 1601; x_wconf 71' lang='grc'><em>15.</em></span> <span class='ocrx_word' id='word_1_693' title='bbox 1662 1574 1695 1602; x_wconf 85' lang='grc' dir='ltr'>Ει</span> 
     </span>
    </p>
   </div>
   <div class='ocr_carea' id='block_1_78' title="bbox 907 1619 1694 1655">
    <p class='ocr_par' dir='ltr' id='par_1_78' title="bbox 907 1619 1694 1655">
     <span class='ocr_line' id='line_1_78' title="bbox 907 1619 1694 1655; baseline -0.003 -7"><span class='ocrx_word' id='word_1_694' title='bbox 907 1625 1049 1648; x_wconf 85' lang='lat' dir='ltr'><strong>traxerunt</strong></span> <span class='ocrx_word' id='word_1_695' title='bbox 1061 1627 1122 1647; x_wconf 90' lang='lat' dir='ltr'><strong>eum</strong></span> <span class='ocrx_word' id='word_1_696' title='bbox 1139 1620 1177 1655; x_wconf 90' lang='grc' dir='ltr'><strong>(Ιι)</strong></span> <span class='ocrx_word' id='word_1_697' title='bbox 1194 1619 1220 1646; x_wconf 91' lang='lat' dir='ltr'><strong>in</strong></span> <span class='ocrx_word' id='word_1_698' title='bbox 1245 1619 1386 1652; x_wconf 83' lang='lat' dir='ltr'><strong>funiculis,</strong></span> <span class='ocrx_word' id='word_1_699' title='bbox 1411 1623 1438 1646; x_wconf 92' lang='lat' dir='ltr'><strong>et</strong></span> <span class='ocrx_word' id='word_1_700' title='bbox 1453 1620 1606 1647; x_wconf 87' lang='lat' dir='ltr'><strong>eduxerunt</strong></span> <span class='ocrx_word' id='word_1_701' title='bbox 1632 1627 1694 1647; x_wconf 90' lang='lat' dir='ltr'><strong>eum</strong></span> 
     </span>
    </p>
   </div>
   <div class='ocr_carea' id='block_1_79' title="bbox 908 1665 1698 1694">
    <p class='ocr_par' dir='ltr' id='par_1_79' title="bbox 908 1665 1698 1694">
     <span class='ocr_line' id='line_1_79' title="bbox 908 1665 1698 1694; baseline -0.003 0"><span class='ocrx_word' id='word_1_702' title='bbox 908 1673 940 1694; x_wconf 90' lang='lat' dir='ltr'><strong>ex</strong></span> <span class='ocrx_word' id='word_1_703' title='bbox 953 1665 1039 1694; x_wconf 88' lang='lat' dir='ltr'><strong>fovea.</strong></span> <span class='ocrx_word' id='word_1_704' title='bbox 1057 1665 1090 1692; x_wconf 86' lang='lat' dir='ltr'><strong>Et</strong></span> <span class='ocrx_word' id='word_1_705' title='bbox 1102 1665 1172 1693; x_wconf 89' lang='lat' dir='ltr'><strong>sedit</strong></span> <span class='ocrx_word' id='word_1_706' title='bbox 1186 1665 1302 1693; x_wconf 84' lang='lat' dir='ltr'><strong>Ieremia</strong></span> <span class='ocrx_word' id='word_1_707' title='bbox 1325 1665 1352 1692; x_wconf 93' lang='lat' dir='ltr'><strong>in</strong></span> <span class='ocrx_word' id='word_1_708' title='bbox 1372 1665 1442 1692; x_wconf 84' lang='lat' dir='ltr'><strong>atrio</strong></span> <span class='ocrx_word' id='word_1_709' title='bbox 1462 1665 1591 1693; x_wconf 84' lang='lat' dir='ltr'><strong>carceris.</strong></span> <span class='ocrx_word' id='word_1_710' title='bbox 1605 1665 1648 1692; x_wconf 69' lang='grc'><em>14.</em></span> <span class='ocrx_word' id='word_1_711' title='bbox 1664 1665 1698 1693; x_wconf 86' lang='lat' dir='ltr'><strong>Et</strong></span> 
     </span>
    </p>
   </div>
   <div class='ocr_carea' id='block_1_80' title="bbox 909 1709 1695 1744">
    <p class='ocr_par' dir='ltr' id='par_1_80' title="bbox 909 1709 1695 1744">
     <span class='ocr_line' id='line_1_80' title="bbox 909 1709 1695 1744; baseline 0 -7"><span class='ocrx_word' id='word_1_712' title='bbox 909 1711 983 1738; x_wconf 88' lang='lat' dir='ltr'><strong>misit</strong></span> <span class='ocrx_word' id='word_1_713' title='bbox 995 1717 1040 1738; x_wconf 89' lang='lat' dir='ltr'><strong>rex</strong></span> <span class='ocrx_word' id='word_1_714' title='bbox 1060 1710 1183 1741; x_wconf 86' lang='lat' dir='ltr'><strong>Sedecia,</strong></span> <span class='ocrx_word' id='word_1_715' title='bbox 1196 1713 1224 1737; x_wconf 87' lang='lat' dir='ltr'><strong>et</strong></span> <span class='ocrx_word' id='word_1_716' title='bbox 1249 1709 1355 1737; x_wconf 77' lang='lat' dir='ltr'><strong>vocarit</strong></span> <span class='ocrx_word' id='word_1_717' title='bbox 1380 1717 1442 1737; x_wconf 86' lang='lat' dir='ltr'><strong>cum</strong></span> <span class='ocrx_word' id='word_1_718' title='bbox 1459 1711 1492 1743; x_wconf 98' lang='grc' dir='ltr'><strong>Χ</strong></span> <span class='ocrx_word' id='word_1_719' title='bbox 1508 1710 1668 1744; x_wconf 88' lang='lat' dir='ltr'><strong>prophetam</strong></span> <span class='ocrx_word' id='word_1_720' title='bbox 1684 1710 1695 1744; x_wconf 68' lang='grc' dir='ltr'>ζ</span> 
     </span>
    </p>
   </div>
   <div class='ocr_carea' id='block_1_81' title="bbox 909 1753 1699 1789">
    <p class='ocr_par' dir='ltr' id='par_1_81' title="bbox 909 1753 1699 1789">
     <span class='ocr_line' id='line_1_81' title="bbox 909 1753 1699 1789; baseline -0.003 -7"><span class='ocrx_word' id='word_1_721' title='bbox 909 1755 941 1782; x_wconf 88' lang='lat' dir='ltr'><strong>ad</strong></span> <span class='ocrx_word' id='word_1_722' title='bbox 954 1762 983 1782; x_wconf 89' lang='lat' dir='ltr'><strong>se</strong></span> <span class='ocrx_word' id='word_1_723' title='bbox 999 1754 1025 1781; x_wconf 93' lang='lat' dir='ltr'><strong>in</strong></span> <span class='ocrx_word' id='word_1_724' title='bbox 1047 1754 1157 1781; x_wconf 88' lang='lat' dir='ltr'><strong>domum</strong></span> <span class='ocrx_word' id='word_1_725' title='bbox 1170 1753 1202 1789; x_wconf 85' lang='lat' dir='ltr'><strong>(i)</strong></span> <span class='ocrx_word' id='word_1_726' title='bbox 1221 1754 1247 1781; x_wconf 92' lang='lat' dir='ltr'><strong>in</strong></span> <span class='ocrx_word' id='word_1_727' title='bbox 1271 1754 1396 1786; x_wconf 81' lang='lat' dir='ltr'><strong>Assalisi,</strong></span> <span class='ocrx_word' id='word_1_728' title='bbox 1415 1761 1476 1789; x_wconf 70' lang='lat' dir='ltr'><strong>qua:</strong></span> <span class='ocrx_word' id='word_1_729' title='bbox 1499 1753 1526 1780; x_wconf 91' lang='lat' dir='ltr'><strong>in</strong></span> <span class='ocrx_word' id='word_1_730' title='bbox 1547 1754 1629 1781; x_wconf 88' lang='lat' dir='ltr'><strong>domo</strong></span> <span class='ocrx_word' id='word_1_731' title='bbox 1645 1753 1699 1780; x_wconf 92' lang='lat' dir='ltr'><strong>Do-</strong></span> 
     </span>
    </p>
   </div>
   <div class='ocr_carea' id='block_1_82' title="bbox 910 1799 1698 1836">
    <p class='ocr_par' dir='ltr' id='par_1_82' title="bbox 910 1799 1698 1836">
     <span class='ocr_line' id='line_1_82' title="bbox 910 1799 1698 1836; baseline -0.003 -8"><span class='ocrx_word' id='word_1_732' title='bbox 910 1801 989 1828; x_wconf 91' lang='lat' dir='ltr'><strong>mini.</strong></span> <span class='ocrx_word' id='word_1_733' title='bbox 1006 1801 1039 1827; x_wconf 90' lang='lat' dir='ltr'><strong>Et</strong></span> <span class='ocrx_word' id='word_1_734' title='bbox 1055 1800 1126 1827; x_wconf 83' lang='lat' dir='ltr'><strong>dixit</strong></span> <span class='ocrx_word' id='word_1_735' title='bbox 1140 1808 1187 1827; x_wconf 87' lang='lat' dir='ltr'><strong>rex</strong></span> <span class='ocrx_word' id='word_1_736' title='bbox 1205 1800 1242 1836; x_wconf 74' lang='lat' dir='ltr'><strong>(It)</strong></span> <span class='ocrx_word' id='word_1_737' title='bbox 1253 1800 1278 1827; x_wconf 90' lang='lat' dir='ltr'><strong>ei</strong></span> <span class='ocrx_word' id='word_1_738' title='bbox 1297 1809 1303 1827; x_wconf 87' lang='lat'><strong>:</strong></span> <span class='ocrx_word' id='word_1_739' title='bbox 1327 1799 1500 1834; x_wconf 81' lang='lat' dir='ltr'><strong>Interrogabo</strong></span> <span class='ocrx_word' id='word_1_740' title='bbox 1519 1806 1570 1834; x_wconf 83' lang='lat' dir='ltr'><strong>ego</strong></span> <span class='ocrx_word' id='word_1_741' title='bbox 1592 1803 1618 1826; x_wconf 89' lang='lat' dir='ltr'><strong>te</strong></span> <span class='ocrx_word' id='word_1_742' title='bbox 1638 1807 1698 1826; x_wconf 89' lang='lat' dir='ltr'><strong>vcr-</strong></span> 
     </span>
    </p>
   </div>
   <div class='ocr_carea' id='block_1_83' title="bbox 909 1844 1699 1874">
    <p class='ocr_par' dir='ltr' id='par_1_83' title="bbox 909 1844 1699 1874">
     <span class='ocr_line' id='line_1_83' title="bbox 909 1844 1699 1874; baseline -0.004 0"><span class='ocrx_word' id='word_1_743' title='bbox 909 1847 992 1874; x_wconf 87' lang='lat' dir='ltr'><strong>bum:</strong></span> <span class='ocrx_word' id='word_1_744' title='bbox 1014 1854 1048 1874; x_wconf 90' lang='lat' dir='ltr'><strong>ne</strong></span> <span class='ocrx_word' id='word_1_745' title='bbox 1073 1846 1225 1873; x_wconf 84' lang='lat' dir='ltr'><strong>abscondas</strong></span> <span class='ocrx_word' id='word_1_746' title='bbox 1256 1853 1272 1873; x_wconf 87' lang='lat' dir='ltr'><strong>a</strong></span> <span class='ocrx_word' id='word_1_747' title='bbox 1302 1853 1345 1873; x_wconf 92' lang='lat' dir='ltr'><strong>me</strong></span> <span class='ocrx_word' id='word_1_748' title='bbox 1359 1845 1481 1872; x_wconf 86' lang='lat' dir='ltr'><strong>verbum.</strong></span> <span class='ocrx_word' id='word_1_749' title='bbox 1512 1845 1555 1872; x_wconf 78' lang='lat' dir='ltr'><strong>I5.</strong></span> <span class='ocrx_word' id='word_1_750' title='bbox 1585 1844 1618 1872; x_wconf 84' lang='lat' dir='ltr'><strong>Et</strong></span> <span class='ocrx_word' id='word_1_751' title='bbox 1630 1845 1699 1872; x_wconf 88' lang='lat' dir='ltr'><strong>dixit</strong></span> 
     </span>
    </p>
   </div>
   <div class='ocr_carea' id='block_1_84' title="bbox 909 1890 1698 1928">
    <p class='ocr_par' dir='ltr' id='par_1_84' title="bbox 909 1890 1698 1928">
     <span class='ocr_line' id='line_1_84' title="bbox 909 1890 1698 1928; baseline -0.003 -8"><span class='ocrx_word' id='word_1_752' title='bbox 909 1893 1023 1920; x_wconf 78' lang='lat' dir='ltr'><strong>Ieremia</strong></span> <span class='ocrx_word' id='word_1_753' title='bbox 1042 1892 1118 1928; x_wconf 72' lang='lat' dir='ltr'><strong>regi:</strong></span> <span class='ocrx_word' id='word_1_754' title='bbox 1137 1891 1165 1919; x_wconf 83' lang='lat' dir='ltr'><strong>Si</strong></span> <span class='ocrx_word' id='word_1_755' title='bbox 1185 1891 1383 1919; x_wconf 85' lang='lat' dir='ltr'><strong>annuntiavero</strong></span> <span class='ocrx_word' id='word_1_756' title='bbox 1399 1891 1458 1923; x_wconf 93' lang='lat' dir='ltr'><strong>tibi,</strong></span> <span class='ocrx_word' id='word_1_757' title='bbox 1471 1890 1502 1926; x_wconf 76' lang='grc' dir='ltr'><strong>(Ι)</strong></span> <span class='ocrx_word' id='word_1_758' title='bbox 1524 1898 1613 1918; x_wconf 81' lang='lat' dir='ltr'><strong>nonne</strong></span> <span class='ocrx_word' id='word_1_759' title='bbox 1629 1891 1698 1918; x_wconf 91' lang='lat' dir='ltr'><strong>mori</strong></span> 
     </span>
    </p>
   </div>
   <div class='ocr_carea' id='block_1_85' title="bbox 910 1936 1699 1965">
    <p class='ocr_par' dir='ltr' id='par_1_85' title="bbox 910 1936 1699 1965">
     <span class='ocr_line' id='line_1_85' title="bbox 910 1936 1699 1965; baseline -0.004 0"><span class='ocrx_word' id='word_1_760' title='bbox 910 1938 1033 1965; x_wconf 84' lang='lat' dir='ltr'><strong>faciendo</strong></span> <span class='ocrx_word' id='word_1_761' title='bbox 1059 1938 1128 1965; x_wconf 88' lang='lat' dir='ltr'><strong>mori</strong></span> <span class='ocrx_word' id='word_1_762' title='bbox 1157 1937 1240 1965; x_wconf 83' lang='lat' dir='ltr'><strong>facies</strong></span> <span class='ocrx_word' id='word_1_763' title='bbox 1258 1937 1320 1964; x_wconf 83' lang='lat' dir='ltr'><strong>me?</strong></span> <span class='ocrx_word' id='word_1_764' title='bbox 1342 1942 1369 1964; x_wconf 92' lang='lat' dir='ltr'><strong>et</strong></span> <span class='ocrx_word' id='word_1_765' title='bbox 1395 1937 1416 1965; x_wconf 89' lang='lat' dir='ltr'><strong>si</strong></span> <span class='ocrx_word' id='word_1_766' title='bbox 1432 1937 1578 1964; x_wconf 90' lang='lat' dir='ltr'><strong>consilium</strong></span> <span class='ocrx_word' id='word_1_767' title='bbox 1599 1936 1699 1964; x_wconf 84' lang='lat' dir='ltr'><strong>dedero</strong></span> 
     </span>
    </p>
   </div>
   <div class='ocr_carea' id='block_1_86' title="bbox 911 1982 1699 2017">
    <p class='ocr_par' dir='ltr' id='par_1_86' title="bbox 911 1982 1699 2017">
     <span class='ocr_line' id='line_1_86' title="bbox 911 1982 1699 2017; baseline -0.003 -7"><span class='ocrx_word' id='word_1_768' title='bbox 911 1984 970 2016; x_wconf 81' lang='lat' dir='ltr'><strong>tibi,</strong></span> <span class='ocrx_word' id='word_1_769' title='bbox 988 1991 1041 2010; x_wconf 90' lang='lat' dir='ltr'><strong>non</strong></span> <span class='ocrx_word' id='word_1_770' title='bbox 1059 1983 1154 2010; x_wconf 84' lang='lat' dir='ltr'><strong>audies</strong></span> <span class='ocrx_word' id='word_1_771' title='bbox 1169 1991 1223 2010; x_wconf 85' lang='lat' dir='ltr'><strong>me.</strong></span> <span class='ocrx_word' id='word_1_772' title='bbox 1245 1982 1289 2009; x_wconf 84' lang='lat' dir='ltr'><strong>I6.</strong></span> <span class='ocrx_word' id='word_1_773' title='bbox 1302 1983 1333 2010; x_wconf 86' lang='lat' dir='ltr'><strong>Et</strong></span> <span class='ocrx_word' id='word_1_774' title='bbox 1347 1982 1448 2017; x_wconf 87' lang='lat' dir='ltr'><strong>iuravit</strong></span> <span class='ocrx_word' id='word_1_775' title='bbox 1460 1990 1506 2009; x_wconf 90' lang='lat' dir='ltr'><strong>rex</strong></span> <span class='ocrx_word' id='word_1_776' title='bbox 1525 1982 1638 2010; x_wconf 84' lang='lat' dir='ltr'><strong>Sedecia</strong></span> <span class='ocrx_word' id='word_1_777' title='bbox 1652 1982 1699 2016; x_wconf 70' lang='grc' dir='ltr'><strong>(νη)</strong></span> 
     </span>
    </p>
   </div>
   <div class='ocr_carea' id='block_1_87' title="bbox 910 2027 1700 2062">
    <p class='ocr_par' dir='ltr' id='par_1_87' title="bbox 910 2027 1700 2062">
     <span class='ocr_line' id='line_1_87' title="bbox 910 2027 1700 2062; baseline -0.001 -6"><span class='ocrx_word' id='word_1_778' title='bbox 910 2029 934 2056; x_wconf 91' lang='lat' dir='ltr'><strong>ei</strong></span> <span class='ocrx_word' id='word_1_779' title='bbox 948 2030 975 2056; x_wconf 93' lang='lat' dir='ltr'><strong>in</strong></span> <span class='ocrx_word' id='word_1_780' title='bbox 994 2029 1112 2060; x_wconf 86' lang='lat' dir='ltr'><strong>occulto,</strong></span> <span class='ocrx_word' id='word_1_781' title='bbox 1127 2028 1221 2055; x_wconf 81' lang='lat' dir='ltr'><strong>dicens</strong></span> <span class='ocrx_word' id='word_1_782' title='bbox 1234 2037 1239 2054; x_wconf 89' lang='lat'>:</span> <span class='ocrx_word' id='word_1_783' title='bbox 1252 2027 1323 2054; x_wconf 87' lang='lat' dir='ltr'><strong>Vivit</strong></span> <span class='ocrx_word' id='word_1_784' title='bbox 1335 2028 1478 2061; x_wconf 85' lang='lat' dir='ltr'><strong>Dominus,</strong></span> <span class='ocrx_word' id='word_1_785' title='bbox 1488 2028 1533 2062; x_wconf 89' lang='lat' dir='ltr'><strong>qui</strong></span> <span class='ocrx_word' id='word_1_786' title='bbox 1547 2027 1610 2055; x_wconf 86' lang='lat' dir='ltr'><strong>fecit</strong></span> <span class='ocrx_word' id='word_1_787' title='bbox 1622 2028 1700 2056; x_wconf 88' lang='lat' dir='ltr'><strong>nobis</strong></span> 
     </span>
    </p>
   </div>
   <div class='ocr_carea' id='block_1_88' title="bbox 911 2073 1699 2106">
    <p class='ocr_par' dir='ltr' id='par_1_88' title="bbox 911 2073 1699 2106">
     <span class='ocr_line' id='line_1_88' title="bbox 911 2073 1699 2106; baseline 0 -5"><span class='ocrx_word' id='word_1_788' title='bbox 911 2075 1029 2101; x_wconf 87' lang='lat' dir='ltr'><strong>animam</strong></span> <span class='ocrx_word' id='word_1_789' title='bbox 1050 2075 1130 2106; x_wconf 79' lang='lat' dir='ltr'><strong>lianc,</strong></span> <span class='ocrx_word' id='word_1_790' title='bbox 1150 2074 1173 2101; x_wconf 91' lang='lat' dir='ltr'><strong>si</strong></span> <span class='ocrx_word' id='word_1_791' title='bbox 1190 2073 1350 2101; x_wconf 84' lang='lat' dir='ltr'><strong>interfecero</strong></span> <span class='ocrx_word' id='word_1_792' title='bbox 1368 2079 1404 2104; x_wconf 84' lang='lat' dir='ltr'><strong>te,</strong></span> <span class='ocrx_word' id='word_1_793' title='bbox 1429 2078 1454 2100; x_wconf 85' lang='lat' dir='ltr'><strong>et</strong></span> <span class='ocrx_word' id='word_1_794' title='bbox 1479 2073 1500 2100; x_wconf 88' lang='lat' dir='ltr'><strong>si</strong></span> <span class='ocrx_word' id='word_1_795' title='bbox 1520 2073 1657 2101; x_wconf 87' lang='lat' dir='ltr'><strong>tradidero</strong></span> <span class='ocrx_word' id='word_1_796' title='bbox 1672 2079 1699 2102; x_wconf 87' lang='lat' dir='ltr'><strong>te</strong></span> 
     </span>
    </p>
   </div>
   <div class='ocr_carea' id='block_1_89' title="bbox 912 2119 1699 2154">
    <p class='ocr_par' dir='ltr' id='par_1_89' title="bbox 912 2119 1699 2154">
     <span class='ocr_line' id='line_1_89' title="bbox 912 2119 1699 2154; baseline 0.001 -8"><span class='ocrx_word' id='word_1_797' title='bbox 912 2120 940 2146; x_wconf 93' lang='lat' dir='ltr'><strong>iu</strong></span> <span class='ocrx_word' id='word_1_798' title='bbox 953 2127 1049 2147; x_wconf 88' lang='lat' dir='ltr'><strong>manus</strong></span> <span class='ocrx_word' id='word_1_799' title='bbox 1064 2119 1205 2146; x_wconf 90' lang='lat' dir='ltr'><strong>hominum</strong></span> <span class='ocrx_word' id='word_1_800' title='bbox 1224 2119 1331 2151; x_wconf 90' lang='lat' dir='ltr'><strong>horum,</strong></span> <span class='ocrx_word' id='word_1_801' title='bbox 1343 2121 1375 2153; x_wconf 90' lang='grc' dir='ltr'><strong>Χ</strong></span> <span class='ocrx_word' id='word_1_802' title='bbox 1385 2119 1564 2154; x_wconf 77' lang='lat' dir='ltr'><strong>quaerentium</strong></span> <span class='ocrx_word' id='word_1_803' title='bbox 1579 2120 1699 2147; x_wconf 83' lang='lat' dir='ltr'><strong>animam</strong></span> 
     </span>
    </p>
   </div>
   <div class='ocr_carea' id='block_1_90' title="bbox 74 2161 1701 2201">
    <p class='ocr_par' dir='ltr' id='par_1_90' title="bbox 74 2161 1701 2201">
     <span class='ocr_line' id='line_1_90' title="bbox 74 2161 1701 2201; baseline 0 -9"><span class='ocrx_word' id='word_1_804' title='bbox 74 2173 173 2193; x_wconf 85' lang='lat' dir='ltr'><strong>manus</strong></span> <span class='ocrx_word' id='word_1_805' title='bbox 197 2165 340 2200; x_wconf 81' lang='lat' dir='ltr'><strong>potestatis</strong></span> <span class='ocrx_word' id='word_1_806' title='bbox 365 2166 436 2200; x_wconf 73' lang='lat' dir='ltr'><strong>regis</strong></span> <span class='ocrx_word' id='word_1_807' title='bbox 453 2164 612 2201; x_wconf 76' lang='lat' dir='ltr'><strong>Babylonis,</strong></span> <span class='ocrx_word' id='word_1_808' title='bbox 636 2170 662 2192; x_wconf 82' lang='lat' dir='ltr'><strong>et</strong></span> <span class='ocrx_word' id='word_1_809' title='bbox 681 2165 769 2199; x_wconf 88' lang='lat' dir='ltr'><strong>capiet</strong></span> <span class='ocrx_word' id='word_1_810' title='bbox 786 2172 858 2192; x_wconf 82' lang='lat' dir='ltr'><strong>eam.</strong></span> <span class='ocrx_word' id='word_1_811' title='bbox 875 2161 898 2190; x_wconf 88' lang='lat' dir='ltr'><strong>D</strong></span> <span class='ocrx_word' id='word_1_812' title='bbox 912 2169 986 2192; x_wconf 84' lang='lat' dir='ltr'><strong>tuam</strong></span> <span class='ocrx_word' id='word_1_813' title='bbox 1000 2165 1023 2199; x_wconf 71' lang='grc' dir='ltr'><em>ζ.</em></span> <span class='ocrx_word' id='word_1_814' title='bbox 1038 2165 1079 2191; x_wconf 87' lang='grc'><em>17.</em></span> <span class='ocrx_word' id='word_1_815' title='bbox 1095 2164 1127 2191; x_wconf 84' lang='grc' dir='ltr'>Ει</span> <span class='ocrx_word' id='word_1_816' title='bbox 1142 2165 1207 2192; x_wconf 86' lang='lat' dir='ltr'><strong>dixit</strong></span> <span class='ocrx_word' id='word_1_817' title='bbox 1225 2164 1343 2192; x_wconf 88' lang='lat' dir='ltr'><strong>Ieremia</strong></span> <span class='ocrx_word' id='word_1_818' title='bbox 1362 2165 1399 2199; x_wconf 77' lang='grc' dir='ltr'>(ιι)</span> <span class='ocrx_word' id='word_1_819' title='bbox 1411 2164 1435 2191; x_wconf 86' lang='lat' dir='ltr'><strong>ei</strong></span> <span class='ocrx_word' id='word_1_820' title='bbox 1451 2165 1515 2192; x_wconf 77' lang='lat' dir='ltr'><strong>:Sie</strong></span> <span class='ocrx_word' id='word_1_821' title='bbox 1530 2165 1598 2192; x_wconf 78' lang='lat' dir='ltr'><strong>dixit</strong></span> <span class='ocrx_word' id='word_1_822' title='bbox 1612 2164 1701 2192; x_wconf 43' lang='lat' dir='ltr'><strong>Domi‘</strong></span> 
     </span>
    </p>
   </div>
   <div class='ocr_carea' id='block_1_91' title="bbox 71 2208 1699 2250">
    <p class='ocr_par' dir='ltr' id='par_1_91' title="bbox 71 2208 1699 2250">
     <span class='ocr_line' id='line_1_91' title="bbox 71 2208 1699 2250; baseline -0.001 -12"><span class='ocrx_word' id='word_1_823' title='bbox 71 2211 99 2238; x_wconf 68' lang='lat'><strong>4.</strong></span> <span class='ocrx_word' id='word_1_824' title='bbox 122 2210 155 2238; x_wconf 85' lang='lat' dir='ltr'><strong>Et</strong></span> <span class='ocrx_word' id='word_1_825' title='bbox 171 2211 303 2250; x_wconf 37' lang='lat' dir='ltr'><strong>dixerunt.</strong></span> <span class='ocrx_word' id='word_1_826' title='bbox 323 2212 356 2244; x_wconf 89' lang='grc' dir='ltr'><strong>Χ</strong></span> <span class='ocrx_word' id='word_1_827' title='bbox 377 2211 513 2246; x_wconf 85' lang='lat' dir='ltr'><strong>principes</strong></span> <span class='ocrx_word' id='word_1_828' title='bbox 529 2211 540 2246; x_wconf 66' lang='grc' dir='ltr'>ζ</span> <span class='ocrx_word' id='word_1_829' title='bbox 569 2210 624 2245; x_wconf 77' lang='lat' dir='ltr'><strong>regi</strong></span> <span class='ocrx_word' id='word_1_830' title='bbox 642 2219 648 2237; x_wconf 95' lang='lat'><strong>:</strong></span> <span class='ocrx_word' id='word_1_831' title='bbox 666 2210 812 2238; x_wconf 81' lang='lat' dir='ltr'><strong>Occidatur</strong></span> <span class='ocrx_word' id='word_1_832' title='bbox 826 2210 858 2242; x_wconf 86' lang='grc' dir='ltr'><strong>Χ</strong></span> <span class='ocrx_word' id='word_1_833' title='bbox 914 2211 1009 2243; x_wconf 75' lang='grc' dir='ltr'>ιιιιεΧ</span> <span class='ocrx_word' id='word_1_834' title='bbox 1024 2208 1096 2236; x_wconf 83' lang='lat' dir='ltr'><strong>Deus</strong></span> <span class='ocrx_word' id='word_1_835' title='bbox 1111 2210 1242 2236; x_wconf 87' lang='lat' dir='ltr'><strong>virtutum</strong></span> <span class='ocrx_word' id='word_1_836' title='bbox 1268 2210 1279 2244; x_wconf 71' lang='grc' dir='ltr'>ζ</span> <span class='ocrx_word' id='word_1_837' title='bbox 1296 2209 1368 2236; x_wconf 89' lang='lat' dir='ltr'><strong>Deus</strong></span> <span class='ocrx_word' id='word_1_838' title='bbox 1384 2209 1490 2237; x_wconf 76' lang='lat' dir='ltr'><strong>ISI&#39;llCIIS</strong></span> <span class='ocrx_word' id='word_1_839' title='bbox 1506 2219 1512 2236; x_wconf 92' lang='lat'>:</span> <span class='ocrx_word' id='word_1_840' title='bbox 1529 2210 1556 2236; x_wconf 93' lang='lat' dir='ltr'><strong>Si</strong></span> <span class='ocrx_word' id='word_1_841' title='bbox 1574 2210 1699 2237; x_wconf 85' lang='lat' dir='ltr'><strong>exeundo</strong></span> 
     </span>
    </p>
   </div>
   <div class='ocr_carea' id='block_1_92' title="bbox 72 2255 1699 2292">
    <p class='ocr_par' dir='ltr' id='par_1_92' title="bbox 72 2255 1699 2292">
     <span class='ocr_line' id='line_1_92' title="bbox 72 2255 1699 2292; baseline -0.001 -7"><span class='ocrx_word' id='word_1_842' title='bbox 72 2265 146 2285; x_wconf 89' lang='lat' dir='ltr'><strong>nunc</strong></span> <span class='ocrx_word' id='word_1_843' title='bbox 163 2257 175 2291; x_wconf 71' lang='grc' dir='ltr'>ζ</span> <span class='ocrx_word' id='word_1_844' title='bbox 194 2258 276 2285; x_wconf 86' lang='grc' dir='ltr'>Ιιοιηο</span> <span class='ocrx_word' id='word_1_845' title='bbox 290 2257 344 2289; x_wconf 89' lang='lat' dir='ltr'><strong>ille,</strong></span> <span class='ocrx_word' id='word_1_846' title='bbox 363 2257 425 2292; x_wconf 90' lang='lat' dir='ltr'><strong>quia</strong></span> <span class='ocrx_word' id='word_1_847' title='bbox 443 2258 475 2291; x_wconf 95' lang='grc' dir='ltr'><strong>Χ</strong></span> <span class='ocrx_word' id='word_1_848' title='bbox 492 2265 573 2292; x_wconf 86' lang='lat' dir='ltr'><strong>super</strong></span> <span class='ocrx_word' id='word_1_849' title='bbox 589 2257 640 2284; x_wconf 90' lang='lat' dir='ltr'><strong>hoc</strong></span> <span class='ocrx_word' id='word_1_850' title='bbox 657 2257 668 2291; x_wconf 70' lang='grc' dir='ltr'>ζ</span> <span class='ocrx_word' id='word_1_851' title='bbox 685 2257 743 2292; x_wconf 91' lang='lat' dir='ltr'><strong>ipse</strong></span> <span class='ocrx_word' id='word_1_852' title='bbox 760 2256 858 2284; x_wconf 87' lang='lat' dir='ltr'><strong>dissol-</strong></span> <span class='ocrx_word' id='word_1_853' title='bbox 912 2255 1030 2282; x_wconf 84' lang='lat' dir='ltr'><strong>exivcris</strong></span> <span class='ocrx_word' id='word_1_854' title='bbox 1041 2255 1074 2282; x_wconf 91' lang='lat' dir='ltr'><strong>ad</strong></span> <span class='ocrx_word' id='word_1_855' title='bbox 1091 2256 1126 2289; x_wconf 88' lang='lat'><strong>(0)</strong></span> <span class='ocrx_word' id='word_1_856' title='bbox 1145 2256 1228 2282; x_wconf 86' lang='lat' dir='ltr'><strong>duces</strong></span> <span class='ocrx_word' id='word_1_857' title='bbox 1254 2255 1324 2290; x_wconf 85' lang='lat' dir='ltr'><strong>regis</strong></span> <span class='ocrx_word' id='word_1_858' title='bbox 1344 2255 1500 2290; x_wconf 75' lang='lat' dir='ltr'><strong>Babylonis,</strong></span> <span class='ocrx_word' id='word_1_859' title='bbox 1519 2256 1590 2283; x_wconf 86' lang='lat' dir='ltr'><strong>vivet</strong></span> <span class='ocrx_word' id='word_1_860' title='bbox 1607 2256 1699 2284; x_wconf 85' lang='lat' dir='ltr'><strong>anima</strong></span> 
     </span>
    </p>
   </div>
   <div class='ocr_carea' id='block_1_93' title="bbox 69 2301 1699 2339">
    <p class='ocr_par' dir='ltr' id='par_1_93' title="bbox 69 2301 1699 2339">
     <span class='ocr_line' id='line_1_93' title="bbox 69 2301 1699 2339; baseline 0 -9"><span class='ocrx_word' id='word_1_861' title='bbox 69 2303 110 2331; x_wconf 89' lang='lat' dir='ltr'><strong>vit</strong></span> <span class='ocrx_word' id='word_1_862' title='bbox 126 2310 224 2330; x_wconf 88' lang='lat' dir='ltr'><strong>manus</strong></span> <span class='ocrx_word' id='word_1_863' title='bbox 239 2302 379 2330; x_wconf 90' lang='lat' dir='ltr'><strong>hominum</strong></span> <span class='ocrx_word' id='word_1_864' title='bbox 393 2301 551 2330; x_wconf 89' lang='lat' dir='ltr'><strong>bellantium</strong></span> <span class='ocrx_word' id='word_1_865' title='bbox 565 2322 572 2334; x_wconf 92' lang='lat'><strong>,</strong></span> <span class='ocrx_word' id='word_1_866' title='bbox 602 2303 641 2338; x_wconf 79' lang='grc' dir='ltr'>(ιι)</span> <span class='ocrx_word' id='word_1_867' title='bbox 655 2302 814 2339; x_wconf 87' lang='lat' dir='ltr'><strong>restantium</strong></span> <span class='ocrx_word' id='word_1_868' title='bbox 831 2301 857 2328; x_wconf 91' lang='lat' dir='ltr'><strong>in</strong></span> <span class='ocrx_word' id='word_1_869' title='bbox 915 2307 969 2334; x_wconf 89' lang='lat' dir='ltr'><strong>tua,</strong></span> <span class='ocrx_word' id='word_1_870' title='bbox 984 2306 1011 2328; x_wconf 92' lang='lat' dir='ltr'><strong>et</strong></span> <span class='ocrx_word' id='word_1_871' title='bbox 1028 2301 1093 2329; x_wconf 88' lang='lat' dir='ltr'><strong>urbs</strong></span> <span class='ocrx_word' id='word_1_872' title='bbox 1109 2302 1165 2329; x_wconf 78' lang='lat' dir='ltr'><strong>hzec</strong></span> <span class='ocrx_word' id='word_1_873' title='bbox 1179 2310 1231 2328; x_wconf 85' lang='lat' dir='ltr'><strong>non</strong></span> <span class='ocrx_word' id='word_1_874' title='bbox 1247 2302 1425 2329; x_wconf 87' lang='lat' dir='ltr'><strong>comburctnr</strong></span> <span class='ocrx_word' id='word_1_875' title='bbox 1448 2302 1475 2328; x_wconf 91' lang='lat' dir='ltr'><strong>in</strong></span> <span class='ocrx_word' id='word_1_876' title='bbox 1499 2302 1569 2338; x_wconf 81' lang='lat' dir='ltr'><strong>igne,</strong></span> <span class='ocrx_word' id='word_1_877' title='bbox 1581 2308 1607 2330; x_wconf 91' lang='lat' dir='ltr'><strong>et</strong></span> <span class='ocrx_word' id='word_1_878' title='bbox 1624 2303 1699 2330; x_wconf 86' lang='lat' dir='ltr'><strong>vives</strong></span> 
     </span>
    </p>
   </div>
   <div class='ocr_carea' id='block_1_94' title="bbox 1588 2348 1597 2359">
    <p class='ocr_par' dir='ltr' id='par_1_94' title="bbox 1588 2348 1597 2359">
     <span class='ocr_line' id='line_1_94' title="bbox 1588 2348 1597 2359; baseline 0 0"><span class='ocrx_word' id='word_1_879' title='bbox 1588 2348 1597 2359; x_wconf 63' lang='grc' dir='ltr'><em>β</em></span> 
     </span>
    </p>
   </div>
   <div class='ocr_carea' id='block_1_95' title="bbox 115 2393 1700 2430">
    <p class='ocr_par' dir='ltr' id='par_1_95' title="bbox 115 2393 1700 2430">
     <span class='ocr_line' id='line_1_95' title="bbox 115 2393 1700 2430; baseline 0 -8"><span class='ocrx_word' id='word_1_880' title='bbox 115 2395 154 2430; x_wconf 74' lang='grc' dir='ltr'>(ιι)</span> <span class='ocrx_word' id='word_1_881' title='bbox 177 2394 218 2426; x_wconf 90' lang='lat' dir='ltr'><strong>S.,</strong></span> <span class='ocrx_word' id='word_1_882' title='bbox 231 2402 293 2421; x_wconf 88' lang='lat' dir='ltr'><strong>cum</strong></span> <span class='ocrx_word' id='word_1_883' title='bbox 311 2401 375 2421; x_wconf 87' lang='lat' dir='ltr'><strong>vero</strong></span> <span class='ocrx_word' id='word_1_884' title='bbox 393 2393 525 2430; x_wconf 34' lang='lat' dir='ltr'><strong>recessit,</strong></span> <span class='ocrx_word' id='word_1_885' title='bbox 554 2393 647 2430; x_wconf 52' lang='lat' dir='ltr'><strong>(bitt,</strong></span> <span class='ocrx_word' id='word_1_886' title='bbox 664 2393 767 2430; x_wconf 50' lang='grc' dir='ltr'>ΤΙιτιιιι</span> <span class='ocrx_word' id='word_1_887' title='bbox 781 2398 883 2428; x_wconf 83' lang='lat' dir='ltr'><strong>partem</strong></span> <span class='ocrx_word' id='word_1_888' title='bbox 899 2395 1044 2428; x_wconf 63' lang='lat' dir='ltr'><strong>acriperct.</strong></span> <span class='ocrx_word' id='word_1_889' title='bbox 1081 2394 1116 2429; x_wconf 72' lang='grc' dir='ltr'><strong>(ε)</strong></span> <span class='ocrx_word' id='word_1_890' title='bbox 1134 2394 1245 2421; x_wconf 76' lang='lat' dir='ltr'><strong>Panem.</strong></span> <span class='ocrx_word' id='word_1_891' title='bbox 1270 2394 1323 2430; x_wconf 44' lang='grc' dir='ltr'>ιιι)</span> <span class='ocrx_word' id='word_1_892' title='bbox 1348 2395 1392 2425; x_wconf 83' lang='grc' dir='ltr'><em>Α..</em></span> <span class='ocrx_word' id='word_1_893' title='bbox 1419 2399 1445 2421; x_wconf 93' lang='lat' dir='ltr'><strong>et</strong></span> <span class='ocrx_word' id='word_1_894' title='bbox 1464 2394 1499 2420; x_wconf 77' lang='lat' dir='ltr'><strong>ibi</strong></span> <span class='ocrx_word' id='word_1_895' title='bbox 1517 2403 1571 2428; x_wconf 83' lang='lat' dir='ltr'><strong>quo</strong></span> <span class='ocrx_word' id='word_1_896' title='bbox 1595 2401 1659 2430; x_wconf 84' lang='lat' dir='ltr'><strong>sunt</strong></span> <span class='ocrx_word' id='word_1_897' title='bbox 1675 2396 1700 2422; x_wconf 88' lang='lat' dir='ltr'><strong>ei</strong></span> 
     </span>
    </p>
   </div>
   <div class='ocr_carea' id='block_1_96' title="bbox 71 2428 1698 2464">
    <p class='ocr_par' dir='ltr' id='par_1_96' title="bbox 71 2428 1698 2464">
     <span class='ocr_line' id='line_1_96' title="bbox 71 2428 1698 2464; baseline 0.001 -7"><span class='ocrx_word' id='word_1_898' title='bbox 71 2428 256 2461; x_wconf 59' lang='lat' dir='ltr'><strong>v&#39;isilaliones,</strong></span> <span class='ocrx_word' id='word_1_899' title='bbox 287 2434 315 2456; x_wconf 81' lang='lat' dir='ltr'><strong>et</strong></span> <span class='ocrx_word' id='word_1_900' title='bbox 329 2429 463 2464; x_wconf 26' lang='lat' dir='ltr'><strong>nomeoﬂei</strong></span> <span class='ocrx_word' id='word_1_901' title='bbox 480 2428 556 2464; x_wconf 17' lang='lat' dir='ltr'><strong>Arria.</strong></span> <span class='ocrx_word' id='word_1_902' title='bbox 574 2428 615 2459; x_wconf 80' lang='grc'><em>8.,</em></span> <span class='ocrx_word' id='word_1_903' title='bbox 629 2433 687 2455; x_wconf 87' lang='lat' dir='ltr'><strong>erat</strong></span> <span class='ocrx_word' id='word_1_904' title='bbox 703 2429 752 2460; x_wconf 86' lang='lat' dir='ltr'><strong>ibi,</strong></span> <span class='ocrx_word' id='word_1_905' title='bbox 768 2436 825 2464; x_wconf 71' lang='lat' dir='ltr'><strong>quo</strong></span> <span class='ocrx_word' id='word_1_906' title='bbox 839 2434 902 2456; x_wconf 85' lang='lat' dir='ltr'><strong>sunt</strong></span> <span class='ocrx_word' id='word_1_907' title='bbox 921 2430 945 2456; x_wconf 86' lang='lat' dir='ltr'><strong>ei</strong></span> <span class='ocrx_word' id='word_1_908' title='bbox 964 2430 1144 2460; x_wconf 84' lang='lat' dir='ltr'><strong>visitationes,</strong></span> <span class='ocrx_word' id='word_1_909' title='bbox 1155 2437 1253 2456; x_wconf 87' lang='lat' dir='ltr'><strong>nomen</strong></span> <span class='ocrx_word' id='word_1_910' title='bbox 1270 2428 1344 2456; x_wconf 85' lang='lat' dir='ltr'><strong>Uria.</strong></span> <span class='ocrx_word' id='word_1_911' title='bbox 1377 2430 1411 2464; x_wconf 75' lang='grc' dir='ltr'><strong>(ε)</strong></span> <span class='ocrx_word' id='word_1_912' title='bbox 1424 2430 1573 2462; x_wconf 75' lang='grc' dir='ltr'><strong>ιΑΡοΥιΑ,</strong></span> <span class='ocrx_word' id='word_1_913' title='bbox 1590 2429 1698 2464; x_wconf 78' lang='lat' dir='ltr'><strong>Jarujrt.</strong></span> 
     </span>
    </p>
   </div>
   <div class='ocr_carea' id='block_1_97' title="bbox 71 2463 1699 2502">
    <p class='ocr_par' dir='ltr' id='par_1_97' title="bbox 71 2463 1699 2502">
     <span class='ocr_line' id='line_1_97' title="bbox 71 2463 1699 2502; baseline 0.001 -11"><span class='ocrx_word' id='word_1_914' title='bbox 71 2467 108 2500; x_wconf 71' lang='grc' dir='ltr'><strong>(ι’)</strong></span> <span class='ocrx_word' id='word_1_915' title='bbox 126 2465 169 2502; x_wconf 46' lang='lat' dir='ltr'><strong>Au</strong></span> <span class='ocrx_word' id='word_1_916' title='bbox 199 2470 226 2491; x_wconf 93' lang='lat' dir='ltr'><strong>tu</strong></span> <span class='ocrx_word' id='word_1_917' title='bbox 257 2464 396 2502; x_wconf 84' lang='lat' dir='ltr'><strong>dilabcris.</strong></span> <span class='ocrx_word' id='word_1_918' title='bbox 421 2463 462 2493; x_wconf 79' lang='lat'><strong>8.,</strong></span> <span class='ocrx_word' id='word_1_919' title='bbox 492 2463 568 2502; x_wconf 67' lang='lat' dir='ltr'><strong>dedis</strong></span> <span class='ocrx_word' id='word_1_920' title='bbox 597 2467 633 2502; x_wconf 55' lang='grc' dir='ltr'>ιβ.</span> <span class='ocrx_word' id='word_1_921' title='bbox 665 2463 781 2502; x_wconf 37' lang='grc' dir='ltr'><strong>’(9)ΠΧ</strong></span> <span class='ocrx_word' id='word_1_922' title='bbox 811 2463 879 2502; x_wconf 84' lang='lat' dir='ltr'><strong>Quia</strong></span> <span class='ocrx_word' id='word_1_923' title='bbox 908 2465 987 2502; x_wconf 65' lang='lat' dir='ltr'><strong>turba</strong></span> <span class='ocrx_word' id='word_1_924' title='bbox 1017 2465 1090 2502; x_wconf 71' lang='lat' dir='ltr'><strong>venit</strong></span> <span class='ocrx_word' id='word_1_925' title='bbox 1119 2465 1146 2492; x_wconf 87' lang='lat' dir='ltr'><strong>in</strong></span> <span class='ocrx_word' id='word_1_926' title='bbox 1169 2465 1284 2502; x_wconf 75' lang='lat' dir='ltr'><strong>domum</strong></span> <span class='ocrx_word' id='word_1_927' title='bbox 1317 2464 1420 2502; x_wconf 69' lang='lat' dir='ltr'><strong>foveae,</strong></span> <span class='ocrx_word' id='word_1_928' title='bbox 1455 2469 1482 2492; x_wconf 85' lang='lat' dir='ltr'><strong>et</strong></span> <span class='ocrx_word' id='word_1_929' title='bbox 1509 2464 1535 2490; x_wconf 92' lang='lat' dir='ltr'><strong>in</strong></span> <span class='ocrx_word' id='word_1_930' title='bbox 1569 2463 1699 2502; x_wconf 61' lang='lat' dir='ltr'><strong>Qhareth.</strong></span> 
     </span>
    </p>
   </div>
   <div class='ocr_carea' id='block_1_98' title="bbox 72 2498 851 2536">
    <p class='ocr_par' dir='ltr' id='par_1_98' title="bbox 72 2498 851 2536">
     <span class='ocr_line' id='line_1_98' title="bbox 72 2498 851 2536; baseline -0.003 -10"><span class='ocrx_word' id='word_1_931' title='bbox 72 2498 112 2536; x_wconf 68' lang='lat' dir='ltr'><strong>(Ii)</strong></span> <span class='ocrx_word' id='word_1_932' title='bbox 143 2500 241 2536; x_wconf 66' lang='lat' dir='ltr'><strong>S.,_et</strong></span> <span class='ocrx_word' id='word_1_933' title='bbox 264 2500 404 2536; x_wconf 70' lang='lat' dir='ltr'><strong>ingressus</strong></span> <span class='ocrx_word' id='word_1_934' title='bbox 429 2498 567 2536; x_wconf 81' lang='lat' dir='ltr'><strong>e_st.___(i)</strong></span> <span class='ocrx_word' id='word_1_935' title='bbox 594 2498 638 2528; x_wconf 84' lang='grc' dir='ltr'><strong>Λ..</strong></span> <span class='ocrx_word' id='word_1_936' title='bbox 664 2498 692 2536; x_wconf 79' lang='lat' dir='ltr'><strong>in</strong></span> <span class='ocrx_word' id='word_1_937' title='bbox 721 2498 851 2536; x_wconf 79' lang='lat' dir='ltr'><strong>diversori</strong></span> 
     </span>
    </p>
   </div>
   <div class='ocr_carea' id='block_1_99' title="bbox 903 2498 1418 2536">
    <p class='ocr_par' dir='ltr' id='par_1_99' title="bbox 912 2498 1418 2536">
     <span class='ocr_line' id='line_1_99' title="bbox 912 2498 1418 2536; baseline 0 -11"><span class='ocrx_word' id='word_1_938' title='bbox 912 2498 1000 2536; x_wconf 78' lang='lat' dir='ltr'><strong>$.,_in</strong></span> <span class='ocrx_word' id='word_1_939' title='bbox 1018 2500 1128 2527; x_wconf 84' lang='lat' dir='ltr'><strong>domum</strong></span> <span class='ocrx_word' id='word_1_940' title='bbox 1151 2500 1273 2536; x_wconf 80' lang='lat' dir='ltr'><strong>claustri.</strong></span> <span class='ocrx_word' id='word_1_941' title='bbox 1288 2534 1294 2536; x_wconf 89' lang='lat'>_</span> <span class='ocrx_word' id='word_1_942' title='bbox 1314 2499 1350 2536; x_wconf 72' lang='lat' dir='ltr'><strong>(It)</strong></span> <span class='ocrx_word' id='word_1_943' title='bbox 1372 2500 1418 2536; x_wconf 67' lang='grc' dir='ltr'><strong>Α..</strong></span> 
     </span>
    </p>
   </div>
   <div class='ocr_carea' id='block_1_100' title="bbox 75 2533 1447 2571">
    <p class='ocr_par' dir='ltr' id='par_1_100' title="bbox 75 2533 1447 2571">
     <span class='ocr_line' id='line_1_100' title="bbox 75 2533 1447 2571; baseline -0.001 -9"><span class='ocrx_word' id='word_1_944' title='bbox 75 2533 110 2571; x_wconf 73' lang='grc' dir='ltr'><strong>(ι)</strong></span> <span class='ocrx_word' id='word_1_945' title='bbox 131 2534 177 2566; x_wconf 84' lang='grc' dir='ltr'><em>Λ.,</em></span> <span class='ocrx_word' id='word_1_946' title='bbox 193 2533 234 2566; x_wconf 91' lang='lat' dir='ltr'><strong>S.,</strong></span> <span class='ocrx_word' id='word_1_947' title='bbox 253 2534 317 2568; x_wconf 90' lang='lat' dir='ltr'><strong>quid</strong></span> <span class='ocrx_word' id='word_1_948' title='bbox 331 2533 445 2571; x_wconf 74' lang='lat' dir='ltr'><strong>peccavi</strong></span> <span class='ocrx_word' id='word_1_949' title='bbox 474 2533 538 2571; x_wconf 86' lang='lat' dir='ltr'><strong>tibi,_</strong></span> <span class='ocrx_word' id='word_1_950' title='bbox 562 2538 589 2559; x_wconf 92' lang='lat' dir='ltr'><strong>et</strong></span> <span class='ocrx_word' id='word_1_951' title='bbox 615 2533 702 2571; x_wconf 80' lang='lat' dir='ltr'><strong>servis</strong></span> <span class='ocrx_word' id='word_1_952' title='bbox 714 2533 785 2571; x_wconf 67' lang='lat' dir='ltr'><strong>tuis,</strong></span> <span class='ocrx_word' id='word_1_953' title='bbox 800 2537 827 2559; x_wconf 91' lang='lat' dir='ltr'><strong>et</strong></span> <span class='ocrx_word' id='word_1_954' title='bbox 843 2534 943 2571; x_wconf 86' lang='lat' dir='ltr'><strong>popqu</strong></span> <span class='ocrx_word' id='word_1_955' title='bbox 958 2533 1031 2562; x_wconf 90' lang='lat' dir='ltr'><strong>huic.</strong></span> <span class='ocrx_word' id='word_1_956' title='bbox 1070 2535 1117 2571; x_wconf 89' lang='lat' dir='ltr'><strong>(m)</strong></span> <span class='ocrx_word' id='word_1_957' title='bbox 1133 2535 1183 2571; x_wconf 17' lang='lat' dir='ltr'><strong>7A.,</strong></span> <span class='ocrx_word' id='word_1_958' title='bbox 1197 2535 1262 2569; x_wconf 88' lang='lat' dir='ltr'><strong>quia</strong></span> <span class='ocrx_word' id='word_1_959' title='bbox 1280 2533 1377 2562; x_wconf 83' lang='lat' dir='ltr'><strong>dedisti</strong></span> <span class='ocrx_word' id='word_1_960' title='bbox 1395 2543 1447 2571; x_wconf 88' lang='lat' dir='ltr'><strong>me.</strong></span> 
     </span>
    </p>
   </div>
   <div class='ocr_carea' id='block_1_101' title="bbox 73 2568 851 2605">
    <p class='ocr_par' dir='ltr' id='par_1_101' title="bbox 73 2568 851 2605">
     <span class='ocr_line' id='line_1_101' title="bbox 73 2568 851 2605; baseline -0.005 -7"><span class='ocrx_word' id='word_1_961' title='bbox 73 2568 158 2604; x_wconf 83' lang='lat' dir='ltr'><strong>super</strong></span> <span class='ocrx_word' id='word_1_962' title='bbox 177 2573 286 2596; x_wconf 86' lang='lat' dir='ltr'><strong>terram.</strong></span> <span class='ocrx_word' id='word_1_963' title='bbox 301 2602 315 2605; x_wconf 34' lang='grc' dir='ltr'><strong>Α</strong></span> <span class='ocrx_word' id='word_1_964' title='bbox 326 2568 363 2603; x_wconf 70' lang='grc' dir='ltr'><strong>(οι</strong></span> <span class='ocrx_word' id='word_1_965' title='bbox 378 2568 423 2599; x_wconf 85' lang='grc' dir='ltr'><em>Λ.,</em></span> <span class='ocrx_word' id='word_1_966' title='bbox 439 2568 558 2605; x_wconf 76' lang='lat' dir='ltr'><strong>precatio</strong></span> <span class='ocrx_word' id='word_1_967' title='bbox 575 2575 647 2605; x_wconf 72' lang='lat' dir='ltr'><strong>mea.</strong></span> <span class='ocrx_word' id='word_1_968' title='bbox 670 2568 828 2605; x_wconf 59' lang='lat' dir='ltr'><strong>_(_p)_4.,_et</strong></span> <span class='ocrx_word' id='word_1_969' title='bbox 843 2576 851 2605; x_wconf 70' lang='grc' dir='ltr'><strong>ι</strong></span> 
     </span>
    </p>
   </div>
   <div class='ocr_carea' id='block_1_102' title="bbox 903 2568 1700 2605">
    <p class='ocr_par' dir='ltr' id='par_1_102' title="bbox 904 2568 1700 2605">
     <span class='ocr_line' id='line_1_102' title="bbox 904 2568 1700 2605; baseline 0.004 -12"><span class='ocrx_word' id='word_1_970' title='bbox 904 2569 1004 2605; x_wconf 78' lang='lat' dir='ltr'><strong>educas</strong></span> <span class='ocrx_word' id='word_1_971' title='bbox 1014 2577 1071 2605; x_wconf 68' lang='lat' dir='ltr'><strong>me.</strong></span> <span class='ocrx_word' id='word_1_972' title='bbox 1105 2568 1141 2605; x_wconf 86' lang='lat' dir='ltr'><strong>(q)</strong></span> <span class='ocrx_word' id='word_1_973' title='bbox 1164 2568 1213 2601; x_wconf 31' lang='lat' dir='ltr'><strong>S.,’</strong></span> <span class='ocrx_word' id='word_1_974' title='bbox 1224 2574 1253 2596; x_wconf 90' lang='lat' dir='ltr'><strong>ut</strong></span> <span class='ocrx_word' id='word_1_975' title='bbox 1264 2576 1328 2605; x_wconf 32' lang='lat' dir='ltr'><strong>Anon</strong></span> <span class='ocrx_word' id='word_1_976' title='bbox 1344 2570 1455 2596; x_wconf 88' lang='lat' dir='ltr'><strong>moriar.</strong></span> <span class='ocrx_word' id='word_1_977' title='bbox 1505 2568 1541 2604; x_wconf 72' lang='grc' dir='ltr'><strong>(Γ)</strong></span> <span class='ocrx_word' id='word_1_978' title='bbox 1557 2568 1604 2605; x_wconf 71' lang='lat' dir='ltr'><strong>A._,</strong></span> <span class='ocrx_word' id='word_1_979' title='bbox 1622 2577 1700 2605; x_wconf 81' lang='lat' dir='ltr'><strong>men-</strong></span> 
     </span>
    </p>
   </div>
   <div class='ocr_carea' id='block_1_103' title="bbox 73 2601 1701 2638">
    <p class='ocr_par' dir='ltr' id='par_1_103' title="bbox 73 2601 1701 2638">
     <span class='ocr_line' id='line_1_103' title="bbox 73 2601 1701 2638; baseline -0.001 -7"><span class='ocrx_word' id='word_1_980' title='bbox 73 2601 170 2632; x_wconf 72' lang='lat' dir='ltr'><strong>suram</strong></span> <span class='ocrx_word' id='word_1_981' title='bbox 189 2604 277 2637; x_wconf 85' lang='lat' dir='ltr'><strong>panis.</strong></span> <span class='ocrx_word' id='word_1_982' title='bbox 296 2601 337 2635; x_wconf 74' lang='lat'><strong>8.,</strong></span> <span class='ocrx_word' id='word_1_983' title='bbox 357 2607 476 2630; x_wconf 89' lang='lat' dir='ltr'><strong>erustqu</strong></span> <span class='ocrx_word' id='word_1_984' title='bbox 491 2603 578 2637; x_wconf 82' lang='lat' dir='ltr'><strong>panis.</strong></span> <span class='ocrx_word' id='word_1_985' title='bbox 617 2602 651 2638; x_wconf 75' lang='grc' dir='ltr'><strong>(δ)</strong></span> <span class='ocrx_word' id='word_1_986' title='bbox 670 2602 824 2638; x_wconf 64' lang='grc' dir='ltr'><strong>ΜᾼθΘΑΝ,</strong></span> <span class='ocrx_word' id='word_1_987' title='bbox 838 2601 970 2629; x_wconf 78' lang='lat' dir='ltr'><strong>Matt/mn.</strong></span> <span class='ocrx_word' id='word_1_988' title='bbox 1009 2604 1040 2638; x_wconf 85' lang='lat' dir='ltr'><strong>(t)</strong></span> <span class='ocrx_word' id='word_1_989' title='bbox 1056 2601 1240 2635; x_wconf 60' lang='lat' dir='ltr'><strong>A.,in&#39;ictum.</strong></span> <span class='ocrx_word' id='word_1_990' title='bbox 1257 2603 1298 2636; x_wconf 87' lang='lat' dir='ltr'><strong>S.,</strong></span> <span class='ocrx_word' id='word_1_991' title='bbox 1314 2605 1341 2631; x_wconf 91' lang='lat' dir='ltr'><strong>in</strong></span> <span class='ocrx_word' id='word_1_992' title='bbox 1358 2605 1486 2638; x_wconf 64' lang='lat' dir='ltr'><strong>praedam.</strong></span> <span class='ocrx_word' id='word_1_993' title='bbox 1511 2601 1565 2638; x_wconf 37' lang='lat' dir='ltr'><strong>&#39;(u)</strong></span> <span class='ocrx_word' id='word_1_994' title='bbox 1583 2603 1701 2631; x_wconf 84' lang='lat' dir='ltr'><strong>Relicto-</strong></span> 
     </span>
    </p>
   </div>
   <div class='ocr_carea' id='block_1_104' title="bbox 73 2637 1701 2673">
    <p class='ocr_par' dir='ltr' id='par_1_104' title="bbox 73 2637 1701 2673">
     <span class='ocr_line' id='line_1_104' title="bbox 73 2637 1701 2673; baseline 0 -7"><span class='ocrx_word' id='word_1_995' title='bbox 73 2647 148 2667; x_wconf 89' lang='lat' dir='ltr'><strong>rnm.</strong></span> <span class='ocrx_word' id='word_1_996' title='bbox 190 2639 228 2673; x_wconf 69' lang='grc' dir='ltr'><strong>(ι)</strong></span> <span class='ocrx_word' id='word_1_997' title='bbox 240 2639 284 2668; x_wconf 83' lang='grc' dir='ltr'><em>Λ..</em></span> <span class='ocrx_word' id='word_1_998' title='bbox 302 2645 355 2664; x_wconf 90' lang='lat' dir='ltr'><strong>non</strong></span> <span class='ocrx_word' id='word_1_999' title='bbox 379 2642 419 2664; x_wconf 86' lang='lat' dir='ltr'><strong>est</strong></span> <span class='ocrx_word' id='word_1_1000' title='bbox 434 2644 558 2673; x_wconf 61' lang='lat' dir='ltr'><strong>quarens</strong></span> <span class='ocrx_word' id='word_1_1001' title='bbox 575 2645 680 2672; x_wconf 87' lang='lat' dir='ltr'><strong>pacem.</strong></span> <span class='ocrx_word' id='word_1_1002' title='bbox 698 2637 741 2673; x_wconf 60' lang='grc' dir='ltr'><strong>δη</strong></span> <span class='ocrx_word' id='word_1_1003' title='bbox 766 2645 819 2664; x_wconf 85' lang='lat' dir='ltr'><strong>non</strong></span> <span class='ocrx_word' id='word_1_1004' title='bbox 839 2645 964 2671; x_wconf 64' lang='lat' dir='ltr'><strong>quaerens</strong></span> <span class='ocrx_word' id='word_1_1005' title='bbox 981 2646 1014 2673; x_wconf 75' lang='lat' dir='ltr'><strong>ea</strong></span> <span class='ocrx_word' id='word_1_1006' title='bbox 1030 2637 1090 2672; x_wconf 72' lang='lat' dir='ltr'><strong>qua:</strong></span> <span class='ocrx_word' id='word_1_1007' title='bbox 1112 2640 1144 2666; x_wconf 89' lang='lat' dir='ltr'><strong>ad</strong></span> <span class='ocrx_word' id='word_1_1008' title='bbox 1161 2647 1264 2673; x_wconf 84' lang='lat' dir='ltr'><strong>pacem.</strong></span> <span class='ocrx_word' id='word_1_1009' title='bbox 1303 2639 1341 2673; x_wconf 69' lang='grc' dir='ltr'><strong>(υ)</strong></span> <span class='ocrx_word' id='word_1_1010' title='bbox 1359 2639 1400 2671; x_wconf 90' lang='lat' dir='ltr'><strong>S.,</strong></span> <span class='ocrx_word' id='word_1_1011' title='bbox 1419 2647 1465 2666; x_wconf 84' lang='lat' dir='ltr'><strong>rex</strong></span> <span class='ocrx_word' id='word_1_1012' title='bbox 1485 2641 1556 2667; x_wconf 85' lang='lat' dir='ltr'><strong>enim</strong></span> <span class='ocrx_word' id='word_1_1013' title='bbox 1569 2639 1701 2667; x_wconf 79' lang='lat' dir='ltr'><strong>adversus</strong></span> 
     </span>
    </p>
   </div>
   <div class='ocr_carea' id='block_1_105' title="bbox 74 2671 851 2708">
    <p class='ocr_par' dir='ltr' id='par_1_105' title="bbox 74 2671 851 2708">
     <span class='ocr_line' id='line_1_105' title="bbox 74 2671 851 2708; baseline -0.003 -8"><span class='ocrx_word' id='word_1_1014' title='bbox 74 2682 126 2701; x_wconf 78' lang='lat' dir='ltr'><strong>vos</strong></span> <span class='ocrx_word' id='word_1_1015' title='bbox 143 2680 196 2699; x_wconf 90' lang='lat' dir='ltr'><strong>non</strong></span> <span class='ocrx_word' id='word_1_1016' title='bbox 215 2671 311 2706; x_wconf 86' lang='lat' dir='ltr'><strong>poterit</strong></span> <span class='ocrx_word' id='word_1_1017' title='bbox 323 2677 349 2699; x_wconf 91' lang='lat' dir='ltr'><strong>et</strong></span> <span class='ocrx_word' id='word_1_1018' title='bbox 367 2680 419 2699; x_wconf 90' lang='lat' dir='ltr'><strong>non</strong></span> <span class='ocrx_word' id='word_1_1019' title='bbox 438 2672 551 2706; x_wconf 80' lang='lat' dir='ltr'><strong>aliquid.</strong></span> <span class='ocrx_word' id='word_1_1020' title='bbox 576 2671 627 2707; x_wconf 37' lang='lat' dir='ltr'><strong>’(z)</strong></span> <span class='ocrx_word' id='word_1_1021' title='bbox 642 2672 685 2708; x_wconf 68' lang='grc' dir='ltr'><strong>Α..</strong></span> <span class='ocrx_word' id='word_1_1022' title='bbox 702 2671 743 2704; x_wconf 93' lang='lat' dir='ltr'><strong>S.,</strong></span> <span class='ocrx_word' id='word_1_1023' title='bbox 759 2679 851 2699; x_wconf 77' lang='lat' dir='ltr'><strong>eumut</strong></span> 
     </span>
    </p>
   </div>
   <div class='ocr_carea' id='block_1_106' title="bbox 903 2671 1702 2708">
    <p class='ocr_par' dir='ltr' id='par_1_106' title="bbox 918 2671 1702 2708">
     <span class='ocr_line' id='line_1_106' title="bbox 918 2671 1702 2708; baseline 0.005 -10"><span class='ocrx_word' id='word_1_1024' title='bbox 918 2673 956 2707; x_wconf 82' lang='grc' dir='ltr'>(ιι)</span> <span class='ocrx_word' id='word_1_1025' title='bbox 974 2672 1013 2705; x_wconf 82' lang='grc'><em>8.,</em></span> <span class='ocrx_word' id='word_1_1026' title='bbox 1029 2671 1056 2700; x_wconf 85' lang='lat' dir='ltr'><strong>et</strong></span> <span class='ocrx_word' id='word_1_1027' title='bbox 1082 2671 1188 2701; x_wconf 84' lang='lat' dir='ltr'><strong>mersus</strong></span> <span class='ocrx_word' id='word_1_1028' title='bbox 1205 2679 1247 2701; x_wconf 78' lang='lat' dir='ltr'><strong>est</strong></span> <span class='ocrx_word' id='word_1_1029' title='bbox 1274 2671 1391 2701; x_wconf 60' lang='lat' dir='ltr'><strong>Ieremia</strong></span> <span class='ocrx_word' id='word_1_1030' title='bbox 1417 2675 1444 2700; x_wconf 91' lang='lat' dir='ltr'><strong>in</strong></span> <span class='ocrx_word' id='word_1_1031' title='bbox 1469 2681 1560 2702; x_wconf 71' lang='lat' dir='ltr'><strong>emno.</strong></span> <span class='ocrx_word' id='word_1_1032' title='bbox 1598 2674 1634 2708; x_wconf 84' lang='lat' dir='ltr'><strong>(b)</strong></span> <span class='ocrx_word' id='word_1_1033' title='bbox 1660 2675 1702 2702; x_wconf 87' lang='lat' dir='ltr'><strong>Ad</strong></span> 
     </span>
    </p>
   </div>
   <div class='ocr_carea' id='block_1_107' title="bbox 72 2707 851 2743">
    <p class='ocr_par' dir='ltr' id='par_1_107' title="bbox 72 2707 851 2743">
     <span class='ocr_line' id='line_1_107' title="bbox 72 2707 851 2743; baseline -0.001 -8"><span class='ocrx_word' id='word_1_1034' title='bbox 72 2716 150 2736; x_wconf 87' lang='lat' dir='ltr'><strong>eum.</strong></span> <span class='ocrx_word' id='word_1_1035' title='bbox 191 2709 225 2742; x_wconf 76' lang='grc' dir='ltr'><strong>(ε)</strong></span> <span class='ocrx_word' id='word_1_1036' title='bbox 244 2707 289 2740; x_wconf 79' lang='grc' dir='ltr'><strong>Α.⁹</strong></span> <span class='ocrx_word' id='word_1_1037' title='bbox 305 2708 331 2733; x_wconf 93' lang='lat' dir='ltr'><strong>in</strong></span> <span class='ocrx_word' id='word_1_1038' title='bbox 349 2715 458 2734; x_wconf 85' lang='lat' dir='ltr'><strong>manum</strong></span> <span class='ocrx_word' id='word_1_1039' title='bbox 476 2712 560 2734; x_wconf 85' lang='lat' dir='ltr'><strong>tuam.</strong></span> <span class='ocrx_word' id='word_1_1040' title='bbox 599 2708 638 2743; x_wconf 78' lang='grc' dir='ltr'><strong>(ά)</strong></span> <span class='ocrx_word' id='word_1_1041' title='bbox 657 2707 699 2739; x_wconf 83' lang='grc'><em>8.,</em></span> <span class='ocrx_word' id='word_1_1042' title='bbox 716 2711 851 2741; x_wconf 75' lang='lat' dir='ltr'><strong>antequan</strong></span> 
     </span>
    </p>
   </div>
   <div class='ocr_carea' id='block_1_108' title="bbox 903 2707 1702 2743">
    <p class='ocr_par' dir='ltr' id='par_1_108' title="bbox 914 2708 1702 2743">
     <span class='ocr_line' id='line_1_108' title="bbox 914 2708 1702 2743; baseline 0.004 -10"><span class='ocrx_word' id='word_1_1043' title='bbox 914 2708 948 2741; x_wconf 83' lang='grc' dir='ltr'><strong>(ε)</strong></span> <span class='ocrx_word' id='word_1_1044' title='bbox 970 2709 1013 2737; x_wconf 69' lang='grc' dir='ltr'><em>Α..</em></span> <span class='ocrx_word' id='word_1_1045' title='bbox 1030 2708 1072 2739; x_wconf 88' lang='lat' dir='ltr'><strong>S.,</strong></span> <span class='ocrx_word' id='word_1_1046' title='bbox 1096 2709 1196 2736; x_wconf 81' lang='lat' dir='ltr'><strong>ad—sub</strong></span> <span class='ocrx_word' id='word_1_1047' title='bbox 1218 2709 1357 2735; x_wconf 78' lang='lat' dir='ltr'><strong>thesauro.</strong></span> <span class='ocrx_word' id='word_1_1048' title='bbox 1396 2709 1430 2742; x_wconf 67' lang='grc' dir='ltr'><strong>(γ’)</strong></span> <span class='ocrx_word' id='word_1_1049' title='bbox 1453 2711 1498 2740; x_wconf 73' lang='grc' dir='ltr'><em>Α..</em></span> <span class='ocrx_word' id='word_1_1050' title='bbox 1515 2713 1702 2743; x_wconf 65' lang='lat' dir='ltr'><strong>veieramenta</strong></span> 
     </span>
    </p>
   </div>
   <div class='ocr_carea' id='block_1_109' title="bbox 74 2736 1702 2779">
    <p class='ocr_par' dir='ltr' id='par_1_109' title="bbox 74 2736 1702 2779">
     <span class='ocr_line' id='line_1_109' title="bbox 74 2736 1702 2779; baseline 0.001 -10"><span class='ocrx_word' id='word_1_1051' title='bbox 74 2736 228 2779; x_wconf 71' lang='lat' dir='ltr'><strong>pannorum</strong></span> <span class='ocrx_word' id='word_1_1052' title='bbox 241 2736 438 2779; x_wconf 66' lang='lat' dir='ltr'><strong>olisoletorum.</strong></span> <span class='ocrx_word' id='word_1_1053' title='bbox 469 2742 522 2779; x_wconf 2' lang='lat'><strong>7(9),</strong></span> <span class='ocrx_word' id='word_1_1054' title='bbox 533 2736 958 2779; x_wconf 23' lang='lat' dir='ltr'><strong>A.._et:qim&#39;eorrtortalsqlet</strong></span> <span class='ocrx_word' id='word_1_1055' title='bbox 981 2736 1138 2770; x_wconf 78' lang='lat' dir='ltr'><strong>inveterata.</strong></span> <span class='ocrx_word' id='word_1_1056' title='bbox 1154 2744 1185 2777; x_wconf 88' lang='lat'><strong>(‘)</strong></span> <span class='ocrx_word' id='word_1_1057' title='bbox 1207 2743 1262 2770; x_wconf 82' lang='lat' dir='ltr'><strong>Vox</strong></span> <span class='ocrx_word' id='word_1_1058' title='bbox 1290 2743 1372 2779; x_wconf 67' lang='lat' dir='ltr'><strong>fontis</strong></span> <span class='ocrx_word' id='word_1_1059' title='bbox 1390 2736 1482 2773; x_wconf 77' lang='grc' dir='ltr'><strong>ΙΪέιπ..</strong></span> <span class='ocrx_word' id='word_1_1060' title='bbox 1493 2736 1603 2775; x_wconf 53' lang='lat' dir='ltr'><strong>&#39;nvn&#39;m,</strong></span> <span class='ocrx_word' id='word_1_1061' title='bbox 1620 2749 1649 2771; x_wconf 79' lang='lat' dir='ltr'><strong>et</strong></span> <span class='ocrx_word' id='word_1_1062' title='bbox 1665 2736 1702 2771; x_wconf 48' lang='lat' dir='ltr'><strong>si?</strong></span> 
     </span>
    </p>
   </div>
   <div class='ocr_carea' id='block_1_110' title="bbox 74 2776 1702 2813">
    <p class='ocr_par' dir='ltr' id='par_1_110' title="bbox 74 2776 1702 2813">
     <span class='ocr_line' id='line_1_110' title="bbox 74 2776 1702 2813; baseline 0 -9"><span class='ocrx_word' id='word_1_1063' title='bbox 74 2776 199 2810; x_wconf 58' lang='lat' dir='ltr'><strong>ﬁnilicat,</strong></span> <span class='ocrx_word' id='word_1_1064' title='bbox 212 2777 318 2804; x_wconf 70' lang='grc' dir='ltr'>άιιήια.</span> <span class='ocrx_word' id='word_1_1065' title='bbox 334 2777 434 2804; x_wconf 76' lang='grc' dir='ltr'>υιιιειι.</span> <span class='ocrx_word' id='word_1_1066' title='bbox 453 2778 490 2812; x_wconf 86' lang='lat' dir='ltr'><strong>(h)</strong></span> <span class='ocrx_word' id='word_1_1067' title='bbox 508 2778 552 2809; x_wconf 75' lang='grc' dir='ltr'><strong>Α..</strong></span> <span class='ocrx_word' id='word_1_1068' title='bbox 567 2777 585 2813; x_wconf 75' lang='lat' dir='ltr'><em>S</em></span> <span class='ocrx_word' id='word_1_1069' title='bbox 601 2797 608 2809; x_wconf 90' lang='lat'><strong>,</strong></span> <span class='ocrx_word' id='word_1_1070' title='bbox 622 2777 777 2804; x_wconf 81' lang='lat' dir='ltr'><strong>Ieremiam.</strong></span> <span class='ocrx_word' id='word_1_1071' title='bbox 793 2778 823 2811; x_wconf 89' lang='lat' dir='ltr'><strong>(i)</strong></span> <span class='ocrx_word' id='word_1_1072' title='bbox 843 2776 889 2813; x_wconf 62' lang='lat' dir='ltr'><strong>S.1</strong></span> <span class='ocrx_word' id='word_1_1073' title='bbox 905 2778 939 2813; x_wconf 20' lang='lat' dir='ltr'><strong>in,</strong></span> <span class='ocrx_word' id='word_1_1074' title='bbox 954 2777 1092 2804; x_wconf 86' lang='lat' dir='ltr'><strong>introitum</strong></span> <span class='ocrx_word' id='word_1_1075' title='bbox 1109 2779 1228 2813; x_wconf 84' lang='lat' dir='ltr'><strong>tertium.</strong></span> <span class='ocrx_word' id='word_1_1076' title='bbox 1246 2778 1282 2812; x_wconf 72' lang='lat' dir='ltr'><strong>(It)</strong></span> <span class='ocrx_word' id='word_1_1077' title='bbox 1296 2777 1396 2813; x_wconf 78' lang='lat' dir='ltr'><strong>Reliqui</strong></span> <span class='ocrx_word' id='word_1_1078' title='bbox 1413 2787 1422 2805; x_wconf 93' lang='lat'><em>:</em></span> <span class='ocrx_word' id='word_1_1079' title='bbox 1445 2780 1476 2806; x_wconf 88' lang='lat' dir='ltr'><strong>ad</strong></span> <span class='ocrx_word' id='word_1_1080' title='bbox 1491 2779 1646 2806; x_wconf 85' lang='lat' dir='ltr'><strong>Ieremiam.</strong></span> <span class='ocrx_word' id='word_1_1081' title='bbox 1671 2780 1702 2812; x_wconf 82' lang='grc' dir='ltr'><strong>(ι)</strong></span> 
     </span>
    </p>
   </div>
   <div class='ocr_carea' id='block_1_111' title="bbox 74 2811 851 2849">
    <p class='ocr_par' dir='ltr' id='par_1_111' title="bbox 74 2812 851 2847">
     <span class='ocr_line' id='line_1_111' title="bbox 74 2812 851 2847; baseline -0.003 -6"><span class='ocrx_word' id='word_1_1082' title='bbox 74 2814 120 2846; x_wconf 74' lang='grc'><em>8.,</em></span> <span class='ocrx_word' id='word_1_1083' title='bbox 137 2813 193 2840; x_wconf 82' lang='lat' dir='ltr'><strong>seio</strong></span> <span class='ocrx_word' id='word_1_1084' title='bbox 209 2813 379 2844; x_wconf 88' lang='lat' dir='ltr'><strong>omnimodo,</strong></span> <span class='ocrx_word' id='word_1_1085' title='bbox 394 2813 467 2846; x_wconf 88' lang='lat' dir='ltr'><strong>quod</strong></span> <span class='ocrx_word' id='word_1_1086' title='bbox 485 2813 553 2839; x_wconf 87' lang='lat' dir='ltr'><strong>mori</strong></span> <span class='ocrx_word' id='word_1_1087' title='bbox 574 2812 656 2840; x_wconf 83' lang='lat' dir='ltr'><strong>facies</strong></span> <span class='ocrx_word' id='word_1_1088' title='bbox 671 2820 722 2840; x_wconf 90' lang='lat' dir='ltr'><strong>me.</strong></span> <span class='ocrx_word' id='word_1_1089' title='bbox 744 2813 791 2847; x_wconf 78' lang='grc' dir='ltr'><strong>(ιη)</strong></span> <span class='ocrx_word' id='word_1_1090' title='bbox 810 2813 851 2845; x_wconf 76' lang='grc' dir='ltr'><em>Α.,</em></span> 
     </span>
    </p>
   </div>
   <div class='ocr_carea' id='block_1_112' title="bbox 903 2811 1704 2849">
    <p class='ocr_par' dir='ltr' id='par_1_112' title="bbox 905 2811 1704 2849">
     <span class='ocr_line' id='line_1_112' title="bbox 905 2811 1704 2849; baseline 0 -9"><span class='ocrx_word' id='word_1_1091' title='bbox 905 2833 912 2846; x_wconf 86' lang='grc'><strong>,</strong></span> <span class='ocrx_word' id='word_1_1092' title='bbox 926 2812 1059 2840; x_wconf 64' lang='lat' dir='ltr'><strong>Ieremiae.</strong></span> <span class='ocrx_word' id='word_1_1093' title='bbox 1100 2814 1192 2848; x_wconf 54' lang='lat'><strong>(10.4.,</strong></span> <span class='ocrx_word' id='word_1_1094' title='bbox 1209 2811 1254 2844; x_wconf 41' lang='lat' dir='ltr'><strong>S.,&#39;</strong></span> <span class='ocrx_word' id='word_1_1095' title='bbox 1266 2813 1298 2840; x_wconf 92' lang='lat' dir='ltr'><strong>ad</strong></span> <span class='ocrx_word' id='word_1_1096' title='bbox 1317 2811 1469 2842; x_wconf 83' lang='lat' dir='ltr'><strong>Sedeciam.</strong></span> <span class='ocrx_word' id='word_1_1097' title='bbox 1509 2814 1547 2849; x_wconf 84' lang='grc' dir='ltr'><strong>(ο)</strong></span> <span class='ocrx_word' id='word_1_1098' title='bbox 1565 2813 1704 2849; x_wconf 84' lang='lat' dir='ltr'><strong>Principes</strong></span> 
     </span>
    </p>
   </div>
   <div class='ocr_carea' id='block_1_113' title="bbox 237 2860 851 2891">
    <p class='ocr_par' dir='ltr' id='par_1_113' title="bbox 237 2860 554 2891">
     <span class='ocr_line' id='line_1_113' title="bbox 237 2860 554 2891; baseline 0 -1"><span class='ocrx_word' id='word_1_1099' title='bbox 237 2861 372 2890; x_wconf 77' lang='grc' dir='ltr'><strong>ΡΔτιιοι..</strong></span> <span class='ocrx_word' id='word_1_1100' title='bbox 393 2860 451 2891; x_wconf 81' lang='lat' dir='ltr'><strong>Gn.</strong></span> <span class='ocrx_word' id='word_1_1101' title='bbox 472 2860 554 2891; x_wconf 74' lang='lat' dir='ltr'><strong>XVI.</strong></span> 
     </span>
    </p>
   </div>
   <div class='ocr_carea' id='block_1_114' title="bbox 903 2860 1566 2891">
    <p class='ocr_par' dir='ltr' id='par_1_114' title="bbox 1529 2861 1566 2891">
     <span class='ocr_line' id='line_1_114' title="bbox 1529 2861 1566 2891; baseline 0 0"><span class='ocrx_word' id='word_1_1102' title='bbox 1529 2861 1566 2891; x_wconf 82' lang='lat'><strong>&#39;75</strong></span> 
     </span>
    </p>
   </div>
   <div class='ocr_carea' id='block_1_115' title="bbox 1447 2499 1699 2528">
    <p class='ocr_par' dir='ltr' id='par_1_115' title="bbox 1447 2499 1699 2528">
     <span class='ocr_line' id='line_1_115' title="bbox 1447 2499 1699 2528; baseline 0.008 -2"><span class='ocrx_word' id='word_1_1103' title='bbox 1447 2504 1474 2526; x_wconf 89' lang='lat' dir='ltr'><strong>et</strong></span> <span class='ocrx_word' id='word_1_1104' title='bbox 1499 2499 1598 2526; x_wconf 87' lang='lat' dir='ltr'><strong>sumsit</strong></span> <span class='ocrx_word' id='word_1_1105' title='bbox 1624 2508 1699 2528; x_wconf 88' lang='lat' dir='ltr'><strong>cum.</strong></span> 
     </span>
    </p>
   </div>
   <div class='ocr_carea' id='block_1_116' title="bbox 1495 2533 1702 2568">
    <p class='ocr_par' dir='ltr' id='par_1_116' title="bbox 1495 2533 1702 2568">
     <span class='ocr_line' id='line_1_116' title="bbox 1495 2533 1702 2568; baseline 0.014 -9"><span class='ocrx_word' id='word_1_1106' title='bbox 1495 2533 1535 2568; x_wconf 84' lang='grc' dir='ltr'><strong>(η)</strong></span> <span class='ocrx_word' id='word_1_1107' title='bbox 1548 2533 1593 2566; x_wconf 78' lang='grc' dir='ltr'><strong>Α..</strong></span> <span class='ocrx_word' id='word_1_1108' title='bbox 1615 2535 1658 2566; x_wconf 75' lang='lat'><strong>8.,</strong></span> <span class='ocrx_word' id='word_1_1109' title='bbox 1674 2540 1702 2562; x_wconf 78' lang='lat' dir='ltr'><strong>et</strong></span> 
     </span>
    </p>
   </div>
  </div>
