1919 3077
90 138 170 168 2355

91 195 203 228 abiisti,
220 196 253 230 ξε(
267 200 412 226 revertere,
428 195 505 230 virgo
522 195 629 222 Israelis

92 242 184 270 urbes
195 247 256 269 luas
271 242 374 277 lugens.
389 241 434 269 ‘22.
453 240 601 276 Usquequo
613 241 650 276 (κ)
668 240 822 273 reverteris,
837 240 890 266 lilia

93 288 249 324 despecta?
271 288 335 323 quia
353 288 455 315 creavit
475 287 606 314 Dominus
621 286 736 314 salutem
757 293 787 313 νι-
811 285 849 320 (α)
863 285 890 312 in

89 334 298 368 plautalionem
319 335 330 368 ζ
350 341 468 361 novam:
487 333 513 360 in
530 333 616 360 salute
630 332 784 360 circuihnnt
802 331 891 358 homi-

92 387 160 407 nes.
172 379 217 406 23.
232 378 278 407 Sic
287 379 355 406 dixit
372 379 502 406 Dominus
518 380 550 411 Ἀ(
567 378 696 404 virtutum
715 377 785 404 Deus
807 377 893 404 Israe-

93 425 134 453 lis
146 425 158 459 ζ
170 435 177 452 :
190 425 287 452 Adhuc
303 425 394 452 dicent
413 431 567 452 sermonem
584 423 657 450 hunc
672 422 699 449 in
719 427 789 449 terra
805 421 891 454 Iudae,

93 476 125 498 et.
147 471 175 497 in
200 471 313 497 urbibus
333 470 410 504 ejus.
432 469 542 504 quando
560 468 695 496 reduxere
715 467 892 502 demigratio-

94 524 164 543 nem
178 516 239 550 ejus
255 525 262 542 :
280 516 317 550 (ὁ)
342 515 502 542 Benedictus
521 514 652 541 Dominus
674 521 755 548 super
773 517 892 540 montem

94 562 205 598 justum
217 567 343 590 sanctum
358 562 418 596 ejus
432 570 439 588 :
456 561 500 588 24.
515 562 549 594 (r)
561 565 588 587 et
601 560 646 595 qui
666 559 790 586 habitant
806 559 832 585 in
845 558 893 585 Ju-

94 607 173 639 dzea.
198 612 226 635 et
251 608 278 635 in
303 607 378 634 omni
402 607 470 634 urbe
492 606 570 641 ejus.
589 613 651 633 cum
667 604 785 640 agricola
801 609 827 631 et
841 603 895 630 cle-

97 653 212 681 vabitur
243 653 270 679 in
308 659 399 687 grege.
435 651 480 679 25.
520 650 588 684 Quia
616 649 747 677 incbriavi
785 656 893 676 oninem

97 699 223 726 animam
243 699 392 730 sitientem,
414 701 440 724 et
461 705 570 724 omnem
587 697 706 723 animam
729 696 894 723 esurientem

97 745 236 772 saturavi.
264 745 309 771 ‘26.
334 743 449 778 Propter
473 742 526 769 hoc
548 740 753 776 expergefactus
773 748 846 771 sum.
869 744 896 767 et

98 790 182 818 vidi:
210 795 238 817 et
266 797 379 817 somnus
405 796 481 816 Ineus
504 788 595 815 attulit
623 787 789 822 voluptatem
817 787 893 813 mihi.

96 835 147 863 27.
165 834 235 862 Ecce
253 834 312 862 dies
329 833 451 866 veniunt,
468 833 534 860 dicit
553 834 694 863 Dominus,
716 838 742 859 ct
755 832 895 860 seminabo

649 195 660 207 ο

709 135 867 164 ιεῐιωῐιλε
887 135 1004 164 CAPUT
1025 135 1131 164 XXXII.

1661 137 1731 165 2354

650 195 660 229 ζ
680 204 686 221 :
707 198 845 221 revertere
858 192 890 221 ad
906 196 928 225 Α
943 202 1003 221 esse
1018 202 1084 230 gens
1102 199 1165 221 ante
1183 193 1278 222 facienti
1299 201 1387 222 meam
1401 195 1529 223 omnibus
1544 195 1651 223 diebus.
1670 195 1732 223 lla-c

944 241 1010 268 dicit
1025 241 1154 268 Dominus
1175 249 1181 267 :
1198 241 1242 267 57.
1261 240 1292 275 (ι)
1308 241 1335 268 Si
1348 241 1482 268 elcratum
1497 241 1576 268 fuerit
1592 242 1689 269 crelum
1705 242 1731 268 in

944 286 1060 313 sublime
1077 291 1103 313 et
1120 287 1141 312 si
1160 286 1320 321 depressqu
1339 286 1420 313 fuerit
1444 286 1627 321 pavimentum
1653 292 1732 314 terra:

943 331 1082 362 deorsum;
1094 331 1176 357 etiam
1188 338 1238 366 ego
1248 338 1300 357 non
1314 331 1464 366 rcprohabo
1476 333 1508 365 Χ
1524 339 1604 358 omne
1617 332 1628 365 ζ
1646 340 1731 367 genus

944 375 1063 409 lsraelis,
1075 383 1124 410 pro
1137 376 1275 408 omnibus,
1292 383 1352 410 qua:
1364 376 1495 408 fecerunt,
1508 377 1574 403 dicit
1591 376 1730 404 Dominus.

943 422 988 450 58.
1002 421 1069 449 Ecce
1080 422 1139 448 dies
1151 422 1271 454 veniunt,
1284 422 1350 449 dicit
1360 421 1502 454 Dominus,
1515 427 1542 450 et
1556 422 1734 449 aediﬁcabitur

944 468 1010 494 urbs
1023 467 1140 494 Domino
1151 475 1166 494 a
1179 472 1254 494 turre
1266 467 1403 495 llananael
1416 476 1501 502 usque
1517 468 1550 495 ad
1568 474 1672 503 portam
1684 476 1733 495 an-

944 513 1011 547 guli,
1029 513 1073 540 59.
1087 517 1113 539 ct
1134 513 1217 539 exibit
1236 513 1269 547 )s(
1281 513 1370 540 adhuc
1383 512 1430 548 (m)
1444 521 1505 547 spes
1521 513 1545 548 ζ,
1559 518 1586 540 et
1600 513 1734 541 dimensio

944 560 1003 594 ejus
1017 567 1109 586 coram
1122 559 1161 586 eis
1177 567 1263 593 usque
1279 560 1311 586 ad
1323 559 1420 586 collem
1433 559 1521 586 Gareb
1537 568 1543 585 :
1565 563 1592 586 et
1612 560 1735 594 cingetur

945 605 972 632 in
988 606 1103 632 circuitu
1121 612 1153 632 ex
1172 605 1307 639 lapidibus
1323 604 1362 639 (η)
1378 605 1489 636 electis;
1505 605 1549 631 ιο.
1567 605 1600 638 Χ
1613 609 1640 631 et
1655 612 1735 632 (nune

945 651 1110 686 profunduln
1123 650 1159 685 (ο)
1174 651 1273 678 domus
1284 649 1413 685 Fagadim
1428 650 1440 684 ζ
1453 651 1495 685 (⁸),
1513 650 1550 685 (p)
1565 655 1592 677 et
1605 651 1732 682 cinerem,

945 701 973 723 et
986 704 1095 723 omnem
1111 696 1266 723 Asarimoth
1283 704 1370 731 usque
1395 697 1428 723 ad
1451 701 1600 723 torrentem
1615 697 1734 729 Cedron,

946 750 1033 777 ttsquc
1047 742 1079 768 ad
1091 742 1220 777 angulum
1233 746 1316 777 portae
1327 750 1460 777 equorum
1476 742 1512 776 (:1)
1530 742 1653 773 orientis.
1672 750 1735 769 sau-

946 787 1081 815 ctuarium
1098 787 1223 819 Domino,
1240 792 1267 815 et
1287 795 1340 814 non
1358 787 1476 822 amplius
1486 787 1626 820 evelletur,
1648 795 1735 822 neque

946 833 1103 860 destruetur
1122 833 1248 867 usquein
1267 833 1407 860 smculunt.
1423 860 1429 867 ,

101 882 138 915 χ
156 881 268 908 domum
283 880 401 911 lsraclis.
418 883 445 907 et
461 879 473 913 ζ
496 880 606 906 donnun
625 878 711 910 Iudae,
732 886 824 905 Semen
846 878 895 905 ιω-
912 875 932 902 Β
980 880 1057 908 CAP.
1076 880 1222 907 XXXIl.-—
1238 881 1262 908 l.
1284 881 1414 914 Verbum,
1431 881 1504 916 quod
1522 881 1622 909 factum
1640 889 1681 908 est
1700 881 1734 908 ad

99 935 181 958 num,
199 931 226 954 et
241 934 332 954 Semen
352 925 480 960 jmnenti.
495 925 540 952 28.
569 925 599 951 lit
615 927 675 955 erit,
693 925 765 951 sicut
779 924 895 958 vigilans

101 972 144 999 fui
158 979 241 1006 super
254 979 301 999 eos
317 973 350 1005 Χ
370 971 403 998 ad
420 970 636 1005 cxstirpandum,
657 973 684 997 et
702 970 734 996 ad
752 969 896 996 destruen-

97 1018 180 1050 dum,
201 1022 228 1045 et
245 1017 269 1051 ζ,
285 1018 318 1044 ad
336 1017 524 1049 everti-udum,
541 1017 576 1050 Χ
589 1021 616 1043 et
630 1015 662 1042 ad
685 1015 851 1050 perdendum
870 1015 894 1049 ζ,

99 1068 129 1090 ct
149 1063 182 1090 ad
205 1063 274 1090 male
297 1062 470 1094 faciendum;
491 1063 530 1089 sic
548 1061 666 1097 vigilabo
683 1069 765 1095 super
780 1069 837 1090 eos.
862 1060 896 1088 ad

99 1118 125 1137 ai
136 1110 333 1142 lilicandum,et
345 1109 378 1136 ad
396 1108 586 1143 plantandum,
596 1107 662 1134 dicit
675 1106 895 1134 Dominus.‘.’9.ln

100 1154 200 1181 diebus
216 1153 276 1180 istis
288 1161 341 1180 non
357 1153 450 1180 dicent
461 1152 595 1187 amplius:
609 1151 706 1178 Patres
717 1151 895 1178 comederunt

101 1207 172 1226 uvas
196 1199 328 1230 acerbas,
358 1203 385 1225 et
414 1198 509 1225 dentes
539 1198 656 1224 filiorum
687 1197 894 1231 obstupuerunt.

100 1244 148 1271 50.
165 1243 216 1270 Sed
232 1242 418 1277 unusquisque
440 1243 465 1269 in
495 1247 607 1276 pecoato
628 1249 679 1268 suo
706 1241 847 1273 morietur,
862 1242 896 1275 χ(

105 1289 146 1324 (d)
161 1289 252 1315 υειιηὶε
267 1289 350 1315 homo
365 1289 389 1323 ζ,
411 1292 437 1315 et
457 1287 503 1322 qui
520 1287 669 1315 comederit
686 1295 753 1314 uvas
772 1287 895 1319 acerbas,

101 1333 299 1367 obstupesceut
323 1333 421 1361 dentes
445 1333 514 1368 ejus.
542 1333 586 1360 51.
603 1332 673 1360 Ecce
693 1333 752 1359 dies
774 1333 894 1365 veniunt,

101 1379 169 1406 dicit
192 1378 333 1410 Dominus,
350 1383 376 1406 et
398 1378 432 1414 (e)
454 1378 597 1413 disponam
619 1379 710 1405 domui
735 1378 855 1409 lsraelis.
869 1383 896 1405 ct

100 1425 195 1451 domui
213 1423 287 1451 Judie
304 1425 337 1460 (Γ)
349 1424 439 1453 foedus
453 1432 564 1457 novum,
576 1425 622 1456 32,
637 1425 778 1460 nonjuxta
791 1424 890 1456 fiedus,

102 1469 176 1503 quod
203 1469 324 1504 disposui
344 1469 468 1504 patrihus
490 1476 585 1496 eorum
603 1469 629 1496 in
651 1469 705 1500 die.
725 1477 786 1496 cum
800 1476 896 1503 appre-

102 1513 184 1540 hendi
207 1521 317 1540 manum
337 1521 443 1545 eorum,
459 1513 493 1540 ad
513 1512 684 1540 educendum
701 1521 748 1540 eos
762 1521 796 1540 ex
823 1517 894 1540 terra

103 1557 223 1594 Aﬂgypti;
239 1558 302 1593 quia
322 1557 359 1585 illi
383 1565 437 1585 non
456 1561 617 1585 manserunt
645 1558 671 1584 in
696 1557 797 1586 fwdere
822 1566 894 1591 meo,

103 1603 184 1630 etiam
201 1611 251 1638 ego
266 1603 370 1638 neglexi
384 1610 442 1634 eos,
459 1603 526 1630 dicit
542 1601 683 1630 Dominus.
699 1603 743 1630 55.
762 1603 830 1635 Quia
845 1604 896 1631 hoc

104 1648 203 1681 foedus,
220 1648 293 1684 quod
311 1648 456 1684 disponam
473 1648 567 1675 domui
584 1648 701 1680 lsraelis,
716 1649 752 1684 (g)
769 1650 896 1684 postdics

102 1695 181 1727 istos,
199 1695 265 1722 dicit
277 1694 407 1722 Dominus
424 1703 431 1721 :
455 1695 493 1729 (Ii)
513 1695 586 1730 quod
602 1695 672 1721 dabo
688 1695 762 1730 leges
780 1703 855 1723 meas
868 1696 895 1722 in

105 1743 222 1766 utentem
238 1747 347 1772 eorum,
363 1744 389 1767 et
403 1740 437 1774 Χ
456 1747 537 1774 super
553 1744 662 1775 pectoI'e
674 1740 685 1773 ζ
698 1740 788 1768 cordis
801 1748 895 1768 eorum

103 1786 221 1813 scribam
238 1793 284 1813 eas
299 1795 305 1813 :
321 1790 349 1813 et
366 1794 413 1813 ero
427 1786 467 1813 eis
481 1785 507 1812 in
521 1786 615 1818 Deum,
637 1791 663 1814 et
680 1787 717 1813 illi
732 1791 813 1813 erunt
830 1786 896 1813 mihi

105 1831 132 1859 in
162 1831 304 1865 populum.
329 1831 375 1858 54.
409 1830 442 1858 Et
468 1839 522 1858 non
550 1831 685 1858 docebunt
705 1833 739 1866 Χ
766 1832 862 1859 iterum
883 1832 895 1866 ζ

105 1877 296 1911 ttnuSquisque
317 1877 427 1903 fratrem
445 1884 537 1908 suum,
553 1881 580 1904 et
597 1877 787 1912 unusquisque
806 1878 898 1912 proxi-

105 1929 178 1948 mum
195 1929 285 1953 suum,
301 1922 396 1949 dicens
414 1931 420 1949 :
435 1921 523 1949 Nosce
543 1921 704 1954 Dominum;
725 1924 788 1957 quia
802 1931 897 1951 Omnes

109 1969 276 2001 cognoscent
297 1973 340 1993 me
360 1974 375 1993 a
398 1974 481 2001 parvo
503 1974 596 1993 eorum
619 1975 705 2002 usque
720 1968 752 1994 ad
769 1976 897 2003 magnum

106 2019 212 2045 eorum,
228 2013 261 2046 »ζ
276 2012 343 2039 dicit
358 2012 489 2040 Dominus
506 2013 518 2047 ζ
535 2021 541 2039 :
556 2013 684 2048 quoniam
701 2013 836 2048 propitius
849 2021 898 2041 ero

106 2056 295 2091 iniquitatibus
310 2065 418 2089 eorum,
437 2063 463 2084 et
477 2063 650 2092 peccatorum
668 2065 763 2085 eorum
781 2067 834 2086 non
848 2065 899 2086 re-

106 2102 241 2129 cordabor
256 2103 382 2137 amplius.
396 2103 440 2130 55.
459 2103 504 2131 Sic
519 2103 589 2130 dixit
607 2103 748 2136 Dominus,
765 2104 811 2138 qui
826 2104 899 2132 dedit

111 2148 194 2176 solem
210 2148 236 2174 in
253 2148 343 2176 lumen
361 2149 424 2181 diei,
442 2150 475 2182 )t(
491 2149 522 2184 (ἱ)
535 2149 561 2176 in
576 2153 706 2177 statutum
724 2149 747 2184 ζ,
759 2149 852 2177 lunam
871 2154 899 2177 et

946 925 1092 953 Jeremiam
1109 935 1123 953 a
1149 925 1264 953 Domino
1275 926 1302 953 in
1316 934 1388 953 anno
1401 926 1508 954 decimo
1529 926 1647 954 Sedecire
1663 927 1734 961 regis

945 969 1022 998 Iuda:
1040 980 1046 998 :
1066 971 1110 998 hic
1124 978 1211 998 annus
1227 976 1339 998 octavus
1351 971 1474 999 decimus
1493 973 1528 1006 ζα(
1544 980 1633 999 anuus
1651 971 1662 1005 ζ
1678 971 1732 998 Na-

946 1015 1190 1048 buchodonosoris,
1204 1016 1257 1051 regi
1272 1017 1330 1050 (sic)
1341 1016 1495 1052 Babylonis.
1508 1017 1535 1044 ‘2.
1552 1017 1583 1043 Et
1597 1018 1629 1050 3K
1645 1021 1708 1044 tuttc
1721 1017 1732 1051 ζ

946 1066 1067 1096 potestas
1079 1061 1149 1096 regis
1166 1061 1310 1096 Babylonis
1326 1062 1359 1096 (r)
1373 1061 1436 1089 fecit
1452 1062 1538 1090 fossas
1557 1071 1638 1097 super
1653 1062 1733 1089 Jeru-

947 1108 1032 1134 salem
1052 1116 1058 1134 :
1082 1112 1111 1134 et
1122 1106 1238 1134 .Iercmia
1255 1108 1288 1141 χ(
1307 1107 1435 1142 propheta
1450 1108 1460 1142 ζ
1478 1108 1682 1135 custodiclmtur
1706 1108 1732 1134 in

946 1153 1017 1179 atrio
1042 1153 1178 1183 carceris.
1196 1153 1243 1188 qui
1266 1158 1308 1180 est
1333 1154 1359 1180 in
1381 1154 1464 1181 domo
1485 1155 1556 1189 regis
1573 1156 1605 1188 Β(
1621 1154 1698 1180 .iuda:
1720 1153 1731 1188 ζ

946 1197 972 1224 5.
989 1197 1015 1223 in
1032 1205 1086 1232 quo
1110 1197 1246 1224 clauserat
1265 1206 1327 1225 cum
1348 1197 1459 1226 Scdccia
1481 1207 1527 1226 rex
1556 1201 1589 1232 ξε(
1612 1198 1688 1226 .lnda:
1709 1199 1733 1234 ζ.

946 1243 1060 1270 dicens:
1079 1243 1169 1276 Quare
1185 1249 1210 1270 tu
1226 1244 1391 1278 prophetas?
1407 1245 1520 1272 dicens:
1537 1245 1582 1272 Sic
1597 1245 1665 1271 dixit
1680 1245 1734 1272 Do-

947 1289 1054 1315 minus:
1069 1289 1137 1316 Etce
1152 1297 1200 1323 ego
1217 1290 1251 1316 do
1265 1291 1299 1323 )3:
1314 1290 1363 1325 τὴν
1378 1290 1389 1323 ζ
1411 1291 1504 1317 urbem
1523 1291 1593 1318 hanc
1608 1291 1633 1317 in
1651 1299 1732 1318 manu

948 1334 1018 1367 regis
1032 1332 1187 1368 Babylonis,
1205 1339 1231 1360 ct
1244 1335 1331 1368 capiet
1343 1343 1414 1361 eam.
1428 1335 1454 1362 Il.
1471 1335 1503 1362 Et
1516 1335 1627 1362 Sedccia
1642 1338 1675 1370 ὴ(
1687 1345 1733 1363 rex

945 1378 1047 1412 Judai:
1068 1387 1121 1405 non
1147 1379 1295 1407 salrabitur
1313 1388 1327 1406 a
1350 1388 1431 1408 manu
1450 1381 1733 1417 Clialdzcormn;quia

946 1424 1076 1451 tradendo
1094 1426 1214 1452 tradetur
1235 1425 1260 1451 in
1281 1433 1379 1453 utanus
1400 1427 1471 1462 regis
1486 1427 1641 1462 Babylonis,
1655 1433 1682 1455 et
1697 1428 1734 1454 lo-

945 1474 1044 1503 quetur
1056 1477 1086 1495 os
1098 1469 1157 1503 ejus
1169 1470 1201 1496 ad
1218 1479 1248 1497 os
1261 1471 1344 1504 illius,
1363 1476 1391 1498 et
1409 1472 1480 1499 oeuli
1492 1472 1551 1507 ejus
1563 1473 1656 1500 oculos
1675 1473 1734 1507 ejus

946 1515 1075 1542 videbunt
1092 1525 1097 1542 :
1115 1515 1140 1542 5.
1158 1520 1184 1542 et
1197 1516 1222 1542 iu
1244 1515 1406 1552 Babylonem
1421 1518 1454 1553 (δ)
1480 1518 1590 1546 intralit
1611 1518 1734 1550 Sedet-ia,

945 1559 1020 1586 etilli
1037 1560 1069 1594 (ι)
1093 1560 1207 1592 sedebit,
1232 1561 1266 1594 Χ
1288 1562 1374 1588 donee.
1401 1562 1549 1590 visitarero
1571 1571 1644 1594 cum,
1670 1563 1735 1590 dicit

946 1604 1089 1638 Dominus;
1101 1606 1164 1640 quia
1183 1606 1221 1640 (ιι)
1242 1606 1264 1633 si
1282 1608 1441 1642 pugnaverit
1454 1616 1515 1634 eum
1530 1607 1676 1640 Chaldaais,
1695 1607 1734 1644 (ξε)

947 1659 1000 1678 non
1014 1657 1087 1679 recte
1099 1654 1194 1688 agetis.
1211 1653 1237 1680 6.
1255 1653 1287 1680 Et
1299 1654 1368 1681 dixit
1380 1653 1498 1681 Jeremia
1512 1654 1523 1688 ζ
1544 1663 1550 1681 :
1568 1653 1680 1681 Factum
1693 1658 1734 1682 est

946 1697 1059 1724 verbum
1076 1697 1184 1725 Domini
1207 1699 1240 1725 ad
1263 1707 1316 1730 me,
1342 1699 1436 1726 dicens
1453 1707 1460 1726 :
1485 1699 1510 1725 7.
1527 1699 1595 1726 Ecce
1610 1699 1734 1726 Nabmaii

947 1742 1019 1769 filius
1039 1742 1130 1770 Saloni
1150 1743 1242 1771 fratris
1260 1745 1345 1779 putris
1363 1745 1401 1771 tui
1424 1745 1497 1772 venit
1512 1745 1545 1772 ad
1568 1749 1603 1777 te,
1620 1745 1734 1773 dicens:

946 1787 1059 1815 Posside
1077 1789 1124 1816 libi
1145 1797 1239 1824 agrum
1262 1791 1296 1824 )a(
1317 1797 1407 1816 meum
1427 1790 1450 1823 ζ,
1469 1790 1515 1824 qui
1538 1790 1565 1817 in
1585 1790 1735 1823 Auathoth,

948 1833 1011 1867 quia
1025 1834 1062 1869 (ῃ)
1078 1834 1125 1861 tibi
1139 1834 1184 1869 jus
1203 1837 1235 1868 )e(
1250 1835 1438 1870 propinquitas
1457 1830 1563 1870 generis
1583 1836 1593 1870 ζ
1613 1836 1645 1862 ad
1664 1835 1735 1863 acci-

948 1879 1076 1913 piendum
1095 1880 1307 1914 possessionem.
1325 1880 1352 1907 8.
1374 1880 1407 1907 Et
1423 1881 1495 1908 venit
1508 1881 1540 1908 ad
1562 1889 1604 1908 me
1617 1888 1647 1908 -ε-
1662 1881 1735 1908 Nah-

949 1927 1013 1954 mail
1033 1927 1104 1954 lilius
1121 1926 1212 1953 Saloni
1228 1927 1239 1961 ξ
1259 1926 1350 1954 fratris
1365 1927 1450 1962 patris
1462 1928 1526 1960 mei,
1539 1927 1658 1962 )(juxta
1675 1936 1735 1954 ver-

949 1973 1012 1999 bum
1033 1972 1057 2005 ζ.
1074 1972 1100 1998 ἰιι
1115 1972 1213 1999 atrium
1229 1973 1358 2006 carceris,
1375 1977 1403 2000 et
1421 1973 1491 2000 dixit
1511 1973 1577 2000 mihi
1595 1983 1602 2000 :
1625 1973 1735 2001 Posside

949 2017 983 2050 Χ
998 2023 1069 2042 nunc
1088 2015 1100 2049 ζ
1125 2023 1220 2049 agrum
1242 2023 1344 2046 meum.
1361 2016 1408 2050 qui
1427 2016 1453 2042 in
1473 2016 1622 2048 Anathoth,
1640 2017 1687 2051 qui
1711 2017 1735 2044 in

950 2065 1020 2087 terra
1036 2059 1194 2094 Benjamin;
1213 2060 1275 2094 quia
1300 2060 1348 2086 tibi
1368 2061 1493 2088 convenit
1509 2060 1645 2095 possidere
1660 2061 1693 2094 Χ
1709 2062 1735 2088 in

948 2105 1144 2137 limreditatcm,
1161 2109 1187 2132 et
1203 2109 1231 2131 tu
1247 2105 1390 2138 seniores,
1406 2106 1515 2140 posside
1529 2113 1590 2132 eum
1606 2111 1632 2132 tu
1649 2106 1696 2133 tibi
1711 2107 1735 2141 ζ.

948 2149 982 2176 Et.
996 2149 1121 2184 cognovi,
1134 2149 1205 2183 quod
1225 2150 1336 2176 Verbum
1354 2149 1460 2177 Domini
1473 2154 1515 2177 cst
1531 2159 1537 2177 :
1552 2150 1567 2177 9
1583 2155 1609 2177 et
1623 2150 1734 2178 l’ossedi

107 2193 199 2220 stellas
215 2192 242 2219 in
256 2194 347 2220 lumen
361 2194 460 2225 noctis,
476 2194 513 2229 (k)
531 2199 558 2222 ct
570 2195 716 2222 clamorem
732 2194 758 2221 in
774 2202 859 2227 mare,
870 2199 897 2222 et
913 2201 934 2228 ι)
949 2202 1044 2230 agrum
1060 2195 1092 2228 3K
1104 2202 1118 2220 a
1134 2194 1257 2221 Naluuail
1273 2194 1285 2228 ζ
1301 2194 1355 2222 tilio
1370 2195 1461 2222 fratris
1473 2195 1559 2230 patris
1574 2195 1636 2227 mei,
1649 2196 1735 2231 ξι(ηυί

107 2240 303 2274 obstupuerunt
326 2239 425 2267 fluctus
451 2240 534 2275 ejus:
566 2240 698 2268 Dominus
722 2241 895 2274 (multipotens

108 2291 201 2311 nomen
213 2285 248 2311 ci.
260 2285 304 2312 56.
318 2285 347 2312 Si
358 2286 525 2313 cessaverint
538 2285 610 2321 leges
623 2286 663 2313 ha:
675 2285 708 2312 ab
720 2290 781 2313 ante
797 2285 894 2313 faciem

108 2338 204 2364 meam,
222 2331 289 2359 dicit
301 2331 444 2365 Dominus;
456 2332 538 2359 etiam
554 2339 640 2367 genus
652 2330 761 2360 lsraelis
778 2332 895 2360 cessabit

140 2459 176 2500 (ι)
189 2460 231 2491 Α..
246 2459 445 2500 deprinterisin
461 2458 635 2500 profundum,
650 2458 715 2500 dum
729 2465 823 2485 aversa
835 2465 876 2485 es.

108 2495 146 2525 8..
167 2494 194 2522 in
205 2499 276 2522 terra
289 2494 390 2521 femina
398 2494 576 2521 circmndabit
587 2494 739 2520 masculum
753 2501 864 2519 novum.

109 2532 141 2564 lc)
154 2531 199 2561 Α.,
209 2534 236 2557 et
245 2529 405 2556 habitabant
417 2529 442 2556 in
452 2537 483 2557 ea
491 2529 572 2562 Juda,
590 2532 617 2555 et
631 2536 726 2555 omnes
739 2528 818 2554 nrbes
829 2529 898 2561 ejus.
909 2528 951 2562 8.,
964 2529 1043 2556 simul
1058 2529 1183 2563 agricola:
1191 2533 1217 2556 et
1229 2530 1355 2556 ductores
1368 2534 1490 2563 gregum.

110 2565 292 2597 hominis,qui
303 2564 452 2592 comederit
462 2572 528 2592 uvas
539 2564 662 2590 acerbas.
703 2564 737 2597 (ιι)
758 2564 802 2595 Α.,
815 2563 948 2590 excidam.
961 2564 1003 2595 8.,
1014 2564 1162 2597 perﬁciant.
1202 2563 1234 2597 (Γ)
1246 2564 1290 2594 Α..
1305 2563 1347 2596 8.,
1360 2567 1489 2590 statuttun

713 2570 737 2595 ι’)
758 2570 802 2595 Α.,
815 2570 948 2590 Clematii.
961 2570 1003 2595 δ..

110 2565 237 2597 hominis,
245 2566 292 2598 qui
303 2564 452 2592 comederit
462 2572 528 2592 uvas
539 2564 662 2590 acerbas.

110 2601 146 2636 (Ιι)
167 2600 240 2626 Dabo
254 2601 339 2634 legem
354 2607 453 2627 meam.

492 2599 523 2634 (ἰ)
541 2600 585 2632 Α.,
600 2603 731 2625 statutum
753 2598 824 2625 luna:
840 2602 867 2624 et
885 2599 1035 2626 stellarum.

948 2239 975 2266 in
992 2238 1131 2266 Anathoth
1149 2238 1172 2273 ζ,
1192 2243 1219 2265 et
1233 2239 1348 2273 appendi
1372 2239 1397 2266 ei
1419 2244 1558 2275 argentum
1578 2247 1681 2274 septem
1699 2241 1735 2276 (ι)

948 2286 1042 2318 siclos,
1059 2289 1085 2312 et
1097 2285 1191 2312 decem
1208 2286 1312 2320 argenti
1329 2294 1336 2312 :
1356 2285 1399 2313 l0.
1417 2291 1444 2313 ct
1463 2285 1561 2320 scripsi
1577 2286 1604 2313 in
1625 2287 1735 2320 librum,

947 2336 974 2360 et
984 2331 1109 2367 sigillari,
1120 2337 1146 2358 et
1161 2331 1254 2360 testari
1266 2330 1317 2359 feci
1329 2336 1421 2365 testes,
1432 2337 1459 2360 et
1468 2333 1583 2367 appendi
1596 2338 1735 2368 argentum

908 2458 946 2492 (α)
959 2458 1070 2486 Femina
1085 2465 1154 2485 nova
1169 2458 1194 2485 in
1210 2463 1280 2485 terra
1297 2458 1323 2484 in
1339 2458 1426 2485 salute
1440 2457 1621 2485 circumdabit
1635 2457 1734 2485 virum.

904 2494 941 2524 (ὑ)
953 2495 997 2524 Α..
1012 2494 1053 2523 8..
1072 2493 1213 2521 benedicat
1227 2494 1286 2523 tibi.
1299 2493 1424 2526 Domine,
1441 2492 1568 2519 habitans
1580 2492 1606 2518 in
1618 2493 1736 2527 jnstitia.

1530 2527 1569 2562 (ά)
1588 2527 1630 2562 ξ..
1640 2528 1736 2562 omnis

1014 2561 1162 2598 perficiam.
1202 2563 1234 2598 (Γ)
1246 2564 1290 2594 Α..
1305 2563 1347 2596 8.,
1360 2561 1501 2590 statutum.
1542 2562 1579 2598 (ῃ)
1589 2561 1620 2588 Ει
1630 2561 1736 2590 domui.

1075 2599 1111 2631 (k)
1132 2600 1177 2630 Α.,
1194 2597 1292 2626 setlans
1314 2605 1398 2625 mare.
1437 2598 1469 2632 (Ι)
1489 2598 1535 2630 Α.,
1553 2597 1576 2624 si
1593 2604 1736 2624 mensura-

111 2632 207 2662 buntut‘
223 2632 321 2662 cmlum
337 2642 457 2666 sursum,
478 2632 751 2668 et‘investigabuntur
766 2633 943 2660 fundamenta
967 2637 1045 2660 terrae
1067 2635 1212 2666 deorsum;
1231 2634 1315 2660 etiam
1336 2640 1385 2665 ego
1402 2632 1529 2668 abjieiam
1550 2639 1631 2668 omne
1643 2639 1736 2659 semen

111 2670 190 2696 ludat.
213 2669 320 2696 lsraclis
330 2691 337 2701 ,
348 2674 457 2703 propter
467 2666 636 2703 omnia,qu:_t-
648 2668 779 2700 fecerunt,
789 2669 853 2694 dicit
865 2668 1007 2703 Dominus.
1030 2668 1077 2702 (ιη)
1090 2671 1136 2699 Α..
1151 2669 1240 2702 regula
1250 2668 1439 2695 ditnensionis.
1453 2666 1577 2703 S.._funis
1588 2674 1734 2703 mensum.

112 2705 148 2736 (ιι)
165 2704 209 2736 Λ.,
227 2705 316 2730 bonis.
357 2704 392 2738 (ο)
414 2704 458 2736 Λ.,
476 2703 518 2734 S.,
533 2704 704 2730 cadaverum.

114 2740 205 2771 dubie,
223 2739 349 2766 hebraica
362 2739 433 2765 enim
451 2739 550 2765 Veritas
566 2739 646 2765 habet
661 2742 760 2768 ΠΊἾΞΞ).
778 2739 867 2766 Duacu
882 2737 890 2773 ]

123 2775 147 2809 (ι)
167 2773 208 2805 S.,
239 2774 266 2801 in
282 2774 425 2800 orientem.

113 2777 150 2844 in)
173 2809 215 2839 8..
232 2809 254 2844 si
272 2809 343 2836 enim
359 2817 425 2843 pugr

465 2774 504 2812 (r)_
520 2773 563 2812 ξι,
581 2773 824 2812 circumdederunt
846 2774 951 2801 urbem.

743 2706 774 2738 (')
791 2703 841 2729 Pro
858 2706 952 2738 c.7135,
971 2702 1111 2738 Fagadim,
1129 2701 1197 2730 forte
1212 2703 1366 2736 legendum,
1378 2706 1466 2732 BHE
1491 2701 1628 2738 Fagarimf
1646 2701 1735 2738 [Haud

931 2738 968 2773 (p)
985 2736 1091 2772 adipem
1106 2739 1231 2765 etomnia
1243 2746 1303 2772 quae
1313 2743 1375 2773 ante
1387 2738 1482 2765 urbem
1498 2736 1570 2773 (i.'e.
1585 2736 1733 2773 Iugurbt'a).

991 2771 1086 2807 (s)A.,
1108 2773 1150 2806 8.,
1169 2771 1285 2800 deducet
1307 2772 1458 2800 Sedeciam.
1498 2771 1530 2806 (ι)
1546 2773 1590 2804 Α.,
1610 2771 1652 2805 8.,
1672 2774 1733 2800 erit.

126 2807 150 2842 is)
173 2809 215 2839 8.,
232 2809 254 2836 si
272 2809 343 2836 enim
359 2808 543 2843 pugnaveritis
555 2808 685 2835 adversus
697 2808 848 2842 Chaldzeos,
862 2817 914 2836 non
933 2813 1005 2836 recte
1021 2808 1116 2843 agetis.
1155 2809 1194 2842 μ)
1211 2807 1269 2835 Non
1287 2812 1359 2836 recte
1373 2813 1444 2842 aget.
1482 2809 1520 2842 (ω
1539 2807 1616 2841 Quod
1632 2808 1678 2834 tibi
1694 2812 1734 2834 est

112 2842 307 2879 propinquitas.
347 2844 385 2878 (:)
400 2842 455 2877 7A.,
473 2842 514 2877 S.,
531 2847 657 2870 statores.
