1919 3077
184 90 256 124 9559

184 163 211 189 Si
229 162 260 197 (ι)
280 160 367 188 ftudus
386 167 476 187 meum
500 159 553 187 diei
578 163 604 186 et
630 159 728 190 noctis,
752 163 853 186 statuta
869 160 930 187 εωιί
948 164 975 187 et
989 163 1010 191 Α

184 214 262 235 terra:
287 215 340 233 non
366 206 501 237 ordinari,
521 205 567 232 26.
593 205 675 232 etiam
696 213 788 232 sentient
816 205 929 237 Jacobi,
947 212 974 234 et

185 253 304 285 Davidis,
326 252 397 279 servi
415 252 479 283 mei,
496 251 659 286 reprobabo,
676 255 705 278 ut
729 259 783 278 non
810 259 917 278 sumam
940 259 973 279 ex

183 299 286 326 semine
312 299 372 332 ejus
398 298 548 333 principem
574 297 607 323 ad
638 304 731 324 semen
763 297 922 328 Abrabami,
947 301 974 324 et

183 342 285 374 lsaaci,
308 347 335 369 ct
352 341 463 373 Jacobi;
487 342 552 376 quia
582 346 738 369 convertam
767 342 972 369 conversionem

183 396 288 419 COI‘UII],
303 393 331 415 et
343 387 492 414 miserebor
503 394 610 414 eorum.

218 433 283 468 Cap.
309 433 466 459 XXXIV.——
481 433 503 459 l.
519 431 650 462 Verbum,
666 433 737 467 quod
757 431 856 459 factum
874 437 916 460 est
934 434 968 459 ad

183 478 325 506 Jeremiam
337 486 351 505 a
369 478 500 504 Domino:
517 482 543 505 et
555 477 806 504 Nabuchodonosor
815 486 859 505 rex
878 478 967 514 Baby-

184 524 265 555 lonis,
283 528 310 551 et
331 524 423 550 omnia
448 527 539 551 castra
569 524 644 557 ejus,
672 527 699 550 et
717 524 808 551 ornuis
826 524 874 559 (m)
899 529 972 551 terra

185 570 351 604 principatus
367 571 400 603 Ἀ(
414 577 511 597 manus
526 569 537 603 ζ
557 570 629 604 ejus,
650 574 677 597 ct
699 577 795 597 omnes
811 570 903 605 populi
923 578 974 604 pu-

183 617 303 650 gnabant
320 623 402 650 super
431 615 594 648 Jerusalem,
617 620 644 643 et
662 624 744 650 super
775 624 871 643 omnes
892 616 973 642 urbes

183 661 268 692 Judte,
284 661 377 688 dicens
393 671 400 689 :
416 661 443 689 Ξ.
462 661 507 689 Sic
524 662 594 688 dixit
614 662 746 689 Dominus
762 661 832 689 Deus
843 662 971 689 lsraelis:

184 704 268 737 Vade,
283 706 319 740 Χ
336 705 379 732 dic
399 706 410 740 ξ
427 706 459 733 ad
478 706 621 733 Sedcciam
636 714 726 741 regem
749 705 836 738 Judte,
853 710 880 733 et
897 706 973 733 dices

183 752 207 778 ei
223 759 230 777 :
249 750 296 778 Sic
310 752 380 778 dixit
393 751 544 779 Dominus:
563 754 601 785 (η)
614 751 758 779 Tradendo
775 752 896 779 tradetur
907 752 973 779 urbs

185 797 242 824 lure
260 798 287 824 in
308 805 409 825 manus
430 798 505 831 regis.
522 797 687 834 Babylonis:
705 797 742 832 (ο)
760 801 786 824 et
806 797 894 831 capiet
912 804 972 824 eam

185 843 222 877 (μ)
240 843 266 869 in
289 843 359 877 igne.
378 843 405 869 5.
419 842 452 869 Ει
473 847 501 869 tu
523 851 579 870 non
600 843 702 871 evades
720 850 737 870 θ
758 850 840 869 manu
856 842 928 878 ejus,
945 846 973 870 et
989 833 1010 862 Β

185 888 316 922 capiendo
340 888 466 922 capieris,
492 891 520 915 et
546 887 572 914 in
598 895 699 916 manus
721 888 781 923 eius
799 888 929 917 daberis:
945 891 973 915 et

185 933 256 959 oculi
275 933 312 959 ttti
329 933 424 960 oculos
438 932 474 968 (τι)
490 933 562 968 regis
582 932 729 968 Babylonis
745 933 886 966 videbunt,
901 937 928 961 et
941 940 973 962 os

185 979 244 1016 ejus
262 987 323 1008 cum
344 987 391 1008 ore
403 984 450 1007 tuo
464 980 599 1015 loquetur,
610 984 637 1007 et
653 980 680 1006 in
693 979 857 1015 Babylonem
874 980 974 1015 ingre-

186 1027 279 1054 dieris.
293 1027 317 1053 4.
337 1025 389 1053 Sed
409 1026 472 1053 audi
503 1025 614 1052 verbum
643 1024 762 1056 Domini,
784 1024 896 1051 Sedccia
926 1032 974 1052 rex

185 1073 260 1100 ,ιιιιιιυ
275 1084 281 1099 ;
299 1073 339 1100 sic
355 1072 423 1099 dixit
441 1071 570 1098 Dominus
588 1072 621 1105 Ἀ(
637 1071 670 1098 de
683 1074 710 1097 te
725 1070 755 1104 ει
773 1070 832 1097 Non
848 1070 973 1097 morieris

187 1120 213 1146 in
227 1119 326 1153 gladio,
339 1118 365 1144 5.
380 1118 406 1144 in
421 1125 486 1151 pace
500 1117 625 1144 morieris
639 1117 691 1153 :(r)
710 1121 737 1143 et
757 1117 828 1143 sicut
845 1116 972 1150 deplora-

187 1169 249 1191 rnut
267 1168 356 1198 patres
377 1169 447 1193 tttos,
464 1163 510 1197 qui
537 1167 686 1197 regnarunt
716 1167 781 1189 ante
802 1163 835 1195 >ε<
852 1161 898 1196 qui
917 1162 974 1188 fue-

185 1214 249 1236 runt
265 1209 276 1242 :
293 1214 318 1236 te
346 1209 388 1243 (‘),
407 1208 446 1235 sic
469 1207 647 1242 deplorabth
663 1208 745 1234 etiam
774 1211 809 1238 te,
829 1212 920 1240 atque,
935 1213 974 1233 vte

187 1254 309 1285 Domine,
323 1254 451 1288 plaugeut
470 1256 505 1283 te,
519 1253 583 1287 quia
597 1252 631 1287 (ε)
644 1259 742 1287 magna
756 1253 790 1286 Β(
805 1259 856 1286 ego
872 1251 883 1285 ζ
898 1252 974 1278 locu-

186 1305 308 1331 tnssum,
329 1299 395 1326 dicit
406 1299 548 1326 Dominus.
567 1299 594 1326 6.
619 1298 651 1325 Et
666 1299 773 1325 loetttus
789 1303 830 1324 est
857 1297 973 1324 Jcremia

186 1346 316 1380 propbrta
333 1345 366 1372 ad
389 1344 530 1372 Sedeciam
556 1352 646 1379 regem
674 1343 752 1370 Juda:
779 1344 871 1370 ornuia
893 1343 972 1370 verba

186 1393 243 1419 lucc
258 1392 283 1418 in
300 1391 462 1418 Jerusalem.
484 1390 510 1416 7.
535 1389 568 1416 Et
583 1395 701 1424 potestas
729 1390 800 1424 regis
827 1389 974 1424 Babylonis

185 1437 323 1472 pugnabat
344 1445 426 1470 super
455 1435 624 1467 Jerusalem,
653 1440 680 1463 et
703 1443 784 1470 super
801 1437 834 1470 Ν(
850 1435 971 1470 omnes:

185 1483 265 1510 urbes
280 1482 355 1509 Judze
369 1482 503 1513 residuas,
519 1489 601 1516 super
612 1481 722 1514 Lacbis,
737 1487 763 1508 et
775 1489 858 1516 super
870 1481 972 1515 Azrca;

184 1529 313 1563 quom-am
331 1529 371 1555 lam
387 1528 488 1555 relictae
501 1527 611 1554 fuerunt
625 1527 651 1554 iu
668 1527 783 1555 urbibus
801 1526 878 1554 Judas
891 1527 973 1554 ttrbcs

186 1574 306 1601 umuitae.
316 1574 342 1600 8.
360 1573 487 1606 Verbum,
503 1573 575 1608 quod
595 1572 695 1600 factum
713 1577 755 1600 est
775 1573 807 1599 ad
828 1571 974 1600 Jcremiatn

185 1628 200 1646 ιι
215 1619 339 1652 Domino,
357 1623 501 1654 postquam
521 1618 552 1652 (ι)
573 1618 774 1646 consummavit
793 1626 839 1645 rex
863 1617 975 1646 Sedeeia

186 1665 274 1692 l'tL-dus
294 1672 357 1700 erga
374 1666 407 1698 Χ
423 1672 531 1692 omnem
551 1664 561 1699 ζ
582 1665 711 1699 populttm
743 1665 790 1699 qui
816 1664 843 1692 in
863 1664 976 1692 Jerusa-

186 1711 248 1742 lem,
265 1711 298 1736 ad
316 1711 467 1737 vocandum
494 1712 526 1738 Ὗςεέ
546 1710 586 1737 eis
603 1710 614 1743 ζ
634 1711 673 1744 (u)
691 1710 888 1742 dimissionem,
905 1710 931 1737 9.
947 1714 976 1738 ut

186 1756 345 1782 amandaret
361 1756 548 1789 unusquisque
569 1762 676 1781 servum
687 1763 777 1786 suum,
795 1760 822 1782 et
838 1756 873 1789 Χ
891 1763 976 1782 llmls-

185 1801 302 1836 quisque
329 1801 339 1834 ζ
364 1801 490 1828 ancillam
515 1808 604 1832 suam,
623 1799 765 1826 llebratum
788 1805 814 1827 et
837 1800 975 1828 llebra‘am

187 1846 298 1878 liberos,
315 1846 354 1881 (π)
373 1851 402 1873 ιιι
417 1855 470 1873 non
492 1847 583 1873 colant
609 1847 752 1873 servitium
775 1846 817 1873 vir
835 1854 867 1873 ex
894 1846 974 1879 Jnda,

185 1891 374 1926 ft'aterchus
389 1892 413 1925 ζ.
427 1892 469 1919 10.
484 1892 516 1918 Et
527 1892 628 1919 reversi
642 1896 706 1919 sunt
718 1899 814 1919 omnes
822 1896 973 1924 magnates,

185 1942 212 1964 et
226 1938 316 1965 omnis
332 1938 457 1972 populus,
478 1938 524 1971 qui
545 1937 661 1972 ingressi
689 1943 768 1965 erant
785 1937 813 1964 in
828 1936 929 1968 foedus,
946 1940 976 1963 ut

185 1984 333 2010 dimitteret
347 1983 536 2018 unusquisque
558 1991 666 2011 servum
690 1991 769 2010 suum
782 1988 809 2010 et
825 1983 976 2018 unusquis-

186 2037 238 2064 que
262 2030 389 2056 ancillam
407 2037 497 2061 suam,
515 2029 658 2057 llcbrmum
670 2034 697 2057 et
709 2029 848 2056 llebrazam
863 2029 975 2061 liberos,

187 2079 216 2102 ut
232 2083 286 2103 non
306 2075 429 2103 colerent
444 2075 585 2103 servitium
609 2075 745 2110 amplius;
758 2079 784 2102 et
800 2075 974 2106 audiverunt.

185 2126 212 2149 et
227 2120 400 2149 dimiserunt.
425 2121 467 2149 tl.
490 2120 522 2148 Et
539 2122 641 2148 reversi
658 2126 795 2155 suntpost
807 2120 865 2147 haec
883 2120 932 2154 (υ),
949 2125 976 2147 et

775 91 885 118 CODEX
907 91 1243 120 SYRO-HEXAPLAHIS.

1747 90 1827 119 9.360

1027 160 1109 187 miam
1135 167 1151 186 a
1174 159 1301 191 Domino,
1321 158 1416 186 dicens
1433 167 1440 185 :
1465 158 1508 185 l5.
1531 158 1576 185 Sic
1593 158 1662 186 dixit
1682 159 1826 186 Dominus

1027 205 1098 233 Deus
1116 205 1224 233 lsraelis
1241 214 1248 232 :
1266 204 1321 240 Ego
1333 205 1458 239 dispOsui
1476 205 1563 232 foedus
1586 205 1619 231 ad
1642 209 1736 238 patres
1753 213 1826 231 ves-

1025 256 1083 279 tros
1099 251 1126 278 in
1143 251 1197 282 die,
1226 257 1282 285 quo
1294 250 1330 285 (la)
1348 250 1435 284 eripui
1459 257 1507 277 eos
1522 257 1554 276 ex
1572 255 1643 277 terra
1659 249 1790 285 Egypti.
1808 257 1826 277 e

1024 298 1107 325 domo
1124 296 1275 328 servitutis,
1289 296 1384 323 dicens
1398 304 1406 323 :
1421 295 1455 322 Η
1471 295 1506 330 (c)
1518 295 1586 322 Cum
1601 295 1733 330 completi
1754 297 1822 322 fne-

1025 344 1080 370 rint
1092 350 1139 370 sex
1155 342 1230 374 anni,
1242 341 1364 370 dimittes
1378 340 1489 368 fratrem
1505 345 1582 368 tuum
1596 339 1758 371 Hebraeum,
1769 341 1823 374 qui

1025 388 1152 415 venditus
1178 387 1259 414 fuerit
1280 386 1340 418 tibi,
1365 391 1392 413 et
1408 386 1568 421 operabitur
1583 387 1633 413 tibi
1647 394 1696 414 sex
1712 394 1820 416 annos,

1024 439 1051 463 et
1066 434 1187 461 dimittes
1197 441 1260 460 eum
1273 433 1387 460 liberum
1400 441 1414 460 a
1431 437 1467 460 te.
1482 432 1516 460 Et
1529 441 1583 460 non
1595 434 1761 461 audiverunt
1775 442 1824 461 me

1025 485 1114 515 patres
1140 479 1242 511 vestri,
1272 483 1300 506 et
1323 486 1376 506 non
1403 479 1572 506 inclinarunt
1599 486 1696 505 aurem
1723 487 1822 506 suam.

1026 526 1059 553 l5
1075 526 1113 560 (ά)
1128 525 1160 552 Et
1177 526 1303 552 conversi
1323 529 1388 552 sunt
1401 525 1482 552 hodie
1495 525 1527 552 ad
1541 525 1696 552 faciendum
1709 531 1823 552 ret-tutu

1025 577 1088 599 ante
1103 573 1200 599 Oculos
1212 580 1299 605 meos,
1315 578 1344 599 ut
1356 577 1466 599 voearet
1482 572 1516 607 (ε)
1528 573 1720 599 dimissionem
1735 581 1824 599 unus-

1024 618 1140 652 quisque
1166 618 1283 653 proximi
1308 618 1350 645 sui
1369 625 1376 644 :
1393 621 1420 645 et
1445 624 1710 645 consummaverunt
1726 619 1822 645 foedus

1024 668 1087 690 ante
1115 662 1212 691 faciem
1243 671 1332 691 meam
1357 663 1384 690 in
1408 663 1501 696 domo,
1526 672 1579 698 qua
1599 664 1758 691 invocatum
1776 670 1822 691 est

1024 717 1124 737 nomen
1142 717 1231 736 meum
1249 717 1332 744 super
1347 717 1390 737 ea.
1408 709 1452 736 16.
1466 709 1500 737 Et
1517 710 1617 737 reversi
1633 711 1711 744 esus,
1723 717 1751 737 et
1764 711 1823 744 pol-

1024 754 1116 781 luistis
1133 762 1232 781 nomen
1248 761 1350 786 meum,
1366 758 1397 780 ut
1409 753 1498 781 redire
1511 753 1612 781 faceret
1623 755 1823 789 unusquisque

1025 805 1134 825 servum
1161 805 1261 830 suum,
1288 802 1316 825 et
1340 798 1534 832 unusquisque
1560 799 1690 826 ancillam
1721 806 1819 830 suam,

1024 851 1094 878 quos
1118 843 1284 871 dimiseratis
1306 843 1407 871 liberos
1427 844 1527 870 anima;
1539 851 1606 875 sum.
1620 848 1648 871 et
1662 844 1819 878 subegistis

1024 898 1082 922 eos,
1100 894 1130 917 ut
1142 890 1198 917 sint
1209 889 1287 917 vobis
1299 889 1326 916 in
1342 896 1448 921 servos,
1462 895 1489 917 et
1502 889 1529 917 in
1541 890 1668 918 ancillas.
1686 890 1730 917 i7.
1748 891 1822 917 Pro-

1024 940 1084 970 pter
1094 935 1145 962 boc
1157 935 1198 962 sic
1210 934 1280 962 dixit
1294 934 1428 962 Dominus
1444 944 1451 962 :
1468 935 1522 963 Vos
1535 943 1589 962 non
1602 935 1750 963 audivistis
1761 944 1820 968 me.

1025 985 1054 1008 ut
1076 984 1186 1007 vocaret
1207 980 1395 1008 dimissionem
1421 981 1613 1016 unusquisque
1641 982 1673 1009 ad
1701 982 1821 1011 fratrem

1025 1033 1118 1058 suum,
1137 1030 1166 1053 et
1188 1026 1381 1061 unusquisque
1398 1027 1431 1053 ad
1454 1027 1611 1061 proximum
1633 1035 1728 1054 suum.
1749 1027 1823 1054 Eceo

1025 1078 1079 1105 ego
1102 1078 1173 1099 voco
1195 1071 1274 1098 vobis
1297 1071 1497 1103 dimissionem,
1525 1071 1592 1098 dicit
1617 1071 1765 1102 Dominus.
1791 1073 1821 1098 in

1028 1116 1159 1151 gladium,
1176 1120 1205 1144 et
1227 1117 1254 1143 in
1272 1121 1400 1148 mortem,
1420 1117 1486 1144 etin
1502 1117 1600 1144 famem
1619 1123 1666 1144 :et
1680 1118 1756 1144 dabo
1770 1126 1821 1145 vus

1025 1162 1052 1188 in
1077 1162 1275 1196 dispersiouem
1293 1162 1320 1189 in
1336 1162 1465 1189 omnibus
1487 1162 1578 1196 regnis
1602 1167 1681 1190 terrm
1699 1172 1706 1189 :
1725 1163 1770 1190 18.
1790 1168 1819 1190 et

1025 1208 1096 1235 dabo
1123 1215 1172 1235 eos
1200 1207 1342 1241 homines,
1369 1208 1414 1242 qui
1440 1209 1604 1243 transgressi
1628 1213 1693 1235 sunt
1724 1208 1820 1236 imdus

1025 1261 1128 1285 meum,
1153 1253 1201 1288 qui
1223 1260 1278 1280 non
1294 1253 1485 1284 stabiliverum
1506 1255 1539 1287 )s(
1558 1253 1643 1280 verba
1668 1253 1680 1287 ζ
1704 1253 1820 1281 fcederis

1026 1298 1091 1332 mei,
1110 1298 1184 1332 quod
1208 1297 1334 1326 fecerunt
1361 1303 1425 1327 ante
1447 1298 1543 1327 faciem
1568 1305 1668 1330 meam,
1686 1299 1817 1330 vitulum,

1024 1344 1058 1380 (ί)
1072 1351 1151 1379 quem
1169 1344 1293 1371 fecerunt
1303 1345 1337 1378 Χ
1349 1345 1387 1379 (g)
1405 1345 1432 1371 in
1444 1345 1500 1372 duo
1512 1344 1536 1380 ζ,
1553 1349 1580 1371 et
1597 1344 1771 1371 transierunt
1784 1347 1819 1378 χ(

1024 1390 1053 1417 ἱιι
1072 1389 1164 1417 medio
1191 1393 1394 1424 segmentorum
1413 1390 1473 1425 ejus
1490 1391 1514 1425 ζ,
1543 1390 1586 1419 19.
1610 1390 1648 1426 (Ιι)
1668 1391 1818 1425 praefectos

1024 1434 1111 1467 Judm,
1131 1439 1158 1463 et
1172 1436 1313 1470 praefectos
1328 1435 1489 1469 Jerusalem,
1506 1437 1663 1468 eunuchos,
1678 1442 1705 1463 et
1724 1444 1819 1464 sacer-

1025 1481 1114 1514 dotes,
1132 1487 1159 1509 et
1179 1489 1289 1509 omnem
1312 1482 1443 1517 populum
1469 1487 1547 1510 terra:
1562 1483 1594 1516 (ἱ)
1612 1482 1642 1516 ii,
1658 1482 1707 1518 qui
1724 1489 1819 1509 trans-

1026 1527 1117 1555 ierunt
1143 1527 1169 1554 in
1195 1527 1284 1554 medio
1309 1531 1512 1562 segmentorum
1535 1527 1623 1559 vituli,
1638 1527 1684 1556 20.
1701 1531 1733 1556 et,
1744 1528 1818 1554 dabo

1026 1580 1075 1600 eos
1094 1573 1121 1599 in
1137 1580 1220 1600 manu
1239 1573 1361 1600 hostium
1376 1580 1484 1605 eorum,
1500 1577 1527 1600 et
1543 1573 1569 1600 in
1586 1581 1668 1600 manu
1686 1581 1818 1608 quaem—

1026 1618 1094 1646 tium
1110 1618 1218 1645 animas
1229 1625 1336 1650 eorum,
1348 1623 1375 1646 et
1384 1618 1454 1646 dabo
1465 1619 1599 1646 cadavera
1608 1627 1703 1646 eorum
1720 1619 1819 1648 cibum

1026 1665 1187 1692 volatilibus
1209 1665 1282 1698 cwli,
1298 1669 1326 1692 et
1344 1665 1440 1692 bestiis
1454 1669 1543 1693 terrae.
1563 1665 1608 1692 2|.
1624 1664 1657 1692 Et
1674 1664 1818 1692 Sedeciam

1026 1717 1116 1745 regem
1149 1709 1276 1744 Judm,
1309 1714 1337 1738 et
1369 1710 1504 1745 principes
1543 1718 1638 1737 eorum
1678 1710 1752 1737 dabo
1789 1711 1818 1737 in

1029 1762 1125 1782 manus
1157 1755 1332 1782 inimicorum
1364 1762 1473 1787 eorum,
1506 1759 1533 1781 et
1553 1755 1580 1782 in
1602 1762 1714 1781 manum
1740 1762 1818 1789 quae-

1028 1800 1146 1827 rentium
1173 1799 1282 1827 animas
1301 1807 1409 1832 eorum,
1438 1804 1465 1827 et
1485 1799 1513 1826 in
1536 1807 1649 1826 manum
1672 1800 1818 1834 potestatis

1026 1845 1098 1879 regis
1112 1846 1272 1880 Babylonis,
1289 1845 1324 1880 (Ιί)
1339 1845 1500 1880 fugientium
1514 1845 1548 1873 ab
1559 1846 1610 1873 eis.
1628 1845 1674 1873 22.
1687 1845 1759 1873 Ecce
1766 1853 1817 1880 ego

1026 1891 1165 1925 principio,
1183 1891 1248 1918 dicit
1266 1891 1410 1924 Dominus,
1429 1895 1457 1918 et
1470 1891 1598 1918 reducam
1612 1898 1660 1918 eos
1677 1892 1704 1918 in
1718 1891 1815 1918 urbem

1027 1936 1108 1969 hanc,
1138 1942 1165 1964 et
1188 1937 1334 1972 pugnaturi
1350 1939 1383 1971 Χ
1397 1945 1479 1972 super
1497 1944 1557 1965 eam
1577 1937 1600 1971 ζ.
1619 1937 1728 1971 capient
1742 1944 1815 1970 eam,

1026 1986 1053 2008 et
1065 1983 1229 2010 comburent
1245 1991 1305 2009 eam
1323 1983 1349 2009 in
1365 1983 1436 2018 igne,
1456 1986 1484 2009 et
1497 1983 1578 2010 urbes
1593 1983 1669 2010 Judze
1681 1983 1755 2010 dabo
1770 1991 1817 2010 cas

1027 2026 1053 2053 in
1067 2035 1121 2054 non
1137 2029 1261 2062 pervium
1278 2028 1312 2054 ab
1331 2028 1543 2056 habitatoribus.

1061 2071 1126 2106 Cap.
1150 2071 1258 2101 XXXV.
1275 2087 1311 2093 ——
1333 2074 1358 2100 I.
1375 2072 1506 2106 Verbum,
1522 2073 1594 2107 quod
1610 2073 1710 2100 factttm
1724 2079 1767 2100 est
1781 2074 1813 2101 ad

1026 2118 1172 2146 Jeremiam
1203 2127 1219 2146 a
1243 2117 1360 2145 Domino
1382 2118 1409 2145 in
1433 2118 1530 2146 diebtts
1544 2118 1648 2146 Joaciin
1665 2119 1712 2146 lilii
1733 2118 1814 2146 Josiza

185 2166 275 2194 redire
300 2165 424 2194 fecerunt
448 2173 541 2193 servos
565 2171 591 2192 et
610 2166 735 2198 ancillas,
750 2173 821 2200 quos
840 2165 876 2199 (πὶ
893 2164 975 2192 dimi-
991 2168 1012 2195 ι)
1028 2165 1100 2199 regis
1126 2163 1214 2196 Judaa,
1231 2164 1329 2191 dicens
1345 2173 1352 2190 :
1366 2164 1393 2191 2.
1407 2163 1481 2191 Vade
1496 2163 1522 2190 in
1541 2164 1651 2190 domum
1667 2164 1697 2198 (Ι)
1708 2163 1812 2191 lteeba~

185 2216 277 2238 serant
294 2212 404 2243 liberos,
423 2210 459 2246 (α)
475 2216 501 2237 et
514 2211 688 2245 reliquerunt
702 2218 751 2238 eos
765 2210 792 2237 in
804 2217 900 2238 servos
910 2215 937 2237 et
947 2211 974 2237 in

185 2256 310 2283 ancillas.
329 2256 374 2284 12.
389 2255 421 2282 Et
437 2256 537 2283 factum
549 2259 592 2283 cst
607 2255 722 2283 verbum
738 2255 845 2282 Domini
859 2255 891 2282 ad
901 2254 974 2282 Jere-

222 2337 253 2372 (Ι)
271 2336 311 2367 S.,
332 2336 421 2363 ftelus
432 2343 533 2362 meum.

186 2370 278 2407 (ογΑ.⁷
291 2376 317 2398 el
337 2372 479 2398 comburct
488 2378 559 2397 eam.
598 2372 636 2404 (ιι)
652 2370 684 2396 Ει
695 2371 835 2398 comburet
847 2378 918 2397 eam.

186 2426 279 2451 regum
297 2417 428 2452 prim-um,
441 2416 485 2450 qui
501 2415 610 2452 fuerunt
621 2416 647 2452 in
667 2415 735 2452 facie
743 2421 788 2442 tua
798 2415 984 2452 [Hebraismus

186 2449 262 2481 buin.
279 2449 311 2486 (ί)
327 2451 371 2484 Α.,
385 2449 494 2478 exciuit.
510 2450 548 2486 (tt)
566 2449 609 2482 Λ.,
630 2449 846 2486 ΐιιιξίΙίιειιθιιιξυι
860 2451 1007 2477 dimitteret

187 2496 243 2515 non
259 2485 362 2515 servire
382 2486 501 2513 facerent
518 2485 641 2512 Judaeum
663 2485 774 2512 fratrem
791 2493 870 2512 suurn
889 2493 922 2512 ne
934 2485 1148 2519 quidemunum.

186 2530 244 2552 eos.
283 2523 321 2557 (ιι)
333 2523 393 2549 ΚΑΙ
411 2521 531 2552 EIDEAN,
549 2525 573 2548 et
588 2521 695 2557 missum
710 2521 836 2554 fecerunt.
857 2519 958 2557 Reliqui
973 2525 1023 2557 .‘et
1036 2519 1211 2557 subegerunt.

738 2554 978 2590 cumprajterlapsi
991 2555 1091 2582 fuerint
1103 2561 1205 2589 septem
1222 2556 1296 2583 anni.

186 2597 214 2619 et
229 2593 342 2620 fecistis.
381 2588 477 2626 (e)‘A.,
490 2591 653 2626 libertatem.
672 2590 706 2624 (fl
717 2589 767 2626 Α,⁷
784 2588 825 2623 εξ,
837 2597 916 2624 quem
934 2588 1111 2626 diviserunt.’
1125 2588 1216 2626 (girAd
1233 2588 1398 2624 operantium
1412 2598 1454 2619 eo.
1473 2590 1510 2623 (li)
1529 2590 1661 2618 Praefecti.

187 2554 371 2586 summatione
388 2561 490 2591 septem
510 2563 654 2582 annorum.
676 2554 717 2587 S.,

185 2627 233 2662 qui
249 2627 427 2654 transierunt.
454 2659 458 2662 Δ
481 2625 517 2661 (It)
529 2625 631 2662 >S.,qui
651 2625 840 2662 demigrarunt
856 2632 885 2662 lar
900 2625 987 2662 vobis.

186 2659 279 2697 quer-is
295 2663 346 2690 eis.
384 2662 423 2697 (η)
441 2659 490 2693 Α.,⁷
503 2660 536 2688 ad
549 2659 633 2688 unum
649 2667 682 2687 ex
697 2659 812 2687 aerariis.

587 2335 634 2370 (m)
652 2336 697 2367 Α.,
722 2335 799 2370 copia
825 2335 894 2370 ejus.
910 2334 951 2367 8.,
967 2338 1098 2370 potestas.

961 2371 996 2405 (ιι)
1012 2369 1087 2403 Eius-

992 2406 1072 2456 Τιξι)
1085 2423 1132 2449 pro
1145 2420 1205 2442 anle
1217 2420 1250 2443 te.
1265 2415 1328 2452 0a.]
1340 2424 1348 2449 ;
1359 2416 1405 2456 _sic
1417 2416 1577 2456 comburam
1591 2419 1626 2442 te.
1644 2416 1678 2451 (ε)
1698 2415 1742 2456 ‘AZ,
1756 2424 1796 2443 ver

1026 2211 1082 2238 bim
1102 2219 1108 2237 :
1128 2210 1176 2245 (m)
1193 2215 1219 2237 et
1234 2217 1300 2236 voca
1315 2217 1373 2243 eos,
1386 2215 1413 2237 et
1425 2210 1583 2237 introduces
1596 2217 1644 2237 eos
1661 2210 1688 2236 in
1700 2210 1811 2237 deruunt

1028 2254 1137 2281 Domini
1159 2255 1199 2288 tn)
1222 2255 1249 2281 in
1271 2262 1355 2281 unttm
1381 2263 1413 2282 ex
1441 2255 1477 2290 (0)
1498 2255 1586 2288 atriis,
1614 2259 1642 2282 et
1664 2255 1811 2282 bibendum

1150 2334 1188 2369 (η)
1203 2334 1248 2368 Λ.,
1263 2342 1326 2362 cccc
1341 2342 1391 2369 ego
1405 2334 1520 2362 daturus
1534 2342 1594 2362 sutn
1620 2335 1714 2362 urbem
1732 2335 1809 2363 hanc.

1131 2370 1165 2405 (r)
1177 2369 1220 2402 Λ.,
1237 2374 1264 2396 et
1281 2370 1352 2397 sicut
1362 2370 1565 2397 combustioues
1579 2375 1686 2405 patrum
1703 2375 1809 2397 tuorum

1023 2452 1180 2477 virservum
1193 2458 1284 2482 suum,
1300 2457 1326 2477 et
1342 2451 1381 2476 vir
1395 2451 1520 2478 ancillam
1536 2458 1625 2478 suam.
1664 2451 1705 2484 μ’)
1723 2452 1764 2481 8.,
1785 2456 1810 2478 ut

1187 2486 1224 2521 (υ)
1243 2485 1280 2512 Ex
1296 2485 1405 2521 lsi-acte.
1443 2487 1480 2520 (ι)
1497 2485 1643 2520 Postquam
1652 2486 1811 2514 dimiserant

1262 2520 1354 2555 (l1)A.,
1369 2519 1410 2552 S.,
1423 2519 1452 2547 et
1472 2519 1575 2547 ednxi.r
1615 2521 1651 2555 (ε)
1667 2520 1711 2553 Α.,
1723 2529 1738 2548 a
1752 2529 1811 2549 con-

1279 2556 1296 2583 i.
1336 2555 1374 2590 (tl;
1391 2555 1434 2587 Α.,
1446 2559 1471 2582 et
1483 2555 1607 2582 conversi
1620 2556 1710 2583 t'uistis
1723 2557 1808 2587 Inulie,

1702 2593 1734 2626 (ἱ)
1749 2593 1807 2623 Eos,

1039 2625 1069 2660 (Ι)
1094 2625 1135 2658 S.,
1161 2625 1459 2653 Rechabimonitatutn.
1507 2626 1613 2660 tm)A.,
1634 2625 1694 2654 ΤΙι..
1724 2632 1752 2654 ct
1774 2629 1809 2654 lo-

851 2660 889 2693 (o)
901 2659 942 2693 8.,
959 2660 1077 2688 exedris.

223 2751 256 2787 (θ)
272 2753 355 2788 Syrus
367 2754 501 2789 interpres
516 2754 652 2789 duplicem
672 2753 716 2781 bic
730 2754 827 2782 inserit
844 2755 972 2783 lectioner

1027 2755 1056 2782 Ex
1075 2763 1137 2786 Lttx,
1165 2755 1211 2790 qui
1236 2758 1381 2789 regnarunt
1396 2759 1457 2781 ante
1473 2759 1497 2781 te
1511 2755 1584 2789 (τοὺς
1597 2755 1808 2789 βασιλεύσαντας

190 2796 320 2832 πρότερόν
340 2798 412 2832 σου),
426 2806 440 2826 c
456 2806 520 2827 vero
533 2799 656 2831 lle-bram,
671 2799 723 2827 sub
738 2800 880 2833 asterisco,
898 2801 943 2836 qui
960 2801 971 2828 t'

1027 2805 1069 2829 .Int
1086 2804 1147 2827 ante.
1166 2805 1191 2827 te
1209 2792 1300 2838 Πηῇ
1319 2802 1465 2834 τιτι-τίεις).
1481 2800 1580 2828 Dmcu.
