1919 3077
83 114 157 143 9.5M

651 117 808 148 JEREMIA'J
827 118 942 148 CAPUT
962 119 1068 147 XXXVI

1641 119 1712 148 2362
1720 104 1727 107 ”

85 172 123 199 da
151 174 191 199 eis
208 173 311 200 vinunt.
332 173 359 199 3.
374 173 407 201 Et
420 173 520 202 adduxi
543 174 684 202 choniam
698 176 783 202 lilium
796 175 875 202 Jere—
891 179 912 206 Α
928 177 1055 210 prmcepit
1069 175 1127 208 eis;
1147 176 1263 211 populus
1288 180 1378 203 atttem
1403 175 1446 202 hic
1463 166 1515 202 non
1542 175 1706 203 audiverunt

87 219 155 245 mia:
179 219 226 245 ﬁlii
251 219 288 254 (p)
312 219 466 254 llabasniat,
490 225 518 248 et
537 221 636 249 fratres
653 222 723 256 ejus,
742 226 769 248 et
781 229 877 249 omnes

86 262 164 290 ﬁlios
178 263 248 297 ejus,
263 268 290 290 et
303 271 410 291 omnem
425 265 537 292 domum
554 266 703 293 Rcchabim
721 274 728 293 :
747 266 774 293 4.
790 266 879 292 intro-‘

85 308 156 335 duxi
173 310 206 343 Β(
221 309 292 344 eos:
310 310 336 337 in
351 311 463 338 domum
487 311 593 338 Domini
616 312 642 338 in
663 311 791 339 terat-ium
805 312 877 338 tilio-

86 361 153 380 rum
171 354 207 389 (ᾳ)
225 354 318 381 Hanan
332 355 378 382 lilii
391 355 522 388 Godaliat,
542 356 661 383 hominis
676 355 733 388 Dei,
753 356 788 391 (r)
804 356 876 391 quod

87 403 135 426 est
160 406 174 425 a
203 399 287 426 latere
310 400 408 427 domus
434 400 599 435 principum,
626 402 659 435 ὶιί
684 401 769 436 qum:
794 408 875 435 supra

86 444 203 471 domum
230 444 339 472 lllaasim
361 445 408 472 lilii
426 444 528 478 Selom,
545 446 727 473 custodientis
744 445 778 481 (ε)
792 446 876 472 viam.

87 489 116 516 5.
136 491 168 516 Et
188 491 318 518 constitui
337 496 400 518 ante
416 491 514 518 faciem
528 499 624 519 eorum
646 491 767 518 ﬁliorum
779 491 878 518 domus

89 536 245 563 Itechabim
262 537 294 571 (ι)
311 536 434 572 hydriam
449 538 481 570 ὶεί
492 537 599 571 plenam
616 536 627 570 ζ
641 537 709 568 vini,
723 540 749 563 et
766 536 875 568 calices,

86 587 116 608 et
132 582 191 608 elixi
203 583 238 615 X
251 582 285 609 ad
302 582 373 616 eos:
391 582 499 610 :Rihite
517 583 623 609 vinum.
640 582 666 609 6.
681 582 714 609 Et
729 582 874 609 dixerunt:

86 627 150 656 Non
169 628 294 656 bibemus
312 628 416 661 vinum,
445 628 507 663 quia
533 627 657 656 Jonadab
673 628 745 655 ﬁlius
763 627 875 654 Rechab

87 678 167 708 pater
191 678 282 701 noster
301 674 428 708 praecepit
443 674 532 706 nobis,
550 674 645 701 dicens
668 682 674 700 :
697 672 755 699 Non
774 673 873 699 hihetis

87 719 196 751 vinum,
212 727 272 751 vos,
287 724 314 746 et
326 720 373 747 lilii
384 720 479 752 vestri,
493 727 580 754 usque
595 720 621 746 in
635 720 765 747 saeculum
782 728 789 745 :
806 718 832 744 7.
847 723 876 745 ct

85 766 188 793 domos
205 773 259 792 non
274 765 453 798 tediﬁcabitis,
471 769 499 793 et
511 773 602 793 semen
621 773 675 792 non
688 764 875 796 seminabitis,

85 814 116 836 et
143 810 249 837 vineam
271 817 325 837 non
341 810 510 845 plantabitis,
529 817 618 844 neque
633 810 685 837 erit
696 809 792 842 vobis;
809 809 876 844 quia

929 229 982 248 mc.
1016 221 1060 248 l7.
1081 221 1195 256 Propter
1214 222 1263 248 hoc
1278 222 1318 248 sic
1338 221 1407 248 dixit
1422 220 1554 248 Dominus
1566 222 1599 254 Ἀ(
1612 221 1680 248 Deus
1695 223 1705 254 ζ

928 264 1056 291 virtutmn
1078 265 1146 291 Deus
1175 264 1282 291 lsraelis
1309 273 1315 291 :
1344 264 1413 291 Ecce
1437 264 1470 296 >ε<
1484 263 1558 298 ego:
1575 264 1708 291 adducam

927 317 1008 345 super
1024 309 1132 342 Judam,
1147 315 1173 337 ct
1188 317 1270 344 super
1289 310 1448 344 Xoutnes:
1468 309 1624 336 habitantes
1642 310 1710 343 )(in

927 355 1077 384 Jerusalem
1107 356 1119 389 ζ
1135 355 1226 383 omnia
1249 355 1331 388 mala,
1356 363 1416 389 qum
1432 355 1540 382 loeutus
1554 363 1614 382 sum
1629 363 1712 389 super

926 409 985 433 eos.
1004 403 1037 436 χ(
1049 410 1097 436 pro
1111 409 1144 429 co
1160 401 1232 436 quod
1251 401 1357 428 loeutus
1371 409 1432 428 sttm
1448 409 1530 436 super
1544 408 1602 432 eos,
1615 405 1642 427 et
1656 408 1710 427 non

927 446 1102 476 audiverunt,
1121 451 1145 473 et
1171 446 1267 473 vocavi
1293 453 1352 477 eos,
1372 450 1401 472 et
1422 453 1476 472 non
1500 445 1708 479 responderunt.

927 492 973 519 18.
994 491 1028 518 Et
1044 492 1138 518 domui
1158 491 1309 518 Rccbahim
1324 491 1335 525 ζ
1356 491 1427 518 dixit
1437 489 1555 518 Jeremia
1573 500 1580 517 :
1597 490 1713 525 Propter

928 537 980 564 hoc
1009 537 1050 564 sic
1075 537 1146 563 dixit
1174 536 1308 564 Dominus
1333 536 1465 564 virtutum
1484 537 1557 563 Deus
1576 536 1711 564 lsmeﬁs:

927 584 962 618 (e)
988 583 1056 615 Quia
1081 583 1225 609 audierunt
1249 589 1280 610 -ε-
1299 582 1346 609 lilii
1369 582 1494 609 Jonadab
1511 582 1558 609 lilii
1576 581 1709 616 Rechab:

927 635 1090 666 pra‘ceptum
1109 629 1232 657 Jonadah
1251 630 1338 664 patris
1355 629 1388 664 (Γ)
1401 637 1508 662 cortttn,
1523 633 1550 656 et
1566 635 1712 656 servarunt

927 675 1018 702 omnia
1043 680 1176 709 praecepta
1192 674 1262 708 ejus,
1285 674 1317 701 ad
1335 673 1489 701 faciendum
1515 674 1636 708 Xjuxta
1652 681 1712 700 om-

927 721 971 747 nia
984 721 1009 755 ζ,
1037 727 1097 754 qum
1123 719 1264 747 mandavit
1298 720 1335 754 (g)
1359 719 1398 747 eis
1423 726 1455 746 -ε-
1475 723 1551 754 pater
1570 726 1664 746 eorum
1680 719 1710 753 ﬁ;

927 765 970 792 19.
991 765 1105 800 Propter
1119 766 1170 792 ltoe
1185 765 1242 792 haec
1256 765 1321 792 dicit
1338 765 1471 792 Dominus
1487 764 1558 791 Detts
1577 764 1683 791 lsraclis-
1702 773 1709 792 :

928 812 965 847 (It)
988 810 1047 839 Non
1065 811 1171 839 deﬁciet
1193 812 1234 838 \ir
1252 819 1286 839 ex
1302 811 1366 839 ﬁliis
1383 810 1508 838 Jouadah
1525 811 1572 838 ﬁlii
1590 810 1709 841 Rechab,

87 855 116 881 in
139 856 264 882 tentoriis
282 854 443 883 habitabilis
462 856 590 883 omnibus
605 855 702 882 diebus
717 855 826 887 vestris,
845 859 875 882 ut
893 851 912 879 Β
925 863 1001 885 stans
1029 861 1091 884 ante
1117 857 1212 884 faciem
1238 865 1325 884 meam
1352 857 1480 883 onmihtts
1506 856 1601 883 diebus
1620 860 1709 883 terra‘.

85 900 189 928 vivatis
202 901 298 928 diebus
316 901 410 929 multis
427 909 510 937 super
521 902 555 935 Χ
568 900 636 928 facie
652 901 663 935 ζ
682 905 771 933 ιρι-τω,
791 907 875 935 super

85 953 143 980 qua
173 945 213 982 (ιι)
232 953 281 974 vos
306 946 435 973 habitatis
458 953 541 981 super
563 951 605 973 ea.
625 946 652 973 8.
669 945 702 973 Et
717 946 875 973 audivimus

86 999 183 1018 vocem
193 990 316 1019 Jonadah
328 993 360 1025 χ(
373 992 421 1019 ﬁlii
435 992 545 1019 Rechab
559 993 571 1027 ζ
587 992 671 1026 patris
685 991 782 1024 nostri,
795 991 876 1026 juxta

86 1037 191 1069 omnia,
204 1045 265 1072 qum
280 1037 409 1072 praecepit
422 1038 512 1070 nobis,
529 1042 558 1064 ttt
573 1045 626 1064 non
643 1037 769 1064 bibamus
779 1038 873 1064 viuum

86 1082 217 1110 omnibus
233 1082 330 1110 diebus
346 1083 460 1115 nostris,
479 1090 540 1115 nos,
552 1086 580 1110 et
595 1089 695 1109 uxores
713 1087 824 1115 nostrae,
847 1086 874 1110 et

87 1128 136 1155 ﬁlii
149 1128 247 1160 nostri,
264 1133 290 1155 et
302 1128 362 1155 lilia:
374 1133 484 1161 nostrae,
505 1128 532 1156 9.
548 1134 574 1155 et
591 1133 619 1155 ut
636 1136 689 1156 non
705 1128 873 1157 azdiﬁcemus

85 1172 195 1205 domos,
225 1181 258 1200 ne
275 1173 429 1201 habitemus
450 1173 486 1201 ibi
513 1182 520 1201 :
546 1178 573 1201 et
597 1174 687 1206 vinea,
709 1178 737 1200 et
752 1182 826 1209 ager,
846 1179 874 1201 et

85 1226 179 1245 semen
195 1227 248 1245 tton
266 1218 316 1246 fuit
328 1219 408 1247 nobis
426 1228 432 1246 :
450 1219 494 1246 l0.
508 1224 535 1246 et
546 1219 732 1247 habitavimus
747 1219 774 1246 itt
789 1224 873 1246 tento-

87 1264 150 1295 riis,
178 1268 205 1290 et
232 1264 399 1296 audivimus,
423 1270 450 1292 et
466 1263 581 1292 fecimus
594 1264 673 1299 jttxta
688 1265 791 1297 omnia,
811 1273 873 1299 quae

87 1309 215 1343 praecepit
238 1309 317 1336 nobis
339 1308 462 1336 Jonadab
478 1314 553 1344 pater
567 1315 670 1336 noster.
697 1310 738 1336 ll.
754 1309 870 1336 Factum

85 1360 129 1382 est
140 1360 242 1388 autem,
258 1363 320 1383 eum
333 1356 458 1383 ascendit
469 1355 721 1383 Nabuchodonosor
734 1363 779 1382 rex
789 1355 873 1390 Baby-

87 1400 158 1427 lonis
177 1408 260 1435 super
277 1405 390 1433 terram,
408 1405 435 1428 et
449 1401 570 1428 diximus
588 1410 594 1427 :
614 1401 653 1436 (az)
669 1401 869 1433 Ascendamus,

87 1446 273 1481 ingrediantur
288 1445 313 1473 itt
325 1445 478 1473 Jerusalem
495 1447 529 1474 ab
543 1451 605 1474 ante
617 1446 714 1473 faciem
729 1447 870 1480 potestatis

85 1491 289 1523 Chaldazorum,
305 1491 378 1519 etab
390 1496 453 1518 ante
470 1491 565 1518 faciem
579 1491 720 1525 potestatis
739 1491 776 1525 (τι)
788 1491 870 1526 Assy-

88 1538 203 1569 riorttm,
231 1537 269 1570 (2)
292 1541 319 1563 et
340 1537 526 1564 habitavimus
539 1537 589 1563 ibi.
609 1537 652 1563 12.
666 1536 698 1563 Et
714 1535 815 1563 factum
830 1542 871 1564 cst

87 1582 199 1609 verbum
216 1581 323 1608 Domini
336 1582 369 1609 ad
381 1581 538 1613 Jeremiam,
553 1582 647 1610 dicens
661 1592 668 1610 :
686 1583 729 1610 15.
745 1582 791 1610 Sic
801 1583 870 1611 dixit

87 1627 219 1655 Domintts
235 1628 366 1655 virtutum
384 1627 456 1655 Deus
470 1627 577 1655 lsraelis
592 1637 598 1655 :
617 1627 701 1660 Vade,
718 1633 745 1656 et
761 1629 805 1656 dic
821 1629 871 1656 ho-

86 1673 153 1700 mini
167 1672 254 1705 Judtn,
270 1677 297 1699 et
317 1672 502 1699 habitantibus
520 1672 546 1699 in
567 1671 716 1701 Jerusa|em
735 1682 742 1700 :
761 1673 799 1709 (a)
812 1673 869 1700 Non

86 1718 226 1752 accipietis
252 1717 422 1752 disciplinam
450 1717 483 1744 ad
504 1718 668 1745 audiendum
690 1719 772 1746 verba
793 1719 871 1746 mea?

85 1764 152 1790 dicit
181 1762 323 1790 Dominus.
351 1763 394 1790 M.
418 1761 615 1790 Stabiliverttnt
630 1765 663 1797 Ἀ(
679 1764 709 1790 τὸ
727 1764 738 1798 ζ
756 1765 869 1791 verbum

87 1809 169 1836 +ﬁlii
196 1809 206 1842 ζ
231 1807 354 1835 Jonadab
380 1808 427 1834 ﬁlii
450 1807 573 1840 Rechab,
589 1816 649 1844 qua‘
665 1811 792 1844 praecepit
808 1811 870 1838 ﬁliis

85 1855 155 1889 ejus,
171 1859 200 1881 ut
215 1861 268 1880 non
283 1854 406 1881 biberent
418 1854 522 1886 vinunt,
538 1859 565 1882 et
578 1863 632 1881 non
645 1855 771 1882 biberunt
781 1858 815 1890 >ε<
828 1864 870 1884 us-

86 1909 137 1934 que
161 1900 195 1927 ad
220 1900 292 1927 diem
319 1900 392 1927 ltunc
408 1899 437 1934 2;
461 1900 526 1934 quia
543 1901 688 1928 attdierunt
703 1907 868 1936 praeceptum

87 1948 119 1980 λ(
136 1946 220 1980 patris
240 1953 336 1972 eorum
351 1946 362 1979 ζ
375 1954 382 1973 :
395 1953 445 1980 ego
460 1950 550 1972 autetn
567 1946 674 1973 locutus
687 1954 747 1974 sum
762 1948 794 1974 ad
810 1955 867 1980 vos,

86 1993 122 2029 (ὁ)
145 1993 170 2018 itt
190 1992 324 2018 matutino
341 1992 423 2019 etiam
438 1992 545 2018 loeutus
561 1999 634 2023 sum,
650 1997 677 2019 et
691 2001 744 2020 non
761 1994 868 2020 audiis-

86 2038 120 2064 tis
132 2038 164 2072 Ἀ(
181 2045 223 2064 me
237 2037 261 2071 ξ.
280 2037 322 2064 15.
336 2036 369 2064 Ει
384 2037 445 2064 misi
460 2036 493 2063 ad
513 2044 561 2063 vos
577 2044 672 2064 omnes
687 2046 782 2065 servos
793 2046 868 2066 meos

85 2083 239 2117 prophetas,
266 2085 439 2108 antevertens
462 2085 490 2108 et
511 2081 632 2114 mittens,
649 2082 684 2116 (ε)
697 2082 753 2109 dixi
770 2091 776 2108 :
795 2083 868 2110 Con-

85 2127 220 2154 vertimiui
236 2128 270 2161 >εί
283 2134 355 2154 nunc
371 2126 382 2160 ζ
411 2128 603 2162 unusquisque
618 2135 633 2154 a
650 2128 692 2154 via
713 2135 763 2155 sua
785 2129 865 2161 mala,

84 2179 110 2200 et
124 2173 235 2200 meliora
249 2173 329 2200 facite
346 2173 384 2208 (ά)
396 2178 529 2208 praecepta
542 2179 644 2206 vesu'a,
656 2177 683 2200 et
696 2181 749 2200 non
763 2174 866 2201 abeatis

85 2223 144 2254 post
158 2219 223 2246 deos
242 2219 310 2246 alios
330 2218 363 2245 ad
382 2219 526 2246 colendum
542 2219 684 2246 servitiqu
700 2220 740 2246 eis
755 2228 761 2246 :
777 2225 802 2246 et
816 2220 864 2246 ha-

84 2264 205 2291 bitabilis
221 2271 303 2298 super
319 2268 402 2296 terra,
416 2271 497 2298 quam
518 2264 579 2291 dedi
594 2265 683 2295 vobis,
699 2270 726 2291 et
741 2265 866 2299 patribus

83 2310 190 2336 vestris.
208 2309 240 2336 Et
254 2317 307 2336 non
325 2308 476 2336 ittclinastis
493 2310 526 2343 x
539 2309 587 2344 τὴν
601 2310 612 2344 ζ
627 2317 720 2336 aurem
734 2315 864 2344 vestram,

82 2360 109 2382 et
129 2362 181 2381 non
198 2354 341 2381 audivistis
362 2362 417 2381 tne.
437 2354 480 2381 16.
496 2354 529 2382 Et
545 2355 739 2382 stahilivcrunt
756 2356 802 2382 ﬁlii
817 2355 864 2383 Jo-

84 2400 169 2428 nadah
191 2400 238 2427 lilii
259 2400 370 2427 Rechab
392 2406 554 2436 prteceplum
570 2402 656 2435 patris
669 2409 774 2434 eorum,
792 2403 864 2437 quod

119 2458 154 2492 (ρ)
171 2457 215 2489 Α.,
242 2457 378 2484 Abasuire.
427 2457 465 2492 (q)
483 2457 526 2490 A.,
543 2458 682 2486 llanauia‘.

82 2493 196 2520 Maasim.
249 2494 285 2525 (a)
300 2492 344 2523 A.,
360 2492 401 2524 S.,
418 2492 478 2522 Th..
496 2493 607 2519 atrium.

82 2528 121 2558 5..
136 2527 224 2554 sedem
244 2527 357 2554 habetis.
412 2527 450 2561 (ξι)
468 2527 512 2558 Α.,
540 2527 580 2559 8,,

83 2633 184 2659 lchitur.
237 2632 267 2665 (i)
285 2632 324 2658 Ad
350 2639 402 2659 me.
455 2631 491 2666 (Ιί)
512 2631 544 2659 Α.
561 2652 569 2665 ,
594 2631 799 2665 ιὀΙυιιιθηΪ’8.,

82 2666 312 2703 ΕΧΡΙΙΜΑΉΣᾹΧ
326 2666 453 2693 divinitus
467 2667 569 2703 loculus
588 2675 656 2703 sunt.
710 2669 759 2703 (ιη)

959 903 1025 938 Cap.
1049 902 1171 930 XXXVI.
1183 918 1218 923 —
1238 903 1263 930 ‘l.
1282 902 1315 930 Et
1331 903 1364 936 )t(
1382 903 1481 929 factum
1496 906 1538 929 est
1554 901 1566 935 ξ
1585 901 1612 928 itt
1639 909 1711 928 anno

924 952 1021 983 quarto
1034 947 1138 975 Joacitu
1155 947 1202 974 ﬁlii
1224 947 1306 974 Josiae
1318 947 1388 982 regis
1403 946 1488 979 ludar,
1502 947 1603 974 factum
1621 951 1662 974 est
1677 948 1711 980 ἷξε(

923 993 1035 1020 verbum
1066 993 1077 1028 ζ
1106 993 1203 1028 hoc(i)
1219 993 1251 1020 ad
1277 992 1421 1020 Jeremiam
1443 993 1477 1028 ὶθ(
1502 1000 1517 1020 a
1547 993 1661 1020 Doutino
1697 993 1708 1027 ζ

923 1038 1016 1066 dicens
1032 1039 1077 1066 :‘2.
1092 1038 1175 1065 Sume
1187 1038 1233 1065 tibi
1246 1038 1281 1073 (Ic)
1293 1039 1415 1065 chartam
1430 1038 1503 1070 libri.
1520 1043 1546 1065 ct
1562 1038 1651 1065 scribe
1663 1046 1709 1065 su-

923 1091 971 1117 per
984 1091 1015 1110 ca
1026 1083 1119 1111 omnia
1134 1083 1227 1113 verba.
1244 1091 1304 1118 qua:
1319 1083 1348 1117 (ι)
1363 1083 1522 1117 prophetavi
1540 1082 1573 1109 ad
1589 1087 1614 1109 te
1629 1089 1712 1117 super

923 1126 1063 1159 lsraclem,
1080 1119 1105 1154 et
1123 1135 1204 1161 super
1222 1127 1332 1159 Judam,
1352 1131 1379 1154 et
1398 1134 1479 1161 super
1491 1134 1585 1153 omnes
1602 1132 1708 1161 gentes.

923 1179 937 1198 a
963 1171 1006 1198 die
1025 1179 1079 1206 quo
1101 1171 1207 1199 locutus
1233 1180 1292 1198 sum
1315 1171 1348 1198 ad
1372 1175 1408 1204 tc,
1429 1179 1444 1198 a
1463 1171 1559 1198 diebtts
1578 1170 1660 1198 Josia:
1676 1179 1710 1200 σε-

923 1216 994 1250 regis
1009 1215 1085 1243 Julia:
1103 1216 1131 1249 ζ,
1149 1221 1175 1243 et
1188 1224 1274 1251 usque
1296 1217 1329 1243 ad
1349 1218 1418 1243 diem
1434 1217 1515 1244 hunc.
1537 1217 1564 1244 5.
1583 1216 1711 1244 Fortasse

922 1262 1032 1287 audient
1051 1261 1148 1287 domus
1166 1260 1242 1288 Juda:
1256 1262 1347 1288 otnuia
1373 1262 1458 1294 mala,
1479 1270 1540 1296 qua:
1557 1270 1606 1297 ego
1620 1263 1709 1296 cogito

923 1305 1011 1333 facere
1027 1307 1081 1339 eis;
1101 1311 1129 1333 ut
1150 1311 1318 1333 revertantur
1338 1309 1370 1340 X
1389 1307 1578 1341 unusquisque
1595 1306 1604 1340 ζ
1627 1314 1641 1333 a
1660 1307 1704 1332 via

922 1358 971 1378 sua
989 1351 1058 1377 mala
1075 1358 1081 1376 :
1095 1355 1122 1378 et
1139 1351 1272 1385 propititts
1286 1359 1333 1378 ero
1353 1351 1542 1386 iniquitatibus
1558 1359 1665 1380 corutn.
1681 1356 1708 1378 et

921 1396 1039 1431 peccatis
1058 1404 1164 1423 corutn.
1183 1396 1208 1423 4.
1234 1397 1266 1423 Et
1281 1398 1387 1424 vocavit
1405 1397 1521 1424 Jeremia
1551 1397 1655 1424 Baruch
1677 1396 1708 1423 ﬁ-

921 1441 988 1469 lium
1017 1441 1103 1469 Neria:
1124 1448 1173 1470 :et
1197 1443 1305 1477 scripsit
1327 1442 1432 1470 Rarurh
1455 1450 1486 1469 ex
1515 1450 1562 1469 ore
1585 1441 1710 1469 Jercntial.

921 1488 1011 1515 omnia
1025 1489 1105 1515 verba
1124 1488 1240 1521 Domini,
1256 1496 1316 1523 qua:
1334 1489 1380 1524 (m)
1394 1488 1564 1523 prophetaxit
1582 1489 1613 1515 ad
1634 1496 1708 1520 eum,

923 1533 948 1559 iu
969 1532 1089 1559 chartam
1107 1533 1178 1560 libri.
1193 1533 1219 1560 ὅ.
1235 1533 1266 1560 Et
1285 1533 1412 1567 prtecepit
1430 1532 1546 1559 Jeremia
1569 1533 1709 1565 Barucho,

921 1578 1014 1605 dicens
1028 1585 1034 1603 ε
1049 1577 1103 1613 Ego
1114 1578 1152 1613 (η)
1165 1578 1316 1606 custoditus
1333 1587 1405 1611 sunt,
1420 1583 1446 1606 et
1464 1586 1516 1605 tton
1529 1586 1639 1613 possunt
1666 1579 1710 1605 itt-

922 1623 994 1657 grcdi
1020 1624 1047 1650 in
1065 1624 1175 1651 domum
1201 1623 1305 1651 Domini
1323 1632 1330 1649 :
1348 1623 1373 1651 6.
1396 1630 1421 1651 et
1443 1624 1605 1659 ingrediaris
1631 1628 1670 1665 tu,
1683 1629 1709 1651 et

922 1669 994 1704 legas
1008 1669 1033 1695 in
1049 1669 1142 1696 charta
1157 1676 1186 1697 -ε-
1202 1670 1253 1697 hac
1269 1669 1299 1704 ξ,
1316 1678 1368 1704 qtta
1386 1669 1522 1704 scripsisti
1537 1678 1569 1696 ex
1585 1677 1632 1696 ore
1649 1677 1709 1697 meo

921 1713 1003 1740 verba
1020 1713 1125 1740 Dotnini
1141 1713 1167 1740 in
1182 1722 1262 1740 aures
1279 1714 1380 1748 populi,
1398 1714 1424 1740 in
1443 1715 1524 1740 domo
1547 1713 1664 1744 Domini,
1682 1714 1707 1740 itt

921 1755 964 1782 die
984 1756 1101 1790 jejuuii;
1118 1761 1144 1783 et
1168 1757 1194 1783 in
1210 1758 1323 1783 auribus
1348 1757 1437 1784 omnis
1451 1756 1527 1784 Juda:
1543 1757 1707 1784 venientium

920 1807 952 1827 ex
971 1801 1084 1828 ttrhibus
1100 1808 1206 1832 eorum,
1224 1801 1297 1836 leges
1312 1801 1362 1828 eis.
1379 1801 1404 1828 7.
1424 1801 1550 1829 Fortasse
1564 1801 1641 1829 cadet
1660 1801 1708 1828 de-

920 1844 1077 1879 prccalio(‘)
1091 1852 1185 1871 eorum
1201 1850 1261 1871 ante
1269 1844 1364 1871 faciem
1378 1844 1709 1877 Dotniui,etreverlentur

920 1889 954 1921 ᾗῇ(
972 1889 1158 1922 unusquisque
1180 1889 1191 1922 ζ
1217 1896 1232 1915 a
1251 1889 1293 1915 via
1320 1896 1369 1916 sua
1391 1889 1478 1922 mala;
1506 1889 1570 1924 quia
1593 1896 1708 1924 magnus

920 1931 996 1957 furor
1008 1936 1035 1958 et
1052 1932 1091 1958 ira
1110 1938 1139 1958 -ι-
1158 1931 1262 1958 Domini
1284 1932 1314 1965 ζ,
1331 1940 1412 1967 quam
1434 1933 1540 1960 locutus
1559 1937 1600 1960 est
1617 1932 1708 1959 Domi-

921 1981 972 2001 tius
983 1982 1064 2008 super
1078 1976 1205 2009 populum
1220 1976 1300 2003 hunc.
1322 1977 1349 2002 8.
1369 1976 1401 2002 Et
1420 1976 1482 2003 fecit
1504 1977 1607 2003 Baruch
1625 1977 1658 2010 Χ
1676 1977 1708 2003 li-

919 2016 971 2044 lius
983 2016 1070 2044 Neria:
1087 2018 1098 2052 ζ
1114 2018 1191 2052 juxta
1211 2019 1313 2051 omnia,
1328 2027 1388 2053 quae
1403 2021 1530 2054 praecepit
1546 2021 1569 2046 ei
1587 2020 1705 2047 Ieremia

919 2061 1060 2094 propheta,
1081 2061 1114 2088 ad
1139 2062 1279 2096 legendum
1308 2063 1334 2088 in
1349 2063 1419 2090 libro
1443 2064 1525 2090 verba
1548 2063 1653 2090 Domini
1677 2064 1703 2090 in

918 2104 1000 2131 domo
1017 2104 1134 2134 Doutiui.
1151 2106 1177 2132 9.
1197 2105 1229 2132 Et
1245 2105 1343 2133 factum
1362 2112 1402 2134 est
1423 2107 1449 2134 itt
1471 2115 1542 2134 anno
1559 2108 1595 2142 (ο)
1608 2108 1706 2142 quinto

918 2147 1032 2175 Joacimi
1054 2148 1100 2175 lilii
1119 2148 1199 2175 Josim
1219 2151 1290 2183 regis
1307 2149 1393 2182 Judm,
1420 2151 1447 2178 in
1461 2158 1554 2177 mense
1572 2159 1644 2177 nouo
1663 2152 1699 2184 (ν)

883 2193 904 2220 1)
919 2192 1094 2226 congregavit
1115 2192 1248 2226 jejunittm
1277 2201 1339 2220 ante
1363 2193 1458 2221 faciem
1479 2193 1586 2220 Domini
1614 2196 1705 2221 omnis

919 2235 1033 2269 populus
1069 2235 1199 2269 lsraclis,
1229 2241 1258 2263 et
1286 2237 1375 2264 omnis
1419 2239 1533 2272 populus
1566 2238 1705 2264 venientes

918 2285 952 2304 ex
978 2278 1090 2306 urbibus
1118 2278 1203 2311 Iudae,
1231 2280 1257 2306 in
1284 2279 1445 2313 Jerusalem,
1475 2287 1505 2308 -ι-
1536 2281 1631 2308 domus
1656 2280 1706 2308 Ju-

918 2321 959 2349 (ἴω
989 2322 1026 2357 ζ.
1051 2322 1093 2349 10.
1126 2322 1159 2349 Et
1187 2323 1249 2358 legit
1275 2323 1378 2350 Rarueh
1412 2324 1439 2351 in
1475 2325 1543 2351 libro
1575 2326 1608 2359 Ἀ(
1629 2325 1663 2353 τὰ
1690 2326 1702 2361 ζ

918 2365 1000 2392 verba
1024 2365 1148 2392 Jeremiat
1175 2366 1201 2393 itt
1234 2366 1315 2393 domo
1347 2365 1464 2398 Domini,
1495 2367 1531 2403 (η)
1565 2368 1591 2394 iu
1623 2369 1703 2394 domo

918 2407 1053 2436 Gamaria:
1070 2409 1115 2435 lilii
1128 2409 1237 2445 Saphan
1253 2410 1360 2442 scribta,
1383 2411 1410 2437 in
1426 2411 1496 2438 atrio
1512 2411 1655 2446 superiori,
1675 2412 1701 2440 itt

734 2459 910 2500 (ι’)ηδ-μῇμξιξ
921 2463 1045 2500 estapud
1058 2464 1185 2491 exedram
1210 2464 1373 2500 principum,
1400 2473 1461 2500 qua:
1475 2473 1557 2500 supra
1574 2467 1699 2494 exedram

656 2495 689 2530 (ι)
706 2493 806 2530 A.,‘s.,
823 2493 1016 2530 mimum":

602 2529 700 2560 venite,
721 2529 914 2564 ingrediantur.

83 2564 119 2596 (a)
134 2562 176 2593 S.,
204 2570 294 2589 annon
306 2561 454 2596 accipietis.
493 2562 530 2596 (ὁ)
545 2562 590 2593 Αι.
612 2561 782 2591 antevertens
802 2570 828 2591 ct
856 2566 959 2594 dicens.

83 2599 115 2630 (ε)
139 2597 182 2627 Α..
205 2596 265 2636 T/t._,
295 2605 342 2630 pro
371 2604 404 2623 eo
430 2597 502 2630 quod
531 2597 682 2625 audivistis.
721 2599 754 2634 (1')
780 2598 907 2634 Reliqui:
924 2596 1020 2629 vestri.‘
1038 2596 1090 2638 '(g)
1106 2596 1210 2638 Delii/ui
1229 2596 1338 2632 :'voltis.

83 2633 184 2659 Ichilttr.
237 2633 267 2662 (ι)
285 2632 324 2658 Ad
350 2639 402 2659 tne.
455 2631 491 2662 (k)
512 2631 544 2659 Α.
561 2652 569 2662 .
594 2632 729 2660 volumen.
758 2633 799 2662 S..
825 2635 960 2662 Daainam.
988 2636 1053 2662 Τῇ..
1087 2639 1244 2662 ειιηῑιιιιηηιΔ
1293 2640 1324 2662 (lt

825 2643 960 2669 paginam.
990 2643 1034 2663 In.
1046 2657 1053 2669 ,

785 2669 1044 2704 ΕΧΡΗΜΑΤΙΣΕΝ,
1071 2669 1196 2699 diuinitus
1219 2669 1322 2700 locutus
1336 2680 1384 2701 est.

1018 2500 1122 2559 cfp/tos.
1172 2499 1210 2533 lu)
1223 2499 1266 2531 A.,
1285 2500 1330 2534 qui
1350 2508 1398 2526 vos
1410 2499 1496 2534 super
1508 2499 1538 2527 ea
1553 2502 1698 2540 peregrini.

1049 2553 1066 2559 ..
1082 2533 1122 2559 S..
1140 2532 1280 2559 Svrorum.
1333 2536 1370 2559 {zl
1384 2534 1427 2559 Α..
1445 2535 1504 2559 ΤΙι..
1517 2541 1543 2559 et
1567 2536 1697 2559 sedimus.

971 2535 1008 2568 (υ)
1024 2532 1066 2566 Α.,
1082 2533 1122 2566 S.,
1140 2532 1280 2569 Syrorum.
1293 2532 1301 2534 7
1333 2536 1370 2568 (ι)
1384 2534 1428 2566 Α.,
1445 2532 1504 2565 ΤΙι..
1517 2532 1697 2563 ειέοίιῇηιιε.

997 2569 1047 2604 νίς)
1068 2568 1125 2604 14.,"
1135 2569 1174 2604 3.,
1191 2569 1251 2600 ΤΙι.,
1276 2570 1377 2597 dicens.
1399 2571 1437 2604 (ιι)
1459 2570 1583 2604 Reliqui:
1598 2571 1698 2600 studia,

1382 2606 1419 2639 (Ii)
1437 2605 1481 2636 Α,,
1503 2605 1563 2636 Tli.,
1582 2612 1634 2631 non
1650 2605 1698 2632 de—

1293 2640 1324 2672 (l)
1341 2638 1444 2674 Reliqui
1460 2648 1469 2666 :
1487 2640 1592 2667 loeutus
1626 2647 1697 2668 sttm,

1436 2676 1474 2710 (η)
1489 2675 1533 2705 Α..
1552 2674 1593 2707 5.,
1610 2675 1698 2703 inclu-

1087 2639 1244 2671 capitulum.

81 2710 125 2729 sus
138 2710 209 2728 sunt.
250 2702 286 2736 (0)
295 2700 407 2728 Octavo.
446 2703 485 2735 (ρ)
504 2701 548 2733 Α.,
565 2700 776 2736 proclamarutit.
816 2704 908 2738 (q)A.,
934 2706 961 2733 itt
981 2700 1063 2735 domo
1076 2716 1158 2742 gazae.
1181 2708 1222 2740 S.,
1249 2710 1276 2735 in
1293 2709 1400 2736 e\edra.

116 2772 150 2815 (‘j
160 2771 245 2815 Svrttsl
261 2775 368 2815 noster,
380 2776 500 2815 temerat,
517 2771 750 2815 _quod_respond£t
761 2773 800 2808 τῷ
811 2779 885 2815 {tam
897 2779 988 2804 textus
1003 2777 1137 2805 llcbraici.
1153 2777 1297 2813 Pevpcram
1312 2779 1427 2806 reddidit
1443 2779 1575 2815 Net-berg,
1591 2777 1697 2806 miscri-

83 2805 180 2836 cartlta,
195 2810 223 2832 ut
239 2806 319 2834 habet
334 2811 422 2832 textus
435 2811 560 2841 receptus
575 2807 628 2833 τῶν
640 2805 703 2840 ιξκι,
719 2805 802 2840 ἔλεοξ.
818 2809 918 2837 ltaacu.
