1919 3077
224 107 292 158 ί367

805 129 919 158 CODEX
939 128 1270 166 SYRQ—HEXAPLARIS.

1779 130 1849 156 2368

224 191 266 218 tu,
281 191 308 214 et
319 187 417 215 domus
441 192 498 215 tua.
512 188 554 216 l8.
573 188 601 216 Si
619 193 708 216 autem
723 196 777 216 non
793 189 912 217 cxiveris
926 191 959 224 Χ
981 193 1009 216 ιιι
1026 189 1047 219 Α
1063 196 1202 217 murorum
1218 199 1224 218 :
1244 194 1270 217 et
1289 189 1391 225 egressi
1409 193 1473 217 sunt
1486 189 1513 217 in
1528 190 1570 217 via
1586 189 1624 225 (Δ)
1642 190 1744 218 Araba.
1775 191 1803 218 5.
1820 191 1851 218 Et

225 231 258 258 ad
273 232 410 267 principes
426 234 497 268 regis
511 233 655 270 Babylonis
667 233 678 269 ζ
690 255 697 267 ,
712 234 821 262 dabitur
836 235 900 262 urbs
913 234 970 262 haec
984 235 1011 262 in

225 286 324 306 manus
342 278 544 313 Chaldaeorum,
557 284 585 307 et
598 280 759 307 comburent
771 288 832 308 eam
859 281 886 308 in
902 281 973 316 igne,
985 286 1013 308 et

232 330 262 352 tu
289 331 343 351 non
365 325 513 353 salvaberis
530 327 563 361 )t(
583 334 598 354 a
618 327 744 355 manibtts
757 334 851 355 eorum
873 328 897 363 ζ.
916 327 959 356 19.
980 328 1013 356 Et

225 369 294 396 dixit
309 376 354 396 rex
369 368 482 398 Sedecia
495 369 636 399 Jeremiaz:
655 373 691 406 (p)
709 371 763 408 Ego
786 373 856 401 ratio
879 377 921 401 est
946 373 1013 401 mihi

225 413 392 448 Judzeorum,
410 418 455 451 qui
471 418 599 452 fugerunt
617 419 651 446 ad
668 418 821 452 Chaldaeos,
843 427 877 447 ne
892 421 957 448 dent
970 427 1013 448 me

226 461 252 488 in
274 469 371 489 manus
385 469 491 494 eorum,
506 467 533 490 et
546 463 661 491 iiiudant
677 465 816 493 mihi.-20.
835 465 868 493 Et
884 465 952 493 dixit
967 465 1013 494 Je-

226 506 310 532 retnia
328 513 334 531 :
349 505 408 533 Non
421 507 528 534 tradent
545 511 580 536 te.
598 509 668 536 Audi
684 510 718 544 )K
733 517 806 537 nunc
823 510 834 544 ζ
849 511 886 546 (q)
901 511 1012 538 verbum

225 550 344 583 Domini,
363 551 397 586 (r)
416 552 487 585 quod
509 560 559 588 ego
583 554 681 589 loquor
694 555 727 582 ad
745 560 781 589 te,
803 558 830 583 et
846 557 944 584 melius
962 557 1014 585 erit

227 595 284 628 tibi,
301 601 327 622 et
342 596 412 624 vivet
421 597 511 626 anima
526 603 583 626 tua.
594 599 639 626 2i.
654 599 687 627 Et
697 601 719 628 si
731 608 783 628 non
800 601 918 629 volueris
928 602 1013 634 exire,

226 641 278 668 hoc
291 641 417 675 verbum,
433 644 505 679 quod
521 644 641 672 ostendit
659 646 726 673 mihi
742 645 884 674 Dominus.
907 647 953 674 22.
981 646 1015 674 Et

227 694 292 714 ecce
306 694 402 715 omnes
425 689 564 722 mulieres,
588 697 649 725 quae
676 691 775 719 relictae
801 697 864 720 sunt
889 693 916 720 in
933 692 1014 720 domo

225 733 298 768 regis
311 732 398 767 Judze,
412 733 447 769 (δ)
468 741 584 769 egressa:
597 740 662 764 sunt
674 736 707 764 ad
721 737 859 772 principes
873 738 944 773 regis
964 737 1016 765 Ba-

224 777 350 814 bylonis,
380 780 412 815 (ι)
435 785 463 808 et
485 780 528 808 hae
555 781 704 809 dixerunt:
727 782 902 811 Seduxerunt
921 788 963 817 te,
989 788 1016 812 et

224 825 424 860 praevaiuerunt
440 826 489 853 tibi
502 826 552 853 viri
564 827 668 861 pacifici
679 828 713 863 >κ
724 828 761 856 tui
778 829 802 864 ζ.
818 828 857 864 (u)
875 828 908 856 Et
922 836 1015 857 corro-

224 871 396 898 borabuntur
410 871 437 899 in
450 872 572 907 lapsibus
583 873 659 908 pedis
673 861 712 901 tui
730 882 737 901 :
761 861 934 902 recesserunt
946 883 961 902 a
978 879 1013 908 te,
1030 861 1053 891 Β

223 916 270 944 25.
288 916 320 944 Et
336 918 370 952 ῖς(
383 925 480 946 omnes
496 919 507 954 ξ
524 927 622 947 uxores
636 924 712 952 tuas,
735 925 762 948 et
787 920 856 948 iiiios
879 925 939 948 tuos
949 921 1016 948 edu‘

225 967 288 989 cent
301 963 334 990 ad
350 963 418 990 Chal
429 965 493 991 imos
510 970 554 991 :et
573 970 601 993 tu
617 972 670 992 non
689 966 838 994 saivaberis
851 967 885 1000 >ε<
901 974 916 993 a
933 974 1015 994 manu

224 1009 285 1043 ejus
304 1008 314 1042 ζ
330 1017 337 1042 ;
354 1009 418 1044 quia
435 1009 462 1036 in
478 1017 559 1037 manu
579 1011 652 1046 regis
674 1010 820 1048 Babylonis
835 1012 968 1047 capieris:
989 1017 1016 1041 et

226 1053 292 1079 urbs
310 1053 368 1080 haec
385 1054 561 1082 comburetur
575 1054 601 1082 in
626 1055 698 1090 igne.
712 1055 757 1083 24.
777 1055 810 1084 Et
833 1056 900 1083 dixit
913 1063 960 1084 rex
972 1057 1014 1084 ei:

226 1097 314 1125 lloino
329 1106 363 1125 ne
374 1100 443 1126 sciat
458 1107 491 1126 ex
502 1100 592 1128 verbis
605 1100 648 1128 his
661 1104 705 1128 :et
716 1108 770 1128 non
782 1101 916 1128 morieris.
928 1102 973 1130 25.
983 1101 1017 1129 Et

225 1144 248 1171 si
264 1144 402 1172 audierint
434 1145 582 1181 principes,
611 1147 683 1182 quod
710 1147 818 1175 locutus
837 1155 898 1175 sum
915 1148 973 1181 tibi,
990 1153 1017 1176 et

225 1190 349 1216 venerint
364 1189 398 1217 ad
414 1194 450 1222 te,
461 1196 489 1218 et
502 1191 620 1220 dixerint
636 1191 683 1220 tibi
696 1202 703 1220 :
715 1193 853 1220 Annuntia
869 1194 903 1228 Χ
915 1201 988 1221 nunc
1003 1194 1014 1229 ζ

227 1236 318 1270 nobis,
336 1237 402 1272 quid
425 1237 534 1265 locutus
554 1238 593 1266 sis
619 1239 674 1274 regi
694 1248 701 1266 :
717 1246 751 1266 ne
765 1239 837 1267 celes
855 1247 869 1266 a
885 1239 972 1273 nobis,
990 1243 1018 1267 et

226 1289 281 1308 non
301 1283 457 1311 occidcmus
483 1287 510 1311 te
525 1292 531 1310 :
549 1288 576 1310 et
603 1284 668 1319 quid
689 1284 796 1312 locutus
824 1285 860 1312 sit
887 1285 934 1312 tibi
953 1282 1017 1312 rex?

223 1328 270 1355 26.
288 1327 376 1355 Etiam
392 1328 467 1356 dices
479 1328 520 1356 eis
534 1337 541 1356 :
556 1328 596 1365 (π)
609 1329 727 1364 Projicio
736 1337 786 1365 ego
800 1329 1016 1365 deprecatiortem

225 1381 315 1400 meam
328 1378 391 1401 ante
402 1373 496 1402 oculos
514 1374 586 1409 regis
600 1375 632 1401 ad
651 1375 714 1408 hoc,
739 1379 768 1402 ut
789 1382 824 1403 ne
839 1375 951 1403 reducat
974 1383 1018 1404 me

227 1420 254 1446 in
270 1419 382 1446 domttm
395 1419 573 1452 Jonathanis,
599 1419 635 1447 ad
650 1419 822 1447 moriendum
849 1420 897 1448 ibi.
924 1420 969 1448 27.
984 1419 1017 1447 Et

226 1469 362 1492 venerunt
376 1472 472 1493 omnes
492 1465 629 1500 principes
656 1466 688 1493 ad
709 1465 868 1499 Jeremiam,
891 1471 920 1494 et
934 1467 1018 1494 inter-

226 1515 357 1544 rogarunt
369 1518 443 1538 cum.
467 1510 500 1538 Et
515 1511 688 1539 annuntiavit
706 1512 747 1540 eis
766 1512 806 1547 (ν)
827 1512 919 1540 omnia
936 1511 1016 1539 verba
1031 1524 1052 1553 ο

226 1556 295 1589 hmo,
322 1564 383 1591 qnze
404 1561 571 1592 pra-ceperat
592 1557 616 1585 ei
639 1564 698 1585 rex.
724 1557 758 1585 Et
774 1562 918 1586 tacuerunt
939 1558 1018 1592 Xab

226 1608 260 1628 eo
277 1602 288 1637 ζ
303 1610 310 1634 ;
324 1602 389 1637 quia
408 1610 461 1629 non
476 1603 599 1631 auditum
614 1608 673 1631 erat
697 1603 821 1631 verbum.
837 1603 882 1631 28.
903 1603 936 1631 Ει
949 1604 1018 1632 sedit

226 1647 344 1675 Jeremia
362 1648 387 1675 in
403 1649 475 1676 atrio
490 1650 621 1683 carceris,
639 1657 725 1686 usque
737 1650 771 1678 ad
786 1650 824 1687 (ι)
837 1655 952 1686 tempus,
963 1659 1018 1686 quo

227 1692 370 1727 subiugata
385 1698 426 1721 est
445 1692 610 1723 Jerusalem.

261 1738 327 1772 Cap.
342 1738 463 1766 XXXIX.
475 1754 510 1759 ——-
522 1741 548 1767 ι.
568 1742 602 1774 Χ
613 1740 646 1768 Et
659 1741 760 1770 factum
775 1746 828 1775 est,
845 1749 907 1770 cum
922 1742 1018 1777 subju-

228 1787 288 1817 gata
304 1783 511 1812 cstierusalem
529 1785 555 1812 in
577 1793 649 1813 anno
664 1787 703 1822 (α)
725 1794 798 1815 nono
813 1787 934 1816 Sedecia:
947 1788 1019 1824 regis

227 1827 305 1855 Judte
318 1829 345 1856 in
360 1837 454 1858 mense
469 1830 586 1864 decimo,
605 1832 678 1859 venit
700 1831 954 1861 Nabuchodonosor
972 1842 1018 1861 rex

229 1872 388 1908 Babylonis,
409 1879 436 1902 et
451 1875 541 1904 omnis
554 1881 674 1912 potestas
691 1877 751 1912 ejus
762 1886 843 1913 super
855 1878 1018 1912 Jerusalem,

228 1923 255 1946 et
268 1919 510 1950 circumdederunt
525 1930 585 1950 eam
603 1923 685 1951 bello.
703 1923 730 1950 2.
750 1923 782 1951 Et
800 1925 827 1951 in
844 1931 917 1952 anno
934 1924 1019 1952 unde-

229 1966 301 1993 cimo
325 1965 456 2000 Sedeciaz,
487 1968 514 1995 in
542 1976 636 1996 mense
661 1975 779 2004 quarto,
811 1977 884 1997 nono
904 1971 1017 2004 mensis,

229 2011 353 2047 disrupta
369 2012 421 2040 fuit
435 2014 501 2041 urbs
519 2014 543 2049 ζ,
559 2015 586 2042 5.
607 2019 634 2042 et
646 2015 762 2051 ingressi
775 2021 840 2044 sunt
856 2024 953 2045 omnes
967 2017 1019 2045 du-

230 2063 278 2084 ces
307 2057 379 2093 regis
409 2057 565 2094 Babylonis,
591 2064 618 2088 et
633 2061 762 2088 sederunt
779 2061 806 2089 in
829 2066 906 2097 porta
932 2063 1020 2090 media

229 2101 326 2137 Nargel
343 2104 468 2137 Sarasar,
487 2105 611 2141 Samgar,
631 2112 663 2134 -ι-
678 2111 705 2134 et
723 2105 964 2141 Nabusaresehim,
981 2109 1019 2144 (ὁ)

230 2147 371 2181 ltabsaris,
397 2149 478 2177 etiam
497 2150 507 2184 ζ
531 2151 641 2186 Nargel,
669 2151 928 2187 Sarasarrabamag,
943 2155 978 2187 )t(
994 2158 1021 2181 et

1061 236 1196 270 persecuti
1210 240 1274 263 sunt
1294 240 1414 271 potestas
1436 235 1624 264 Chaldaeorum
1649 242 1710 272 post
1733 245 1794 270 eos,
1826 243 1850 265 et

1062 281 1301 316 apprehenderunt
1316 280 1457 309 Sedeciam
1476 282 1510 316 (e)
1531 281 1560 309 in
1585 283 1708 310 Araboth
1725 282 1849 314 Jcricho,

1061 331 1088 354 et
1101 332 1259 355 sumserunt
1274 335 1347 360 eum,
1366 332 1393 354 et
1408 327 1545 354 duxerunt
1560 334 1623 355 eum
1644 328 1678 356 ad
1700 327 1851 356 Nabucho-

1061 371 1223 400 donosorem
1242 380 1332 408 regem
1359 372 1504 408 Babylonis
1528 374 1554 401 in
1578 373 1693 402 Bebiath
1722 376 1750 402 in
1778 380 1850 403 terra

1062 415 1177 443 Hamath
1194 426 1201 444 :
1217 421 1244 444 et
1260 417 1373 445 'locutus
1389 423 1430 445 est
1445 418 1477 453 (Γ)
1496 427 1559 446 eum
1575 427 1608 446 eo
1626 419 1740 454 judicia.
1759 420 1786 447 6.
1812 420 1848 455 (g)

1063 461 1095 488 Et
1117 463 1247 490 mactavit
1273 469 1320 490 rex
1337 462 1483 499 Babylonis
1507 464 1577 492 ﬁlios
1599 465 1658 500 ejus
1684 465 1712 492 in
1730 464 1850 493 Rebiath

1062 515 1155 535 coram
1171 509 1256 536 oculis
1272 510 1342 544 ejus,
1365 514 1392 537 et
1415 517 1511 537 omnes
1535 510 1573 545 (It)
1599 511 1702 539 nobiles
1723 510 1803 539 ludas
1821 513 1850 546 (ἰ)

1063 554 1249 582 mactavitrex
1263 554 1419 590 Babylonis.
1440 556 1465 582 7.
1486 556 1519 583 Et
1544 557 1639 585 oculos
1657 556 1783 585 Sedecia:
1801 566 1851 585 ex-

1063 599 1182 633 caecavit,
1203 605 1230 627 et
1242 600 1328 627 vinxit
1343 607 1404 628 eum
1418 601 1453 637 (k)
1471 601 1501 636 (0
1517 601 1544 628 in
1560 609 1625 635 aere,
1643 602 1677 630 ad
1692 602 1850 630 ducendum

1063 651 1125 672 eum
1146 645 1173 672 in
1191 645 1366 680 Babylonem.
1383 645 1410 673 8.
1424 646 1459 674 Et
1473 646 1582 675 domum
1599 649 1681 682 regis,
1697 653 1726 676 et
1737 649 1850 676 domum

1064 689 1155 724 populi
1173 689 1383 717 combusserunt
1405 690 1526 718 Chaidazi
1546 691 1571 718 in
1593 691 1664 726 igne,
1686 696 1714 720 et
1742 701 1851 719 murum

1063 732 1213 762 Jerusalem
1235 735 1442 763 destruxerunt.
1468 736 1495 764 9.
1523 732 1557 763 Et
1581 737 1719 765 residuum
1746 739 1852 773 populi,

1065 779 1113 813 qui
1128 779 1240 807 relictus
1254 779 1306 807 fuit
1322 781 1349 808 in
1369 781 1445 814 urbe,
1463 787 1490 810 et
1506 789 1553 810 eos
1569 782 1616 817 qui
1630 790 1660 810 se
1675 782 1853 816 dediderunt,

1065 825 1113 860 qui
1135 832 1164 854 se
1184 825 1346 854 dediderunt
1361 826 1398 859 ei,
1425 831 1455 854 et
1479 827 1614 862 reliquum
1643 828 1756 863 populi,
1785 836 1854 864 quos

1067 870 1176 899 relictos
1192 873 1347 906 deportavit
1361 871 1543 900 Nabuzardau
1559 873 1685 907 princeps
1700 881 1854 908 coquorum

1066 915 1093 943 in
1109 915 1284 953 Babylonem.
1299 917 1344 946 ω.
1356 917 1394 945 Ex
1406 923 1496 946 autem
1511 918 1609 953 populo
1623 918 1670 954 (m)
1685 926 1853 954 pauperum,

1065 962 1165 998 quibus
1178 971 1233 991 non
1251 967 1310 992 erat
1325 971 1358 992 ne
1375 964 1483 999 quidem
1504 964 1617 1000 aliquid,
1631 965 1742 999 reliquit
1761 963 1854 993 Nabu-

1066 1009 1168 1036 zardan
1186 1009 1312 1045 princeps
1326 1016 1477 1045 coquorum
1496 1010 1523 1037 in
1548 1015 1618 1037 terra
1635 1009 1723 1043 Indae,
1738 1015 1767 1038 et
1782 1010 1856 1038 dedit

1065 1055 1106 1082 eis
1125 1055 1218 1083 vineas
1237 1060 1264 1082 et
1289 1056 1448 1090 aquationes
1464 1055 1490 1083 in
1510 1055 1554 1083 die
1576 1056 1632 1083 illo.
1658 1055 1700 1083 il.
1723 1055 1757 1083 Et
1780 1064 1857 1084 com-

1066 1099 1204 1127 mendavit
1222 1097 1474 1129 Nabuchodonosor
1490 1109 1538 1128 rex
1552 1099 1698 1137 Babylonis
1715 1101 1756 1137 (ιι)
1779 1101 1857 1130 lere-

1067 1145 1149 1173 miam
1164 1146 1190 1172 in
1209 1153 1292 1174 manu
1317 1145 1521 1175 Nabnzardanis
1543 1147 1579 1182 (ο)
1594 1147 1728 1182 principis
1744 1155 1857 1182 coquo-

1067 1199 1138 1225 rum,
1158 1191 1251 1220 dicens
1266 1200 1273 1220 :
1291 1192 1333 1219 i2.
1359 1192 1442 1220 Sume
1457 1199 1531 1225 eum,
1543 1197 1569 1219 et
1591 1192 1686 1220 oculos
1705 1197 1769 1220 tuos
1786 1201 1858 1228 pone

1066 1244 1149 1272 super
1162 1244 1234 1269 eum,
1249 1240 1277 1264 et
1292 1244 1347 1264 non
1358 1236 1441 1265 iacies
1453 1237 1477 1264 ei
1491 1245 1525 1264 ne
1535 1237 1644 1272 quidem
1654 1237 1760 1272 aliquid
1774 1238 1840 1264 mali
1849 1246 1856 1253 -

1066 1283 1130 1317 quia
1148 1283 1194 1310 sed
1211 1283 1282 1311 sicut
1299 1282 1407 1311 locutus
1426 1282 1507 1310 fuerit
1520 1283 1554 1310 ad
1571 1288 1606 1315 te,
1634 1283 1675 1310 sic
1691 1282 1778 1311 facies
1793 1291 1856 1310 cum

1067 1336 1111 1356 eo.
1130 1328 1174 1356 15.
1191 1328 1224 1356 Et
1237 1329 1312 1357 misit
1333 1328 1513 1356 Nabuzardan
1536 1330 1663 1364 princeps
1689 1336 1857 1363 coquorum,

1067 1379 1094 1402 et
1104 1372 1301 1402 Nabusazaban
1313 1374 1352 1411 (p)
1364 1375 1491 1411 princeps
1502 1375 1703 1407 cunuchorum,
1716 1379 1744 1402 ct
1757 1374 1857 1410 Nargei

1069 1420 1295 1457 Sarasarrabmag
1305 1421 1330 1456 ξ,
1341 1426 1368 1449 et
1382 1429 1478 1449 omnes
1485 1420 1521 1456 (q)
1529 1421 1666 1456 principes
1684 1429 1757 1456 regis
1770 1421 1858 1457 Baby-

1069 1466 1148 1494 lonis.
1168 1466 1214 1493 l4.
1234 1466 1267 1494 Et
1288 1467 1430 1500 miserunt,
1454 1471 1481 1494 et
1498 1471 1628 1501 ceperunt
1650 1465 1803 1495 Jcrcmiam
1826 1475 1858 1494 ex

1069 1512 1140 1539 atrio
1151 1512 1281 1545 carceris,
1295 1517 1323 1540 et
1333 1511 1466 1540 dederunt
1478 1520 1540 1539 cum
1561 1512 1595 1540 ad
1611 1511 1755 1540 Godoiiam
1771 1513 1857 1540 ﬁlium

1068 1557 1182 1585 Ahicam
1200 1558 1286 1585 ﬁlium
1303 1557 1426 1593 Saphan,
1451 1561 1478 1585 et
1502 1557 1660 1585 eduxerunt
1675 1566 1740 1585 eum
1757 1558 1786 1585 in
1811 1559 1858 1586 do-

1069 1611 1142 1631 mum
1158 1614 1163 1632 :
1176 1608 1203 1631 et
1217 1604 1289 1632 sedit
1304 1604 1330 1631 in
1347 1604 1436 1631 medio
1446 1603 1548 1639 populi.
1564 1603 1605 1631 15.
1618 1603 1651 1631 Et
1663 1604 1696 1631 ad
1707 1603 1858 1632 Jcremiam

1069 1647 1169 1676 factum
1188 1653 1230 1676 est
1245 1648 1357 1676 verbum
1372 1647 1491 1680 Domini,
1507 1649 1541 1682 Χ
1554 1656 1617 1676 cum
1629 1648 1741 1676 clausus
1754 1655 1831 1676 esset
1848 1649 1858 1682 ζ

1069 1694 1097 1722 ἱη
1124 1695 1195 1722 atrio
1224 1695 1354 1726 carceris,
1378 1694 1492 1722 dicens:
1520 1694 1564 1722 16.
1592 1693 1683 1727 Vade,
1708 1700 1736 1721 et
1752 1695 1801 1722 dic
1829 1695 1859 1721 ad

1069 1740 1250 1768 Abdemeiech
1268 1741 1437 1776 Aﬂthiopem,
1452 1739 1547 1768 dicens
1561 1749 1568 1767 :
1581 1740 1626 1767 Sic
1640 1740 1710 1767 dixit
1726 1741 1860 1768 Dominus

1069 1787 1202 1814 virtutum
1221 1786 1292 1815 Deus
1307 1785 1433 1815 Israeiis:
1459 1784 1530 1814 Ecce
1551 1794 1602 1822 ego
1617 1787 1724 1814 adduco
1745 1787 1860 1814 verbum

1069 1841 1161 1861 meum
1174 1841 1256 1868 super
1271 1833 1366 1861 urbem
1381 1832 1451 1860 hanc
1464 1833 1491 1860 in
1507 1832 1589 1864 mala,
1602 1837 1629 1860 et
1648 1840 1704 1860 non
1721 1832 1750 1859 in
1768 1834 1840 1860 bona
1854 1841 1860 1858 :

1071 1880 1106 1913 Χ
1119 1883 1146 1906 et
1160 1882 1241 1905 erunt
1257 1884 1350 1906 coram
1367 1876 1436 1904 facie
1451 1881 1496 1904 tua
1511 1877 1536 1903 in
1550 1876 1593 1903 die
1609 1876 1655 1903 illo
1669 1887 1674 1904 :
1694 1875 1737 1902 l7.
1758 1880 1789 1903 et
1805 1883 1860 1903 ser-

1069 1923 1140 1952 vabo
1152 1929 1179 1951 te
1197 1924 1208 1958 ζ
1230 1923 1257 1950 in
1280 1923 1323 1950 die
1342 1922 1399 1955 illo,
1418 1923 1452 1957 Χ
1469 1922 1538 1950 dixit
1558 1921 1690 1949 Dominus
1707 1921 1733 1956 ζ,
1755 1926 1785 1949 et
1809 1929 1860 1949 non

1070 1970 1141 1998 dabo
1155 1974 1181 1997 te
1195 1969 1222 1997 in
1241 1976 1340 1996 manus
1364 1968 1516 2001 hominum,
1541 1975 1658 2003 quorum
1675 1972 1703 1994 tu
1721 1968 1804 1995 times
1829 1968 1862 1995 ab

1070 2021 1134 2042 ante
1148 2014 1246 2042 faciem
1261 2021 1355 2041 eorum
1369 2022 1376 2045 ;
1395 2013 1439 2041 18.
1453 2012 1518 2048 quia
1541 2011 1675 2040 servando
1692 2013 1812 2039 servabo
1828 2018 1860 2043 te,

1070 2066 1098 2089 et
1117 2061 1143 2088 in
1158 2060 1247 2096 gladio
1261 2068 1315 2088 non
1328 2059 1409 2088 cades
1422 2069 1429 2087 :
1442 2063 1468 2087 et
1484 2059 1535 2086 erit
1551 2060 1584 2093 Χ
1597 2059 1644 2086 tibi
1661 2059 1672 2093 ζ
1695 2059 1790 2086 anima
1819 2064 1861 2086 tua

1071 2107 1107 2142 (τ)
1124 2107 1150 2134 in
1168 2107 1319 2140 inventum,
1343 2105 1407 2141 quia
1429 2105 1551 2133 conﬁsus
1571 2112 1602 2132 es
1617 2112 1700 2139 super
1723 2112 1780 2137 me,
1798 2105 1861 2132 dicit

1071 2151 1216 2180 Dominus.

231 2201 328 2221 omnes
342 2195 441 2230 reliqui
462 2197 599 2232 principes
618 2198 689 2233 regis
701 2198 856 2234 Babylonis.
868 2199 896 2226 ι.
907 2199 1019 2227 Factum
1037 2188 1058 2216 θ
1109 2198 1176 2234 Cap.
1199 2197 1256 2226 XL.
1272 2213 1306 2218 —
1323 2198 1348 2225 l.
1374 2197 1505 2227 Verbum.
1530 2195 1603 2232 quod
1631 2195 1734 2223 factum
1762 2201 1807 2223 est
1831 2196 1861 2223 ad

231 2245 272 2267 est
288 2245 392 2274 autent,
421 2250 483 2270 cum
513 2243 579 2271 vidit
605 2251 653 2272 eos
679 2244 791 2272 Sedecia
811 2253 856 2272 rex
883 2244 970 2278 .lndae,
993 2251 1021 2274 ct

232 2293 328 2314 omnes
342 2287 393 2314 viri
411 2287 484 2319 belli,
496 2288 577 2315 etiam
593 2288 732 2324 fugerunt,
745 2294 772 2317 et
784 2290 928 2318 exiverunt
941 2297 1020 2319 nocte

232 2338 263 2357 ex
283 2332 350 2359 urbe
365 2332 392 2359 in
405 2333 448 2360 via
460 2333 532 2361 horti
547 2335 618 2369 regis
634 2342 649 2362 e
663 2340 752 2370 porta,
765 2343 825 2370 qua:
838 2336 864 2364 in
879 2336 969 2364 medio
982 2337 1017 2372 (ε)

1074 2244 1217 2272 Jeremiam
1234 2252 1249 2271 a
1265 2243 1390 2276 Domino,
1415 2243 1450 2278 (δ)
1474 2247 1651 2277 posteaquam
1670 2240 1779 2268 dimisit
1802 2248 1861 2268 eum

1074 2290 1256 2318 Nabuzardan
1280 2289 1406 2324 princeps
1435 2294 1584 2322 coquorunt
1607 2293 1638 2313 ex
1667 2285 1774 2317 ﬂama,
1800 2287 1862 2319 quia

1076 2339 1207 2371 ceperunt
1220 2343 1282 2363 cum
1294 2336 1328 2369 Χ
1343 2334 1462 2362 vinctum
1481 2333 1492 2367 ζ
1510 2333 1537 2360 in
1553 2331 1663 2359 vinculo
1679 2338 1813 2358 manuum
1838 2331 1862 2357 in

267 2421 426 2456 (ΜΛ-,030
446 2421 579 2461 sollicitus
609 2430 668 2461 sum
700 2423 733 2451 de
757 2423 870 2461 Judazis,
895 2423 1064 2461 quidilapsi
1084 2427 1148 2452 sunt
1173 2424 1205 2451 ad
1227 2423 1433 2461 Cliaidaeqs,_nc
1461 2421 1530 2461 forte
1553 2420 1618 2461 dent
1640 2426 1688 2461 _m_e
1714 2419 1864 2461 in‘mna'ntts

234 2454 341 2494 eorum,
373 2454 405 2494 et:
424 2457 559 2494 calumnia
588 2458 707 2485 alliciant
725 2466 777 2485 me.
800 2457 841 2490 8.,
863 2454 1102 2487 ’ίιι”εοὶιίεἰιὺ‹1ἰιιε
1129 2467 1188 2486 sum
1207 2463 1318 2494 propter
1342 2457 1523 2494 .Iudaaos,rq_ui
1538 2463 1569 2494 se
1588 2454 1763 2494 tradiderunt
1784 2454 1864 2494 Chai-

233 2490 316 2526 dwis.
336 2499 369 2518 ne
394 2490 463 2518 forte
479 2492 587 2519 tradant
613 2500 655 2520 Ine
688 2493 715 2520 in
747 2501 846 2520 manus
871 2502 978 2526 eorum,
1008 2499 1035 2521 et
1064 2494 1181 2522 ludibrio
1207 2490 1329 2521 "habeant
1358 2501 1410 2519 me.

933 2529 968 2564 (ε)
998 2529 1052 2562 Α.,
1087 2529 1305 2564 egrediebantur.
1369 2529 1401 2561 (ι)
1433 2529 1482 2558 Α..
1524 2530 1552 2552 et
1590 2532 1654 2552 ecce
1696 2529 1829 2564 arcebant
1858 2532 1863 2549 :

894 2563 933 2599 (tt)
963 2564 1006 2596 8.,
1030 2569 1058 2592 et
1091 2572 1153 2592 cum
1189 2563 1309 2591 immersi
1329 2567 1392 2590 sunt
1421 2562 1449 2599 in
1480 2567 1559 2599 coeno
1580 2559 1664 2599 pedes
1691 2563 1754 2599 tut._
1774 2566 1864 2599 reces-

232 2525 267 2563 ρ)
299 2525 344 2558 S.,
382 2525 436 2558 iis,
473 2534 534 2561 qure
565 2534 616 2561 ego
647 2528 743 2563 loquar
772 2528 805 2555 ad
839 2533 874 2556 te.

231 2560 445 2588 commoverunt
476 2560 512 2593 te,
546 2560 745 2597 pra-valuerunt
771 2563 830 2591 tibi.

1466 2489 1502 2526 (q)
1536 2491 1581 2523 A.,
1616 2496 1722 2526 vocem_
1746 2489 1864 2526 Domini.

1087 2529 1307 2564 egrediebantur.
1369 2529 1401 2561 (ι)
1421 2523 1498 2564 34.,"
1524 2530 1552 2552 et
1590 2532 1654 2564 ecce
1696 2523 1829 2564 dicebant
1858 2532 1863 2549 :

233 2600 328 2623 serunt
359 2599 419 2637 post
443 2600 479 2624 te.
513 2593 557 2659 fa?)
586 2599 631 2630 A.,
657 2598 730 2632 jacio
747 2605 797 2639 ego
821 2593 974 2627 orationem
990 2593 1014 2626 in

233 2630 270 2659 ia)
291 2631 462 2659 A..decrmo.
489 2631 514 2659 (Β
528 2641 609 2659 trum.
637 2633 718 2659 Hebr.
737 2641 810 2659 enim
834 2634 914 2659 habet
934 2643 1002 2659 nono

1067 2607 1089 2626 ο.
1128 2600 1166 2633 (y)
1184 2599 1347 2633 Tres,juxta
1369 2597 1472 2624 omnia.
1511 2596 1547 2628 (ι)
1568 2593 1613 2625 Ᾰ.,
1633 2593 1695 2633 TI:._,
1720 2593 1756 2620 ad
1784 2594 1863 2620 diem.

1067 2639 1144 2659 mna.
1161 2634 1275 2659 Dnaan
1325 2633 1362 2659 ibi
1380 2631 1557 2659 ΡΑΒΣΑΙῚΣ,
1573 2628 1711 2656 Rabsarls.
1763 2630 1803 2659 (ε)
1823 2630 1863 2658 Α..

232 2630 270 2666 (a)
291 2632 336 2662 Α..
347 2628 609 2677 decigto.J(Mirum,
625 2628 718 2660 'll'ebr.
737 2628 810 2676 enim
821 2634 914 2677 “habet
934 2628 1151 2677 nonarjiywnri:
1159 2628 1278 2677 Ducti.)-
1309 2628 1711 2677 [(‘IILPAQFAF-IELF-‘Esﬂjf;

522 2675 581 2694 rum
608 2676 759 2696 murorum.
799 2669 838 2703 (ἀ)
865 2669 910 2701 Α..
939 2670 1070 2704 planitiei.
1096 2669 1138 2701 8.,
1156 2669 1268 2697 deserti.
1307 2669 1341 2703 (e)
1364 2669 1465 2707 S.,_in
1493 2671 1589 2698 campo
1618 2669 1732 2704 deserti,
1761 2672 1812 2698 qui
1836 2671 1865 2690 ex

522 2703 556 2738 (Ῑ)
570 2703 602 2730 ad
632 2711 706 2735 eum,
731 2703 832 2739 dicens
860 2704 1005 2738 judicium.
1047 2704 1083 2739 (ῃ)
1117 2704 1136 2730 Α
1153 2725 1160 2735 ,
1185 2703 1226 2737 S.,
1243 2708 1269 2730 ct
1291 2701 1528 2739 immolavit._u(n)
1553 2699 1806 2739 A_.._'t;9ns‘p_t_cuos_
1822 2706 1865 2738 ge-

231 2673 384 2693 IIIUI'OY‘IIIH-
403 2665 443 2698 8.,
465 2667 581 2694 duorunt
608 2676 759 2696 mni-orum.

231 2701 347 2728 adverso
363 2700 484 2729 Jcricho.

232 2743 307 2771 nere.
357 2736 389 2771 (ἱ)
401 2736 445 2768 Α..
458 2736 500 2768 S.,
518 2736 677 2765 immolavit.

716 2738 752 2774 (It)
770 2738 811 2769 S.,
838 2739 864 2765 in
890 2740 994 2766 catenis
1008 2739 1212 2773 stringentihus.

1325 2633 1362 2668 (b)
1380 2631 1557 2661 ΡΑΒΣΑΙῚΣ,
1573 2630 1718 2668 Babsaris.
1763 2630 1811 2669 (ε).
1823 2630 1865 2658 Α..

1307 2668 1341 2703 (e)
1364 2667 1465 2703 S.,Ain
1493 2671 1589 2703 eampo
1618 2663 1732 2703 deserti,
1761 2672 1812 2698 qui
1836 2671 1865 2690 ex

1252 2738 1283 2771 (Ι)
1304 2738 1335 2764 in
1355 2732 1541 2771 compedibus.
1569 2733 1615 2771 ΕΝ
1634 2732 1865 2771 ΧΛΛΙΚΔΙ-Σμίιι

232 2769 315 2809 aeneis
335 2769 396 2805 (pro
409 2771 574 2809 ΧΑᾼΙΚΛΙΔΣ
599 2769 748 2809 legendum
766 2774 942 2805 ΧΑΛΚΙΛΙΣ,
961 2782 1015 2808 quo

1070 2769 1099 2800 r‘o
1125 2769 1322 2806 ΧΑΛΚΕΙᾺΙΣ,
1338 2769 1466 2809 videtur).
1491 2770 1552 2809 _(m_)
1575 2769 1620 2799 Α.,
1641 2769 1864 2809 exsrcrai-‘ilium.

231 2803 271 2838 (η)
296 2803 344 2836 3-.

399 2813 428 2844 r_o
458 2805 574 2834 Ieremia
600 2805 788 2844 Nabnzardani
821 2808 936 2844 principi
964 2805 1127 2843 coquorum.
1180 2810 1218 2843 (0)
1244 2809 1294 2840 Α.,

1336 2803 1460 2842 magistri
1491 2803 1640 2842 Ianionum.
1690 2804 1730 2836 (p)
1762 2803 1864 2842 [Satist

231 2838 280 2864 ris.
293 2873 299 2879 Ι
319 2841 356 2873 (q)
368 2838 495 2879 Hebraeus
512 2851 518 2868 :
537 2843 750 2879 nragnatesaAq
763 2838 898 2871 doctores.
911 2838 918 2844 ’
937 2844 973 2878 (ν)
999 2838 1041 2873 Ᾰ,.
1058 2844 1086 2870 in
1103 2838 1231 2878 praedam.
1271 2838 1305 2879 (ὲ)
1322 2843 1365 2876 Α.,
1382 2838 1524 2877 postquam
1549 2838 1653 2868 dimisit
1679 2845 1746 2865 cum
1777 2838 1864 2866 Nabu-

233 2873 347 2906 zardan,
360 2881 422 2901 cum
434 2876 551 2910 cepisset
564 2873 636 2911 eum,
653 2878 715 2906 etis
732 2878 838 2906 vinetus
868 2873 946 2906 esset
964 2873 1082 2906 'catenis.
