1919 3077
52 127 116 156 2569

648 126 807 155 JEREMle
827 126 943 154 CAPUT
964 126 1031 154 XLI.

1596 123 1666 151 25m

54 186 141 213 medio
165 186 254 213 omnis
281 185 487 221 demigrationis
510 185 672 217 Jerusalem.
695 191 722 213 et
743 185 829 218 Iudae.
846 190 867 216 Α
883 185 970 212 valde.
991 185 1033 212 15.
1053 184 1085 211 Et
1099 183 1222 212 Jobanan
1241 184 1312 212 ﬁlius
1329 183 1428 216 Corab,
1444 188 1470 210 et
1484 190 1579 210 omnes
1595 184 1666 218 prin-

51 240 154 264 eorum,
179 233 223 267 qui
251 232 360 259 deducti
387 235 465 259 erant
488 232 515 258 in
543 231 717 267 Babylonem.
740 232 770 259 2.
800 231 833 259 Ει

52 278 148 305 sumsit
162 285 224 304 eum
243 277 274 313 (ι)
290 277 328 313 (u)
342 278 470 312 princeps
485 285 649 312 coquorum,
661 282 688 304 cl
703 277 771 304 dixit
785 277 810 305 ei
824 286 830 304 :

53 323 182 351 Dominus
203 323 274 350 Deus
294 328 358 350 tuus
375 323 413 358 (π)
431 323 602 358 prophetarit
619 323 689 350 mala
710 323 767 350 lucc
784 330 832 350 su-

53 377 99 403 per
114 370 203 397 locum
221 370 294 397 hunc
311 370 356 397 :5.
375 375 402 396 et
421 369 542 401 adduxit,
559 373 583 396 et
603 368 665 396 fecit
688 369 831 398 Dominus.

53 415 120 442 sicut
142 415 250 442 loculus
268 419 329 447 est;
349 414 412 449 quia
435 414 567 449 peceastis
593 413 708 440 Domino
733 414 783 449 (υ),
807 417 833 440 et

54 468 104 486 non
118 459 260 487 audivisﬁs
284 467 377 487 vocem
393 459 453 494 ejus
466 468 474 486 :
491 461 524 493 )K
539 465 565 486 et
580 458 681 486 factum
701 463 743 486 est
757 459 834 486 vobis

54 505 164 533 verbum
176 506 228 533 hoc
243 506 266 540 ζ.
283 521 316 526 -
331 506 357 532 4.
373 505 459 532 Etiam
475 505 508 538 )s(
524 513 597 532 nunc
615 505 626 538 ζ
641 512 704 532 ecce
725 504 792 532 solvi
808 508 834 531 te

53 551 86 584 Ξῖ(
100 551 178 578 hodie
195 551 206 586 ζ
225 551 262 586 (ι)
285 559 300 578 a
316 551 442 582 vinculis,
459 558 521 585 quas
542 558 623 585 super
639 558 736 577 manus
751 554 832 577 luas:

55 596 92 630 (a)
109 596 129 623 si
151 596 292 631 pulchrum
309 604 401 624 coram
416 601 442 624 te
461 595 552 623 venire
567 603 628 622 eum
646 603 689 623 me
702 595 728 621 in
747 595 834 630 Baby-

55 641 153 671 lonem.
168 642 242 674 veni,
257 647 283 669 et
298 650 396 677 ponam
411 644 443 676 )K
454 641 539 675 τοὺςξ
554 641 649 668 oculos
665 648 739 668 meos
754 648 836 675 super

55 689 81 712 te
93 695 100 712 :
114 685 151 719 (ὁ)
168 690 194 713 el
210 687 232 713 si
251 689 351 713 malum
377 687 404 713 in
418 686 504 713 oculis
521 686 576 712 tuis
599 685 692 712 venire
713 692 775 711 eum
794 691 836 711 me

55 732 81 758 in
107 730 281 766 Babylonem.
307 732 342 766 (υ)
366 732 496 766 quiesce:
517 732 626 764 Xeece
650 730 741 757 omnis
765 734 835 757 terra

54 784 145 803 coram
161 780 205 803 te:
224 776 388 811 ubicumque
405 776 508 803 bonum
530 780 557 803 et
573 780 676 803 rectum
698 775 725 802 in
749 775 838 802 oeulis

56 823 109 850 tuis
125 822 174 854 ire,
191 822 254 849 illuc
271 822 324 849 ilo:
339 822 365 849 5.
379 822 416 857 (d)
430 826 457 849 et
472 829 557 856 usque
571 821 603 849 ad
617 829 660 849 me
672 829 767 848 rursus
784 829 836 848 non

55 868 208 899 reverteris.
234 874 314 895 curre
339 873 367 894 tu

55 913 140 940 ﬁlium
165 913 276 940 Ahicam
296 913 343 940 ﬁlii
368 912 496 947 Saphan,
520 920 601 947 quem
624 912 767 939 constituit
792 919 837 938 rex

55 959 203 994 Babylonis
216 958 243 985 in
258 962 328 986 terra
344 957 431 990 Judae,
445 957 570 985 etbabila
587 964 650 984 cum
663 964 696 984 eo
711 957 738 984 in
750 956 839 983 medio

56 1005 167 1039 populi;
184 1004 207 1031 si
221 1011 287 1031 vero
301 1011 368 1034 non.
388 1004 423 1038 (ι)
442 1003 469 1030 in
491 1003 582 1030 omnia
601 1009 661 1037 qua;
682 1002 793 1036 pulchra
812 1002 839 1028 in

55 1050 143 1077 oculis
168 1050 222 1077 tuis
244 1050 277 1076 ad
292 1049 425 1082 eundum,
447 1049 496 1076 ito.
521 1048 557 1075 Et
573 1048 647 1076 dedit
663 1048 688 1075 ei
714 1047 840 1082 princeps

55 1103 206 1130 coquorum
229 1094 424 1129 epulationem,
447 1099 473 1121 et
498 1094 581 1125 dona,
601 1098 628 1121 et
642 1093 748 1121 dimisit
765 1100 838 1120 eum.

56 1141 83 1168 ὃ.
103 1141 134 1168 Ει
153 1141 226 1168 venit
240 1140 359 1168 Jeremia
372 1140 407 1167 ad
422 1139 562 1168 Godoliam
582 1140 665 1167 ﬁlium
683 1140 798 1167 Abicam
814 1140 843 1167 in

56 1186 218 1221 blaspbiam,
238 1191 265 1214 et
281 1186 351 1214 sedit
374 1193 436 1213 cum
453 1193 486 1213 eo
505 1185 532 1213 in
553 1185 642 1213 medio
665 1185 769 1220 populi,
794 1184 841 1219 qui

63 1233 174 1260 relictus
190 1231 280 1259 fuitin
295 1237 376 1260 terra.
397 1231 422 1259 7.
437 1231 468 1258 Et
482 1231 644 1259 audiverunt
658 1239 754 1258 omnes
769 1230 842 1266 prin-

57 1279 133 1312 cipes
157 1278 309 1313 potestatis,
330 1285 392 1313 qua:
404 1278 429 1305 in
454 1285 531 1313 agro,
549 1277 611 1312 ipsi,
628 1282 653 1305 et
670 1277 704 1312 (Γ)
724 1281 842 1312 potestas

57 1332 165 1357 eorum,
181 1324 252 1359 quod
266 1323 454 1352 constituisset
469 1331 515 1352 rex
532 1323 678 1359 Babylonis
700 1322 842 1350 Godoliam

59 1371 144 1397 ﬁlium
156 1370 268 1399 Abicam
287 1370 413 1403 interra,
431 1373 458 1398 et
481 1370 553 1404 quod
577 1369 796 1398 commendasset
818 1369 842 1396 ei

58 1417 143 1448 viros,
160 1420 187 1444 et
210 1415 337 1443 mulieres
353 1422 460 1448 eorum,
476 1414 513 1450 (g)
529 1419 556 1442 et
582 1415 689 1443 turbam
713 1414 841 1446 multam.

57 1468 85 1490 et
109 1470 143 1488 ex
166 1462 330 1496 pauperibus
351 1466 441 1493 terrae,
460 1469 531 1496 quos
554 1469 608 1488 non
635 1461 786 1495 deportavit
815 1460 843 1487 in

57 1505 245 1542 Babylonem:
267 1506 293 1533 8.
310 1510 336 1533 et
356 1513 487 1534 venerunt
508 1507 541 1534 ad
556 1505 697 1534 Godoliam
720 1505 747 1532 in
772 1505 843 1533 Mas-

59 1554 151 1588 pbiam
172 1553 269 1580 lsmael
285 1553 356 1580 ﬁlius
370 1552 521 1585 Nathanite,
534 1557 560 1580 et
574 1551 709 1583 Jobanan,
726 1556 753 1579 et
764 1550 845 1578 Jona-

59 1599 125 1625 tban
152 1597 198 1624 lilii
220 1597 320 1629 Corab,
344 1601 370 1624 et
396 1596 472 1624 Saria
499 1596 570 1624 ﬁlius
597 1595 798 1628 Tltanalimetb,
819 1600 846 1623 et

60 1644 109 1671 ﬁlii
124 1643 162 1678 (In
176 1642 258 1678 Ypbi,
281 1643 327 1678 qui
344 1651 376 1670 ex
398 1642 562 1677 Netopbatb,
586 1647 613 1670 et
638 1642 749 1670 Jezonia
774 1642 846 1670 lilius

60 1689 217 1722 blaacbnth,
243 1688 304 1723 ipsi,
324 1692 351 1716 et
371 1688 421 1714 viri
450 1695 555 1715 eorum.
580 1688 606 1716 9.
627 1688 657 1714 Et
683 1688 782 1722 juravit
807 1688 846 1715 eis

60 1735 174 1762 Godolia
191 1735 262 1763 ﬁlius
277 1735 391 1762 Abicam
410 1734 457 1761 ﬁlii
475 1733 596 1769 Saplian,
609 1738 636 1761 et
654 1735 718 1762 viris
738 1742 846 1767 eorum,

58 1781 173 1808 dicens:
189 1780 227 1807 Ne
241 1780 358 1808 linteatis
372 1780 401 1815 (il
416 1788 429 1807 a
447 1779 516 1808 facie
537 1779 726 1807 Cbaltlmorui‘n
741 1789 747 1807 :
766 1780 846 1807 habi—

61 1832 118 1854 tate
134 1827 160 1853 in
182 1830 265 1859 terra,
284 1826 320 1861 (k)
343 1831 369 1853 et
393 1826 543 1860 operamini
561 1826 616 1861 regi
644 1825 799 1861 Babylonis,
820 1831 847 1853 et

60 1873 162 1901 melius
177 1873 230 1899 erit
241 1873 327 1900 vobis.
344 1872 385 1899 l0.
402 1873 433 1900 Et
447 1879 497 1907 ego
507 1880 569 1899 ecce
579 1872 660 1899 sedeo
673 1873 699 1899 in
713 1872 846 1907 Maspbia,

60 1918 96 1946 ad
114 1917 242 1944 standum
266 1925 358 1944 coram
383 1916 451 1944 facie
464 1917 665 1948 Chaldaeorum,
682 1918 848 1952 quicumque

60 1963 227 1998 venerintU,
240 1970 320 1997 super
334 1970 391 1989 vos.
404 1961 435 1989 Et
448 1970 495 1989 vos
507 1962 623 1997 colligite
638 1963 742 1993 vinum,
758 1968 785 1990 et
798 1962 847 1997 (ιιι)

60 2009 198 2041 fructum,
210 2013 235 2036 et
252 2009 342 2036 oleum
356 2008 475 2043 colligite
489 2008 516 2035 in
529 2015 593 2035 vasa
609 2013 709 2039 vestra.
726 2013 751 2035 cl
769 2009 847 2036 babi-

61 2061 120 2083 tale
136 2054 162 2081 in
177 2054 291 2081 urbibus
303 2054 412 2086 vestris,
424 2062 492 2088 quas
505 2055 640 2082 tenuistis.
652 2054 695 2081 li.
708 2054 742 2082 Et
754 2062 849 2082 omnes

60 2100 161 2132 Judaei,
177 2100 224 2134 qui
241 2107 272 2127 σι-
289 2099 315 2126 in
330 2104 401 2126 terra
423 2100 434 2134 ζ
450 2099 540 2131 Moab,
560 2104 587 2127 ct
601 2100 627 2127 in
645 2100 707 2127 ﬁliis
721 2100 847 2131 Ammon,

61 2150 91 2173 et
107 2145 154 2180 qui
171 2145 197 2172 in
217 2144 343 2175 idumaea,
364 2151 392 2173 et.
414 2145 440 2172 in
465 2145 538 2172 omni
564 2149 646 2177 terra,
670 2145 849 2177 audiverunt,

396 867 419 902 ζ,
437 871 463 894 et
477 871 612 894 revertere
632 866 666 893 ad
693 863 834 894 Godoliam
854 860 873 887 Β

883 231 956 265 cipes
973 230 1123 265 potestatis,
1136 230 1183 265 qui
1198 230 1224 257 in
1242 237 1323 265 agro,
1335 234 1467 257 venerunt
1479 231 1511 256 ad
1525 229 1666 256 Godoliam

884 275 910 301 in
921 275 1080 309 Maspbiam,
1092 275 1134 302 l4.
1145 279 1171 301 et
1188 274 1318 302 dixerunt
1335 274 1358 301 ei
1366 282 1376 301 :
1387 274 1415 301 Si
1427 275 1614 308 cognoscendo
1622 281 1668 301 co-

884 320 1005 354 gnoscis,
1022 322 1095 355 quod
1120 319 1210 347 Baalis
1229 328 1276 346 rex
1297 319 1412 347 ﬁliorum
1427 322 1542 347 Ammon
1563 320 1668 347 miserit

886 366 918 392 ad
936 366 1076 393 Ismaclem
1092 366 1177 392 ﬁlium
1194 365 1345 397 Natltania‘,
1361 365 1394 392 ad
1414 366 1592 393 occidendum
1611 366 1670 392 anis

885 419 955 437 mam
966 411 1058 437 tuam?
1069 411 1100 437 lit
1107 419 1159 437 non
1169 410 1283 438 credidit
1294 410 1333 437 eis
1341 410 1454 438 Godolia
1467 411 1537 438 ﬁlius
1545 411 1669 438 Abicam.

887 457 929 483 l5.
946 457 977 484 Et
988 456 1112 483 Joltanan
1124 456 1196 483 ﬁlius
1209 456 1298 483 Corab
1314 456 1511 484 dixitGodoliae
1525 457 1630 484 occulte
1643 457 1670 483 in

887 502 1019 537 Maspbia,
1032 502 1143 529 dicens:
1159 501 1204 529 Ibo
1215 509 1296 534 nunc,
1316 507 1342 530 et
1353 502 1475 530 occidam
1487 503 1627 530 lsmaclem
1642 503 1672 530 ﬁ-

887 548 951 574 lium
972 547 1123 578 Natbaniaa,
1135 553 1162 575 et
1179 548 1215 583 (0)
1226 556 1304 575 nemo
1313 549 1432 581 sciel,ne
1440 548 1671 575 occidalanimzun

887 599 971 624 tuam.
983 599 1009 621 et
1017 594 1210 629 disperguntur
1220 593 1416 627 omnesJudmi,
1427 594 1581 629 congregati
1593 595 1626 620 all
1636 599 1671 626 te,

886 645 913 668 et
927 640 1054 675 peribunt
1069 637 1174 668 residui
1185 639 1271 667 Judte.
1286 640 1329 666 lli.
1352 639 1384 667 Et
1395 640 1463 667 dixit
1475 640 1587 668 Godolia
1602 639 1673 667 ﬁlius

886 685 998 712 Abicam
1015 685 1046 712 ad
1066 684 1189 713 Jobanan
1206 686 1289 714 ﬁlium
1308 686 1396 714 Corab
1411 696 1417 714 :
1437 685 1475 714 Ne
1497 686 1582 713 facias
1596 686 1673 720 juxta

887 731 999 758 verbum
1011 731 1062 758 hoc
1071 740 1078 765 ;
1088 731 1151 766 quia
1162 732 1302 760 mendacia
1315 737 1343 760 tu
1353 732 1473 767 loqueris
1486 739 1533 766 pro
1549 731 1672 759 lsmaele.

922 776 986 810 Cap.
996 776 1143 803 XLl.—-l.
1157 777 1189 804 Et.
1206 777 1304 805 factum
1315 782 1356 804 est
1372 785 1464 804 mense
1478 777 1592 811 septimo
1603 777 1675 803 venit

888 821 983 849 lsmael
1003 822 1074 849 ﬁlius
1102 821 1243 850 Natbanize
1270 823 1316 850 lilii
1346 823 1471 850 Elisamte
1489 823 1527 857 (ρ)
1541 831 1555 850 a
1577 830 1675 857 genere

889 868 970 902 regis,
982 868 1087 895 etservi
1098 868 1181 902 regis,
1193 872 1221 895 et
1231 869 1322 896 decem
1339 869 1387 895 viri
1406 876 1467 895 cum
1485 875 1518 895 eo
1536 869 1568 895 ad
1585 868 1675 894 Godo-

890 913 953 940 liam
969 913 1054 941 lilium
1067 913 1179 941 Abicam
1195 914 1222 941 in
1235 913 1394 949 Maspbiam,
1408 917 1435 940 et
1450 914 1626 941 comederunt
1638 914 1675 940 ibi

890 965 986 992 panem
1006 959 1042 994 (ιι)
1059 959 1085 986 in
1099 959 1231 995 Maspbia.
1249 959 1276 986 2.
1293 959 1326 987 Et
1340 959 1461 987 surrexit
1485 959 1581 987 lsmael
1606 959 1677 986 ﬁlius

890 1003 1040 1035 Natbaniat.
1053 1009 1079 1032 et
1090 1005 1182 1033 decem
1195 1005 1256 1038 viri,
1273 1005 1319 1040 qui
1335 1006 1369 1040 )s(
1382 1008 1459 1032 erant
1479 1012 1541 1032 cum
1556 1013 1589 1033 eo
1604 1005 1634 1039 ζ,
1651 1009 1678 1031 et

891 1055 1082 1084 percusserunt
1092 1050 1233 1078 Godoliam
1250 1051 1334 1078 ﬁlium
1347 1051 1461 1078 Abicam
1478 1050 1639 1085 ﬁliiSaphnn
1650 1050 1677 1077 in

891 1095 990 1130 gladio,
1008 1100 1034 1123 et
1057 1097 1217 1124 occiderunt
1238 1105 1311 1130 eum,
1326 1105 1406 1132 quem
1430 1098 1609 1125 constituerat
1631 1104 1678 1123 rex

893 1140 1037 1176 Babylonis
1068 1149 1149 1176 super
1166 1146 1247 1174 terra,
1278 1143 1305 1168 3.
1333 1141 1365 1169 Et
1380 1149 1475 1169 omnes
1498 1140 1616 1173 Iudaeos.
1632 1140 1678 1176 qui

892 1192 969 1214 erant
988 1194 1050 1214 cum
1066 1194 1100 1214 eo
1118 1195 1180 1215 cum
1196 1187 1310 1215 Godolia
1326 1187 1353 1215 in
1369 1187 1505 1223 Maspbia,
1533 1192 1560 1215 et
1585 1195 1680 1215 omnes

893 1231 1045 1264 Chaldaeos,
1059 1232 1106 1266 qui
1125 1232 1228 1260 inventi
1254 1233 1364 1260 [tierunt
1379 1233 1426 1265 ibi,
1444 1233 1517 1260 viros
1531 1233 1592 1261 belli
1608 1233 1679 1260 occi—

893 1277 932 1304 dit
943 1277 1050 1305 lsmael.
1064 1278 1089 1313 4.
1101 1278 1133 1305 Et
1146 1277 1245 1306 factum
1257 1279 1351 1307 estdie
1359 1279 1489 1311 secundo,
1501 1286 1533 1306 ex
1543 1286 1597 1314 quo
1609 1279 1681 1306 occi—

893 1323 931 1351 dit
947 1323 982 1351 ibi
1000 1323 1034 1359 (ν)
1053 1323 1258 1366 Godoliam,.(a)
1277 1328 1303 1351 et
1318 1324 1400 1352 homo
1417 1332 1472 1352 non
1488 1324 1571 1352 novit.
1584 1325 1611 1352 5.
1629 1324 1683 1352 Vc-
1713 1330 1716 1334 '

895 1373 994 1397 nerunt
1009 1370 1058 1396 viri
1070 1377 1101 1397 ex
1117 1369 1226 1398 Sicbem
1238 1370 1271 1405 (ι)
1286 1378 1317 1397 ex
1331 1369 1445 1405 Saljom,
1461 1374 1488 1397 et
1498 1378 1530 1397 ex
1544 1369 1681 1402 Samaria,

894 1415 1032 1449 octoginta
1047 1415 1107 1447 viri,
1121 1415 1175 1442 rasi
1190 1415 1287 1442 barbas
1303 1422 1408 1448 eorum,
1425 1419 1451 1443 et
1465 1415 1579 1449 disrupti
1594 1420 1683 1443 vestes

895 1468 1001 1492 eorum,
1016 1466 1043 1488 et
1059 1461 1097 1496 (ιι)
1115 1461 1277 1496 plangentes
1293 1469 1300 1487 :
1318 1465 1345 1488 et
1364 1462 1446 1494 dona,
1463 1465 1490 1488 et
1507 1462 1569 1489 tbus
1583 1462 1609 1488 in
1625 1469 1684 1488 ina-

858 1521 879 1550 0
897 1507 977 1534 nibus
999 1514 1105 1539 eorum,
1120 1507 1152 1534 ad
1176 1507 1344 1535 inferendum
1370 1507 1397 1534 in
1424 1507 1534 1534 domum
1565 1507 1682 1534 Domini.

896 1553 922 1580 6.
938 1552 970 1580 Et
981 1552 1065 1580 exivit
1080 1552 1175 1580 lsmael
1197 1552 1269 1580 ﬁlius
1284 1551 1462 1580 Natbanimin
1479 1561 1624 1581 occursum
1637 1561 1686 1581 eo-

897 1607 956 1626 rum
973 1606 1005 1625 ex
1031 1598 1165 1633 Maspbia,
1191 1599 1246 1626 ibat
1270 1599 1338 1631 iens,
1363 1603 1390 1626 et
1405 1598 1481 1625 ﬁens.
1504 1598 1616 1626 Factum
1644 1605 1687 1627 est

897 1649 997 1675 autem,
1018 1652 1079 1671 cum
1102 1643 1347 1679 appropinquasset
1370 1645 1421 1677 eis,
1449 1649 1475 1672 et
1489 1644 1557 1672 dixit
1573 1645 1605 1672 ad
1617 1653 1685 1672 eos:

898 1689 1071 1725 lngredimini
1093 1689 1126 1716 ad
1145 1689 1290 1717 Godoliam
1309 1690 1393 1716 ﬁlium
1408 1689 1532 1717 Abicam.
1546 1690 1572 1716 7.
1588 1690 1619 1717 Et
1631 1689 1688 1717 fac-

898 1740 953 1763 tum
967 1740 1023 1768 est,
1045 1743 1106 1762 cum
1124 1735 1238 1771 ingressi
1251 1740 1342 1763 essent
1353 1737 1387 1770 Ἀ(
1398 1736 1424 1763 in
1441 1735 1452 1771 ζ
1470 1735 1586 1764 medium
1601 1737 1687 1769 urbis,

897 1785 924 1808 el
949 1781 1077 1808 mactavit
1093 1787 1142 1808 eos
1167 1779 1262 1807 lsmael
1277 1780 1350 1808 ﬁlius
1367 1779 1512 1808 Nathanize
1527 1780 1566 1815 (π)
1585 1781 1612 1807 in
1637 1783 1688 1815 ρει-ὲ

898 1831 982 1860 leum,
1010 1827 1079 1861 ipse,
1102 1830 1129 1853 et
1146 1826 1205 1858 viri,
1227 1825 1273 1860 qui
1297 1833 1358 1853 cum
1375 1833 1418 1853 eo.
1436 1825 1463 1853 8.
1481 1825 1519 1861 (ῃ)
1537 1825 1569 1852 Ει
1593 1825 1688 1853 decem

898 1872 947 1899 viri
961 1871 1062 1899 inventi
1078 1875 1142 1899 sunt
1159 1871 1212 1904 ibi,
1229 1875 1256 1898 el
1270 1871 1398 1898 dixerunt
1416 1871 1521 1899 lsmaeli
1537 1879 1545 1899 ε
1564 1871 1604 1899 Ne
1617 1872 1689 1899 occi-

900 1917 949 1944 das
971 1924 1033 1949 nos,
1048 1916 1112 1951 quia
1130 1921 1194 1944 sunt
1213 1916 1292 1943 nobis
1306 1916 1396 1943 acervi
1419 1916 1446 1943 in
1462 1923 1539 1950 agro,
1556 1917 1645 1944 tritica
1663 1921 1691 1944 et

899 1962 1013 1993 hordea,
1031 1962 1121 1989 oleum
1133 1968 1159 1988 et
1172 1961 1224 1989 mel
1238 1971 1244 1988 :
1259 1961 1294 1997 (ι)
1304 1966 1331 1989 et
1342 1962 1477 1994 transivit,
1489 1967 1581 1989 etnon
1590 1962 1691 1990 occidit

899 2016 946 2035 eos
971 2008 998 2034 in
1020 2007 1110 2034 medio
1137 2007 1252 2034 fratrum
1285 2015 1391 2035 eorum.
1408 2008 1433 2035 9.
1459 2007 1560 2035 Puteus
1588 2013 1689 2041 autem,

900 2053 926 2079 in
937 2060 1016 2087 quem
1028 2051 1141 2087 proiecit
1154 2052 1187 2086 χ
1199 2052 1235 2078 ibi
1251 2052 1263 2086 ξ
1277 2051 1372 2079 lsmael
1385 2052 1476 2078 omnia
1491 2059 1605 2087 corpora
1615 2053 1692 2079 viro-

902 2106 972 2130 rum,
1001 2105 1070 2133 quos
1097 2097 1196 2125 occidit
1220 2105 1268 2132 per
1291 2105 1400 2124 manum
1425 2097 1545 2126 Godoliae
1569 2103 1690 2133 :puteus

904 2152 1019 2179 magnus
1031 2148 1074 2171 est
1095 2143 1140 2170 hic
1156 2151 1235 2178 quem
1255 2142 1319 2170 fecit
1333 2151 1378 2170 rex
1398 2144 1451 2171 Asa
1467 2143 1502 2170 ab
1516 2149 1580 2171 ante
1596 2144 1691 2172 faciem

62 2191 138 2227 quod
151 2191 271 2218 dedisset
287 2198 332 2218 rex
349 2191 495 2226 Babylonis
510 2191 648 2218 residuum
666 2191 692 2217 in
707 2190 810 2221 Iudaea,
824 2196 851 2218 et
867 2185 889 2213 Β
906 2190 998 2217 Βίιεεω
1012 2188 1082 2223 regis
1095 2187 1210 2216 lsraalis:
1226 2188 1298 2215 hunc
1310 2188 1430 2222 implevit
1446 2187 1541 2215 lsmael
1555 2188 1625 2216 ﬁlius
1638 2188 1693 2216 Na—

62 2235 139 2272 quod
156 2235 346 2262 constituisset
361 2243 443 2269 super
461 2243 508 2263 eos
524 2235 664 2263 Godoliam
680 2236 764 2262 lilium
786 2235 851 2262 Abi-

62 2289 126 2309 cam
148 2281 194 2308 ﬁlii
226 2280 345 2315 Sapban.
363 2281 406 2307 12.
427 2281 459 2308 Et
480 2281 579 2309 reversi
598 2286 661 2310 sunt
679 2283 713 2316 χ(
728 2289 823 2309 omnes
839 2281 850 2315 ζ

63 2327 152 2355 ,ιυιιωῑ
168 2335 201 2354 cx
217 2328 347 2354 omnibus
365 2327 441 2360 locis,
456 2335 513 2362 quo
525 2328 639 2362 dispersi
652 2328 760 2355 ﬁlerunt
777 2329 852 2360 illuc,

63 2378 93 2401 et
110 2376 242 2399 venerunt
264 2372 291 2399 in
312 2377 409 2400 terrain
432 2372 506 2400 Juda':
523 2373 555 2400 ad
571 2372 712 2400 Godoliam
730 2375 756 2400 in
783 2373 855 2401 Mas-

64 2418 171 2456 pbiam,
182 2421 209 2445 et
225 2418 505 2453 collegeruntvinum,
519 2423 545 2446 et
557 2418 596 2453 (η)
607 2418 726 2446 fructum
739 2419 853 2446 multum

105 2509 138 2544 (ι)
158 2508 314 2536 Jercmiam.
354 2509 392 2544 (u)
407 2509 450 2541 Α.⁷
466 2509 594 2543 magister
614 2509 764 2536 lanionum.

66 2545 112 2575 5.,
127 2545 231 2571 catenis
248 2552 389 2571 manuum.
428 2544 511 2578 (a)S.,
530 2545 617 2578 placet
631 2544 689 2572 tibi.

66 2615 204 2650 placuerit
232 2614 292 2641 tibi.
315 2614 363 2650 νυ)
383 2613 456 2650 Tres.
476 2614 535 2650 viri.
577 2614 614 2649 (g)
637 2615 682 2645 Α.,

65 2648 116 2680 Ἀ..
136 2649 177 2682 S.,
195 2654 220 2676 et
251 2649 358 2676 servile.
398 2648 429 2684 (Ι)
444 2650 488 2681 Λ.,
506 2648 547 2679 8.,
561 2648 594 2676 ad
611 2657 668 2676 vos.

66 2685 149 2716 sciet,
162 2691 247 2718 quare
266 2684 371 2711 occidet
383 2685 502 2710 animam
515 2689 600 2711 tuam.

67 2721 154 2747 homo
172 2717 225 2746 non
243 2723 343 2746 nosset.
382 2719 413 2753 (Ι)
430 2717 524 2750 Α.,8.,
540 2727 572 2746 ex
590 2717 692 2746 Saloni.

67 2755 122 2781 viri
139 2755 239 2780 inventi
256 2759 318 2781 sunt
337 2753 383 2785 ibi,
398 2753 443 2788 qui
456 2753 583 2781 dixerunt
604 2755 636 2781 ad
653 2755 802 2781 lsmaelcm.

819 2512 858 2545 (π)
874 2510 977 2546 Reliqui
991 2533 998 2543 ,
1022 2511 1129 2539 loculus
1156 2516 1208 2538 cst.

901 2234 1001 2262 thaniaa
1019 2233 1128 2262 occisis.
1157 2233 1198 2260 l0.
1232 2233 1270 2268 (a)
1295 2233 1329 2260 Et
1348 2233 1456 2261 reduxit
1474 2234 1570 2262 lsmael
1584 2242 1692 2261 omnem

902 2281 1042 2316 populum,
1056 2280 1103 2314 qui
1125 2280 1236 2308 relictus
1253 2279 1318 2312 fuit,
1337 2280 1371 2313 χ
1386 2287 1448 2306 eum
1475 2281 1486 2315 ζ
1503 2281 1550 2315 qui
1568 2280 1594 2307 in
1622 2280 1692 2308 Mas-

902 2328 976 2362 pbia,
992 2332 1020 2355 et
1039 2327 1108 2354 ﬁlias
1124 2326 1206 2361 regis,
1222 2331 1247 2354 et
1262 2334 1371 2354 omnem
1389 2327 1530 2361 populum,
1546 2327 1592 2362 qui
1604 2327 1693 2354 relicti

902 2373 1013 2400 fuerunt
1031 2373 1057 2399 in
1070 2371 1203 2407 Maspbia,
1218 2380 1288 2406 quos
1304 2371 1693 2400 commendavitNabuzardan

904 2419 1032 2453 princeps
1043 2424 1195 2453 coquomm
1209 2417 1330 2445 Godoliae
1344 2417 1400 2445 ﬁlio
1411 2417 1535 2451 Abicam,
1546 2418 1582 2453 (b)
1595 2422 1623 2445 et
1636 2426 1695 2444 ma-

1257 2512 1295 2547 (y)
1314 2512 1354 2540 Ei.
1404 2511 1441 2545 (ι)
1464 2512 1509 2544 Α..
1544 2519 1558 2538 a
1582 2511 1696 2547 catenis.

728 2545 765 2578 (ὑ)
793 2544 833 2577 S.,
849 2544 900 2583 ζειζ
960 2554 1015 2583 non
1043 2547 1209 2583 plu_cel_tibi.
1248 2544 1284 2583 (ἶ)
1302 2547 1344 2579 8.,
1363 2544 1501 2583 perinane.
1540 2547 1578 2582 (α)
1607 2545 1649 2578 S.,
1671 2550 1698 2573 et

65 2585 218 2613 antequam
250 2580 467 2614 recedamiego,
497 2586 641 2612 revertere,
666 2580 756 2606 babita
786 2580 857 2613 apud
881 2580 1051 2608 Godoliam.’
1077 2581 1111 2614 (ε)
1128 2581 1170 2612 8.,
1198 2582 1225 2609 in
1257 2580 1371 2609 oinncm'
1401 2581 1503 2613 locum.
1531 2580 1574 2614 qui

705 2614 745 2644 8..
764 2615 930 2642 etinfanlcs.

709 2650 756 2684 (γη)
771 2650 815 2681 Λ.,
833 2649 953 2677 fructum
967 2649 1102 2678 aestivum.

640 2684 677 2719 (ρ)
692 2684 736 2717 Α.,
753 2685 794 2716 5.,
813 2685 970 2720 dciseniine
993 2686 1078 2720 regni.

732 2719 770 2753 (ιι)
783 2721 827 2751 A.,
844 2719 885 2750 8..

1077 2581 1111 2642 ﬂe)
1128 2581 1177 2622 S...
1198 2582 1225 2609 in
1257 2581 1370 2609 omnem,
1401 2581 1503 2624 locum:
1531 2583 1697 2621 quicumque

1077 2625 1118 2642 an.
1157 2617 1189 2642 (tl
1217 2617 1261 2642 Α..
1296 2617 1457 2642 S..serV|re
1476 2617 1621 2642 (.baldmls.
1660 2615 1697 2642 lkl

973 2616 1011 2650 (Ii)
1028 2615 1118 2650 .Iopbi.
1157 2617 1189 2652 (ἰ)
1217 2617 1261 2647 Α.,
1296 2617 1338 2650 8.,
1355 2617 1457 2644 servire
1476 2615 1621 2644 Cbaldmis.
1660 2615 1698 2650 (It)

1141 2655 1178 2686 (it)
1193 2651 1233 2685 S.,
1247 2654 1380 2680 triticum.
1420 2653 1458 2687 (ο)
1470 2652 1511 2684 8.,
1529 2652 1593 2678 dum
1618 2659 1698 2678 nemo

1118 2686 1265 2723 (qlSimnl.
1304 2688 1339 2722 (r)
1372 2686 1498 2723 lsmael,
1518 2687 1606 2723 (s)S.,
1635 2694 1697 2713 cum

906 2720 995 2758 incisi.
1010 2722 1058 2758 μ)
1075 2720 1241 2758 Ειᾼριιυξυυίι
1263 2720 1334 2750 eos.
1360 2723 1398 2758 (ῃ)
1414 2724 1456 2756 8.,
1484 2720 1577 2758 decem
1608 2726 1697 2748 autem

842 2755 879 2788 (ι)
894 2755 936 2787 8.,
955 2756 1092 2784 cohibitus
1108 2756 1158 2783 fuit
1171 2755 1273 2788 autem.
1296 2762 1323 2784 et
1343 2755 1396 2787 non
1415 2755 1484 2785 meri
1500 2757 1563 2784 fecit
1576 2765 1622 2784 eos
1635 2764 1698 2783 cuni

67 2789 202 2828 fratribus
213 2789 417 2828 eertumfovea
432 2793 521 2828 autem
536 2790 661 2828 inquam
679 2790 815 2828 projecita
840 2790 878 2824 (a)
893 2791 994 2828 r’l.,§.,
1008 2792 1180 2828 etcaptivum
1197 2793 1285 2819 duxit.
1324 2793 1362 2828 (ὁ)
1380 2795 1424 2827 Α.,
1441 2797 1468 2821 et
1482 2793 1603 2828 captivos
1622 2791 1700 2819 duxit

67 2833 120 2853 eos
133 2824 230 2852 lsmael
243 2824 314 2851 ﬁlius
325 2823 475 2858 Natbaniaz,
495 2829 521 2851 et
535 2825 601 2852 abiit
619 2824 650 2852 ad
668 2823 864 2853 transeundum
880 2825 911 2852 ad
930 2825 999 2853 ﬁlios
1026 2823 1152 2854 Ammon.
