1919 3077
243 129 313 157 937i

247 232 374 258 Ammon.
397 230 439 258 II.
461 234 495 257 Et
516 231 620 258 audivit
641 229 764 257 Jobanan
789 228 860 257 ﬁlius
878 229 980 261 Corab,
1005 234 1031 257 ct

246 286 341 305 omnes
354 277 488 312 principes
500 278 650 312 potestatis,
663 275 709 311 qui
721 283 782 302 cum
793 283 836 307 eo,
848 276 938 303 omnia
950 275 1030 308 mala,

248 331 308 355 quae
328 322 391 350 fecit
408 322 502 350 Isruael
520 323 589 349 ﬁlius
603 321 743 348 Nathanite
763 331 768 348 :
785 321 828 348 I2.
849 326 876 348 et
896 322 1033 348 duxerunt

247 370 338 396 omnia
349 372 438 396 castra
465 375 570 398 eorum,
592 372 619 394 et
633 366 738 394 iverunt
753 367 786 394 ad
802 367 977 402 pugnandum
999 374 1030 395 σε-

248 416 380 442 adversus
392 422 453 441 eum
468 414 479 448 ζ
496 421 556 440 cum
568 412 681 440 Ismaele
692 412 747 439 lilio
758 411 908 445 Nathanire,
921 417 947 440 ct
959 413 1032 440 inve-

248 468 347 490 nertrnt
359 470 420 489 curn
434 469 514 495 super
524 468 594 495 aqua
610 461 704 494 multa,
719 462 752 494 )K
766 467 826 494 qum
843 459 853 494 ζ
866 460 893 486 in
909 460 1031 486 Gabaon.

249 509 291 535 I3.
308 507 339 534 Et
359 507 458 534 factum
474 510 526 538 est,
546 513 608 532 enm
627 505 730 532 videret
740 505 832 532 onmis
850 505 976 540 populus,
986 504 1033 539 qui

248 562 308 580 eum
322 552 433 579 Ismar-Ie
445 551 569 578 Jobanan
586 550 669 578 ﬁlium
688 550 788 584 Corah,
807 556 834 578 et
846 557 942 577 omnes
957 550 1032 584 prin--

247 600 320 633 r-ipes
337 598 496 632 potestatis,
512 605 572 632 quae
586 605 647 623 cum
666 604 709 629 eo,
729 596 772 623 Μ.
790 600 817 623 et
842 597 942 631 gravisi
959 602 1032 628 sunt,

247 649 273 671 et
291 644 429 671 redierunt
446 644 536 671 omnis
559 643 686 678 populus,
709 650 789 677 quem
805 643 940 676 captivum
956 642 1034 670 duxit

247 690 343 718 lstuael
360 689 394 725 (ε)
408 698 439 717 ex
458 689 580 724 Maspbia
595 699 601 716 τ
617 693 714 716 etcum
729 689 884 720 rediissent,
903 693 1035 715 venerunt

246 735 279 762 ad
295 734 419 761 Johanan
440 734 525 760 ﬁlium
543 733 642 760 Corah.
666 732 708 760 I5.
736 732 831 760 lsmaeI
852 736 941 760 autem
964 732 1035 760 Iilius

246 781 386 808 Nathania:
402 780 626 807 evasitcumocto
640 779 797 806 hominibus
812 778 846 806 ab
858 783 921 806 ante
937 778 1033 806 faciem

247 825 381 857 .lohanan,
411 828 438 851 et
454 824 521 851 abiit
539 824 572 851 ad
597 823 667 851 ﬁlios
684 823 810 850 Ammon.
839 823 883 850 I6.
906 823 939 850 Et
964 824 1034 858 cepit

247 870 369 898 Johanau
383 870 454 898 ﬁlius
468 869 569 902 Corah,
580 873 607 896 et
623 877 718 896 omnes
731 869 868 904 principes
879 870 1032 904 potestatis,

247 918 293 952 qui
311 925 372 944 cum
387 924 429 948 co,
449 923 543 944 omnes
563 915 691 949 reliquias
709 914 810 949 populi,
834 922 902 950 quas
927 914 1034 942 redrtxit

247 964 281 990 ab
299 962 412 990 lsmaele
426 963 459 996 )t(
476 961 531 989 ﬁlio
542 960 683 988 Nathaniae
693 968 725 988 ex
743 960 874 995 Maspbia,
889 964 1031 995 postquam

246 1009 346 1036 occidit
369 1007 511 1035 Godoliam
532 1007 616 1034 lilium
634 1006 748 1034 Ahicam
766 1006 796 1040 ζ,
817 1010 941 1041 potentes
961 1007 1033 1034 viros

247 1056 273 1082 in
286 1054 367 1086 bello,
383 1060 414 1081 -θ
429 1057 456 1080 et
476 1052 488 1086 ζ
505 1052 643 1085 mulieres,
656 1057 683 1078 et
696 1051 734 1086 (d)
751 1051 890 1086 reliquias,
903 1057 929 1078 et
945 1059 1032 1078 ennu-

246 1101 324 1132 chos,
346 1106 415 1134 quos
441 1098 547 1126 reduxit
563 1105 595 1125 ex
614 1097 736 1125 Gabaon.
755 1097 797 1124 I7.
814 1097 844 1124 Et
862 1098 896 1133 (ε)
911 1097 988 1130 abiit,
1006 1102 1033 1125 ct

247 1146 317 1174 sedit
331 1146 436 1172 interra
445 1145 542 1171 Berotlt
554 1143 731 1176 Chamaham,
744 1151 805 1178 quae
818 1143 850 1170 ad
864 1143 1030 1177 Bethlehem,

247 1196 277 1219 ut
301 1191 389 1218 abiret
412 1191 444 1217 ad
465 1189 671 1224 lugrediendum
700 1189 727 1215 in
747 1188 904 1223 Egyptum,
934 1189 977 1216 I8.
999 1190 1033 1217 ab

247 1245 309 1266 autc
330 1238 426 1265 faciem
445 1237 635 1264 Chaldaeorum
647 1255 654 1268 ,
674 1235 738 1270 quia
757 1236 908 1263 timuerunt
920 1236 953 1263 ab
970 1241 1032 1264 ante

247 1285 342 1311 faciem
362 1291 455 1311 eorum
471 1292 477 1309 :
494 1282 557 1317 quia
569 1282 667 1309 occidit
683 1280 778 1308 Ismael
795 1283 828 1315 Χ
845 1282 917 1309 ﬁlius
933 1281 1033 1309 Natha-

246 1332 298 1358 niae
325 1330 467 1357 Godoliam
486 1329 569 1355 ﬁlium
589 1328 702 1355 Abicam
731 1327 761 1361 ζ,
787 1335 867 1362 quem
891 1328 1033 1356 constituit

247 1386 292 1405 rex
311 1377 456 1413 Babylonis
469 1376 494 1403 in
513 1380 594 1402 terra.

280 1423 345 1458 Cap.
365 1422 441 1449 XLII.
460 1437 494 1441 —
512 1422 536 1448 I.
551 1420 584 1448 Et
598 1425 773 1448 accesserunt
789 1427 884 1447 omnes
897 1421 1032 1456 print-ipes

245 1468 398 1504 potestatis,
424 1471 450 1494 et
476 1465 599 1493 Johanan
622 1465 692 1492 ﬁlius
718 1465 824 1497 Corah,
849 1469 875 1493 et
900 1464 1030 1493 Jezaniah

245 1515 317 1542 ﬁlius
333 1514 364 1549 (n
376 1514 488 1545 Hostem,
501 1516 528 1540 et
540 1511 630 1539 omnis
648 1511 764 1546 populus
781 1519 796 1538 a
811 1519 894 1545 parvo
906 1515 932 1538 et
945 1519 1031 1546 usque
1045 1521 1066 1549 α
1082 1514 1210 1541 diemlum
1230 1515 1241 1549 ζ

245 1561 278 1587 ad
297 1567 436 1595 magnum,
456 1558 483 1587 '2.
497 1562 525 1585 et
549 1558 678 1585 dixerunt
701 1557 734 1584 ad
751 1556 897 1584 Jeremiam
915 1557 1030 1592 prophe-

245 1611 299 1632 tam
320 1615 326 1632 :
344 1604 429 1632 Cadat
450 1605 484 1637 Χ
513 1609 585 1630 nunc
609 1602 620 1636 ζ
642 1601 797 1636 deprecatio
821 1606 912 1628 nostra
938 1609 1030 1628 coram

244 1652 314 1679 facie
325 1655 371 1678 tua
383 1669 393 1684 ,
408 1655 435 1677 et
449 1657 497 1676 ora
515 1650 548 1683 >κ
558 1656 607 1683 pro
617 1648 696 1675 nobis
711 1648 722 1683 ζ
736 1648 768 1674 ad
788 1648 930 1675 Dominum
946 1647 1029 1675 Deum

244 1703 332 1729 tuum,
351 1704 399 1731 pro
417 1694 538 1730 reliquiis
556 1694 597 1721 his
624 1702 630 1720 ;
653 1693 715 1728 quia
735 1693 820 1721 relicti
837 1700 932 1720 sumus
952 1693 1030 1728 pauci

244 1745 278 1770 de
295 1743 398 1773 multis,
410 1742 480 1768 sicut
490 1740 560 1768 oculi
573 1740 611 1767 tui
625 1739 716 1767 vident
728 1746 788 1766 nos.
804 1739 830 1766 5.
844 1738 875 1765 Et
888 1739 1032 1766 annnntict

244 1789 323 1817 uobis
339 1787 469 1814 Dominus
481 1786 551 1813 Deus
569 1789 631 1812 tuus
647 1785 729 1817 viam,
747 1791 800 1819 qua
825 1791 920 1811 eamus
944 1783 970 1810 in
987 1791 1029 1815 ea,

243 1840 271 1863 et
288 1834 409 1865 verbum,
425 1832 496 1868 quod
519 1831 662 1859 faciamus.
677 1830 705 1857 4.
725 1829 756 1857 Et
770 1830 838 1857 dixit
858 1829 898 1857 eis
914 1829 1030 1857 Jeremia

242 1880 375 1916 propheta
403 1888 409 1906 :
436 1877 545 1910 Audivi,
569 1883 632 1904 ecce
653 1883 703 1910 ego
732 1875 816 1902 orabo
831 1875 865 1902 ad
886 1875 1030 1902 Dominum

243 1928 328 1955 Deum
341 1931 477 1958 nostrum,
485 1925 561 1960 juxta
570 1924 651 1951 verba
660 1927 749 1951 vestra
762 1928 804 1950 :et
816 1923 870 1956 ﬁet,
881 1924 916 1956 χ
925 1930 1005 1950 omne
1016 1922 1028 1957 ξ

243 1973 369 2004 verbum,
403 1971 475 2007 quod
499 1970 674 2005 respondebit
699 1969 831 1997 Dominus
854 1971 888 2004 με
904 1969 980 1996 vobis
1000 1969 1028 2004 ζ,

243 2019 411 2048 annuntiabo
439 2018 526 2052 vobis,
557 2025 612 2045 non
640 2017 734 2045 celabo
759 2024 773 2044 a
799 2017 878 2044 vobis
904 2017 1027 2044 verbum.

243 2067 270 2094 5.
288 2066 321 2093 Ει
344 2066 396 2101 ipsi
418 2065 546 2093 dixerunt
565 2063 690 2092 Jcremia‘.
707 2071 714 2090 :
734 2063 776 2090 Sit
795 2063 928 2091 Dominus
951 2064 1029 2091 nobis

243 2114 271 2140 in
286 2117 380 2141 testem
397 2112 434 2147 (g)
448 2111 551 2147 justum
568 2115 594 2138 et
606 2110 722 2142 lidelem,
741 2109 763 2137 si
779 2117 842 2140 non,
856 2110 933 2143 juxta
948 2117 1029 2137 omne

243 2159 368 2191 verbum,
382 2157 454 2193 quod
482 2157 590 2185 miserit
611 2160 637 2183 te
662 2156 835 2190 Domiunsx
852 2155 922 2182 Deus
935 2159 997 2182 tuus
1015 2154 1025 2188 ζ

243 2205 276 2232 ad
297 2212 348 2231 nos
362 2204 400 2230 ita
414 2203 568 2230 fecerimus.
584 2202 610 2229 6.
633 2201 695 2229 Sive
715 2201 827 2233 bonum,
844 2201 901 2228 sive
916 2201 1028 2233 malum,
1046 2187 1070 2217 υ

243 2258 338 2278 vocem
363 2246 475 2277 Domini
493 2248 541 2276 Dei
568 2248 666 2279 nostri,
684 2255 765 2282 quem
778 2255 828 2275 uos
846 2247 978 2274 mittimus
1006 2251 1031 2273 te

245 2298 278 2329 Χ
296 2295 329 2323 ad
344 2303 407 2323 eum
431 2296 462 2329 ζ,
478 2294 629 2327 audiemus,
648 2298 677 2320 ut
692 2294 790 2321 melius
805 2294 850 2320 ﬁat
865 2293 942 2320 nobis
956 2292 1031 2327 ,quia

243 2341 388 2368 audiemus
404 2348 498 2368 vocem
516 2340 624 2367 Domini
648 2339 694 2366 Dei
714 2339 809 2366 nostri.
830 2338 855 2364 7.
874 2338 906 2365 Et
930 2337 1031 2365 factrrm

244 2392 287 2414 est
302 2391 363 2422 post
377 2387 471 2414 decem
485 2387 555 2419 dies,
574 2385 674 2413 factum
693 2389 735 2412 est
753 2385 865 2412 verbum
882 2383 988 2411 Domini
999 2383 1032 2410 ad

243 2432 401 2460 Jeremiam.
418 2433 444 2460 8.
467 2433 499 2460 Et
512 2432 619 2459 vocavit
635 2431 673 2466 (lt)
688 2430 811 2458 Johanan
828 2431 860 2463 >ί<
876 2429 960 2457 ﬁlium
977 2428 1030 2456 Co-

245 2479 293 2506 rah
308 2479 331 2514 ζ,
345 2479 411 2513 clx
420 2486 514 2506 omnes
530 2478 541 2512 ζ
554 2478 689 2513 principes
703 2476 855 2512 potestatis,
869 2477 902 2509 >ε<
912 2475 1028 2510 quicum

281 2569 316 2604 (ς)
334 2569 407 2596 ﬁiios
426 2568 576 2604 Nathanize.
626 2568 664 2602 (d)
687 2566 815 2604 Infantes.

827 126 939 155 CODEX
960 125 1292 154 SYRO—HEXAPLIRIS.

248 185 369 212 tutinavit
384 183 479 211 Ismael
498 183 569 211 ﬁlius
579 183 730 211 Nathaniaa.
746 187 773 210 et
786 182 853 210 abiit
867 187 942 210 trans
961 183 1029 211 ﬁlios
1044 187 1066 216 Α
1082 191 1124 215 eo,

1807 131 1871 158 257³2

1152 184 1162 217 ζ
1191 189 1217 211 et
1236 191 1343 211 onmem
1362 184 1489 219 populum
1511 192 1526 211 a
1546 191 1629 220 parvo
1646 192 1738 220 usque
1756 186 1791 212 ad
1816 194 1873 213 ma-

1085 238 1179 265 gnum,
1191 231 1216 257 9.
1231 235 1257 258 et
1271 231 1339 258 dixit
1351 231 1390 258 eis
1402 230 1467 258 :Sic
1479 231 1546 258 dixit
1560 231 1692 259 Dorninns
1705 231 1779 260 Deus
1791 231 1872 260 Israe-

1083 277 1126 310 Iis,
1141 278 1174 311 )t(
1199 278 1231 304 ad
1253 285 1332 312 quem
1349 278 1463 305 misistis
1479 285 1523 305 me
1539 278 1572 304 ad
1591 285 1665 311 eum,
1681 277 1716 305 ad
1733 277 1873 305 eﬂ'unden-

1082 324 1147 351 dum
1163 324 1381 358 deprecationem
1408 324 1438 358 (ἰ)
1458 324 1491 357 Ἀ(
1506 331 1597 351 coram
1618 331 1651 351 eo
1669 324 1680 359 ζ
1700 333 1707 349 :
1726 324 1760 350 I0
1786 322 1816 350 Si
1835 331 1873 351 se-

1083 370 1173 397 dendo
1192 370 1317 398 sederitis
1331 369 1356 396 in
1380 374 1451 396 terra
1469 369 1529 401 hac,
1545 370 1626 396 etiam
1649 369 1798 397 aediﬁcabo
1817 377 1872 400 vos,

1083 420 1109 443 ct
1121 423 1174 442 non
1197 416 1346 448 destruarn,
1363 420 1390 443 et
1409 416 1537 451 plantabo
1552 424 1611 447 vos,
1623 420 1650 443 et
1672 424 1727 442 non
1741 416 1872 447 evellam;

1085 461 1120 497 (k)
1136 461 1200 496 quia
1223 461 1346 496 acquievi
1361 469 1443 496 super
1464 461 1554 494 malis,
1572 469 1632 496 qua:
1647 461 1701 488 dixi
1721 462 1755 488 ad
1774 461 1874 490 facien-

1083 508 1147 535 dum
1162 507 1249 534 vobis.
1267 507 1309 534 II.
1334 506 1372 534 Ne
1395 507 1513 535 timeatis
1532 507 1566 534 ab
1587 512 1650 534 ante
1681 507 1781 534 faciem
1807 508 1873 541 regis

1085 553 1237 588 Babylonis,
1247 553 1326 587 cujus
1336 561 1384 580 vos
1394 553 1494 580 timetis
1509 553 1544 580 ab
1553 558 1616 580 ante
1625 552 1722 580 faciem
1739 553 1804 588 ejus
1821 561 1828 579 :
1845 561 1873 579 ne

1085 600 1203 627 timeatis
1218 601 1250 634 )t(
1263 599 1297 626 ab
1305 607 1338 626 eo
1354 600 1382 634 ζ,
1398 599 1463 626 dicit
1478 599 1625 632 Dominus;
1639 600 1704 634 quia
1720 607 1787 626 cum
1800 599 1873 625 vobis

1084 652 1135 680 ego
1152 653 1224 677 sum,
1247 645 1278 679 (Ι)
1301 645 1333 671 ad
1351 644 1518 679 eripiendum
1536 651 1593 676 vos,
1613 649 1641 672 et
1660 645 1693 671 ad
1709 644 1871 671 salvandum

1086 697 1133 717 vos
1155 697 1170 717 e
1186 698 1268 716 manu
1289 690 1336 725 (nt)
1349 697 1455 716 eorum.
1476 689 1518 716 I2.
1533 689 1565 717 Et
1580 690 1652 717 dabo
1666 690 1746 717 vobis
1768 690 1872 717 miseri-

1085 735 1217 768 cordiam,
1230 740 1257 763 et
1271 735 1419 763 miserebor
1435 736 1528 768 vestri,
1544 737 1583 771 (η)
1599 741 1626 763 et
1637 736 1768 763 reducam
1785 743 1835 763 vos
1851 736 1872 762 in

1087 785 1184 808 terram
1197 786 1325 809 vestram.
1349 782 1391 808 I5.
1409 782 1441 808 Et
1456 782 1478 809 si
1495 781 1584 809 dicitis
1601 789 1650 809 vos
1672 789 1678 806 :
1696 781 1757 808 Non
1770 782 1874 809 sedebi-

1087 835 1148 855 mus
1165 827 1192 854 in
1214 832 1285 854 terra
1304 827 1364 859 hac,
1382 827 1450 854 adeo
1464 832 1490 854 ιιι
1512 834 1565 854 nou
1579 826 1697 854 audiatis
1707 834 1808 854 vocem
1826 826 1874 853 Do-

1085 872 1151 898 mini
1176 872 1222 898 Dx-i
1240 872 1336 904 nostri,
1355 872 1397 898 II.
1412 871 1533 899 dierntes
1553 881 1560 898 :
1577 871 1613 906 (ο)
1626 870 1704 904 Quod
1728 872 1756 898 in
1777 877 1872 898 terram

1084 917 1194 953 Egyptl
1219 917 1411 952 ingrediemur,
1431 922 1457 944 et
1473 925 1525 944 non
1542 918 1695 945 videbimus
1718 917 1837 949 bellum,
1852 923 1873 944 ct

1084 971 1176 991 vocem
1194 963 1231 998 (ρ)
1248 963 1317 990 tnbm
1328 971 1381 990 non
1395 963 1546 994 audiemus,
1556 968 1582 990 et
1596 971 1681 997 panes
1692 971 1749 990 non
1767 964 1874 990 esurie-

1084 1018 1144 1038 nms
1160 1014 1205 1037 :et
1218 1009 1254 1037 ibi
1278 1009 1472 1037 habitabimus.
1489 1009 1530 1036 15.
1552 1009 1584 1036 Et
1596 1010 1629 1044 Χ
1648 1017 1722 1036 nunc
1738 1011 1749 1044 ζ
1766 1015 1874 1044 propter

1084 1057 1135 1084 hoc
1147 1056 1238 1083 audite
1254 1055 1335 1083 verba
1349 1055 1467 1087 Domini,
1483 1056 1515 1089 χ(
1528 1055 1648 1090 reliquiae
1661 1055 1766 1082 Iudaea:
1788 1056 1799 1090 ζ
1815 1065 1821 1081 :
1840 1055 1873 1089 (q)

1085 1101 1129 1130 Sic
1152 1102 1220 1130 dixit
1245 1101 1377 1130 Dominus
1401 1103 1435 1137 )t(
1455 1103 1583 1129 virtutum
1612 1102 1684 1129 Deus
1708 1101 1822 1128 Israelis
1841 1103 1872 1136 ﬁ:

1084 1148 1112 1175 Si
1127 1156 1174 1175 vus
1193 1150 1226 1183 >κ
1246 1148 1336 1176 dando
1360 1149 1370 1182 ζ
1389 1149 1518 1176 dederitis
1538 1147 1634 1175 faciem
1647 1153 1770 1175 vestram
1796 1150 1830 1183 Χ
1845 1150 1874 1176 ad

1083 1192 1287 1228 ingrediendum
1304 1193 1314 1228 ζ
1330 1193 1355 1219 in
1377 1192 1534 1229 Egyptum,
1555 1197 1581 1219 et
1594 1192 1765 1219 intraveritis
1782 1194 1820 1228 (r)
1843 1194 1873 1219 ad

1083 1239 1258 1266 habitandutn
1271 1239 1318 1271 ibi,
1331 1238 1371 1266 I6.
1389 1243 1416 1266 et
1428 1239 1490 1271 erit,
1504 1239 1576 1274 quod
1594 1238 1712 1273 gladius,
1725 1247 1813 1273 quem
1830 1247 1874 1266 vos

1084 1287 1184 1313 timetis
1197 1286 1231 1313 ab
1245 1290 1307 1313 ante
1319 1285 1414 1313 faciem
1430 1285 1500 1320 ejus,
1515 1286 1548 1318 Χ
1561 1285 1596 1312 ibi
1612 1285 1624 1318 ζ
1641 1285 1764 1312 inveniet
1779 1292 1832 1313 vos
1844 1287 1873 1319 :et,

1083 1333 1109 1359 iu
1125 1336 1196 1359 terra
1218 1332 1228 1367 ζ
1244 1331 1369 1367 Egypti;
1386 1336 1413 1359 et
1429 1331 1526 1363 fames,
1543 1331 1621 1366 cujus
1632 1338 1681 1359 vos
1697 1332 1771 1358 ratio
1788 1333 1824 1367 (ι)
1837 1338 1874 1358 est

1082 1377 1160 1405 vobis
1173 1377 1203 1412 (1)
1219 1377 1253 1404 ab
1264 1383 1326 1404 ante
1336 1377 1432 1405 faciem
1445 1377 1515 1411 ejus,
1530 1378 1564 1411 Χ
1581 1377 1615 1404 ibi
1632 1378 1643 1412 ζ
1664 1377 1704 1411 (ιι)
1721 1378 1873 1412 apprehen-

1082 1424 1127 1451 det
1143 1431 1191 1450 vos
1205 1423 1231 1450 in
1246 1422 1372 1458 Egypto,
1393 1428 1419 1450 et
1433 1423 1469 1450 ibi
1492 1423 1657 1455 moriemini,
1677 1424 1720 1450 Π.
1741 1423 1776 1451 Ει
1797 1429 1873 1452 erunt

1082 1476 1178 1496 omnes
1189 1468 1251 1500 viri,
1263 1469 1308 1503 qui
1324 1472 1475 1503 posuerunt
1491 1468 1587 1495 faciem
1598 1476 1674 1495 suam
1694 1469 1771 1502 »ξω
1787 1469 1873 1503 ingre-

1263 1505 1290 1541 i-n
1309 1518 1409 1541 terram
1433 1514 1552 1550 Egypti,
1573 1515 1606 1541 ad
1626 1514 1814 1541 habitandum
1829 1516 1870 1546 ibi,

1082 1559 1207 1587 deﬁcient
1225 1560 1252 1586 in
1266 1560 1366 1595 gladio,
1381 1564 1407 1586 et
1419 1559 1445 1586 in
1461 1559 1543 1593 fame,
1563 1560 1596 1593 >ε<
1610 1565 1636 1586 et
1650 1559 1689 1594 (π)
1703 1560 1729 1586 in
1749 1566 1840 1587 morte
1851 1561 1870 1593 ζ,

1082 1610 1109 1632 ct
1127 1612 1181 1632 non
1195 1605 1246 1633 erit
1265 1613 1296 1632 ex
1319 1605 1360 1632 eis
1379 1612 1413 1632 ne
1432 1605 1540 1640 quidem
1563 1605 1645 1632 homo
1658 1606 1698 1640 (υἱ
1708 1611 1736 1633 et
1756 1614 1814 1633 non
1828 1607 1870 1641 qui

1081 1652 1179 1679 evadet
1191 1660 1207 1679 a
1222 1651 1311 1684 malis,
1324 1659 1384 1686 qua:
1398 1659 1447 1687 ego
1459 1651 1558 1679 induco
1573 1659 1654 1686 super
1665 1659 1724 1679 eos.
1743 1652 1789 1679 I8.
1807 1653 1871 1685 Quia

1082 1698 1122 1724 sic
1131 1697 1199 1723 dixit
1213 1696 1345 1723 Dominus
1357 1696 1489 1723 virtutum
1507 1695 1577 1724 Deus
1594 1696 1701 1724 Israelis
1720 1707 1726 1724 :
1745 1698 1826 1725 Sicut
1839 1698 1871 1732 (π)

1082 1741 1193 1769 stillavit
1211 1741 1286 1768 furor
1302 1749 1390 1774 meus,
1411 1742 1446 1776 Χ
1464 1746 1491 1769 et
1512 1742 1549 1769 ira
1569 1750 1628 1769 mea
1653 1743 1663 1778 ζ
1690 1751 1777 1777 super
1803 1743 1872 1770 Irahi-

1083 1792 1172 1815 tantes
1195 1788 1221 1814 in
1236 1787 1398 1820 Jerusalem,
1416 1787 1458 1815 sic
1476 1787 1589 1815 stillabit
1601 1788 1680 1816 furor
1693 1796 1774 1816 meus
1792 1797 1871 1823 super

1082 1841 1141 1865 vos,
1158 1840 1220 1860 eum
1234 1833 1347 1868 ingressi
1360 1833 1428 1861 estis
1443 1833 1469 1860 in
1483 1832 1630 1868 Egyptum
1643 1841 1650 1859 :
1667 1839 1694 1861 et
1702 1834 1784 1862 eritis
1797 1835 1836 1870 (α)
1847 1836 1870 1862 iu

1082 1878 1254 1911 deletionem,
1269 1883 1296 1906 et
1317 1878 1440 1913 subjecti,
1452 1883 1478 1906 et
1494 1879 1521 1905 in
1542 1879 1772 1913 maledictionem,
1793 1886 1822 1908 et
1847 1881 1869 1907 in

1081 1924 1280 1959 opprobrium,
1315 1929 1342 1952 et
1370 1932 1424 1951 non
1466 1924 1593 1952 videbitis
1628 1925 1747 1960 amplius
1782 1926 1869 1954 locum

1081 1969 1164 2002 hunc,
1196 1970 1237 1997 t9.
1270 1969 1317 2004 (ιι)
1347 1970 1417 2004 quod
1446 1970 1552 1997 loeutus
1582 1974 1625 1998 est
1652 1970 1788 1999 Dominus
1827 1981 1870 2000 su-

1081 2021 1129 2048 per
1149 2021 1198 2042 vos
1219 2014 1343 2042 residuos
1352 2013 1437 2046 Iudae,
1456 2022 1490 2042 ne
1507 2015 1695 2049 ingrediamini
1723 2016 1751 2043 iu
1774 2016 1871 2052 Egyp-

1081 2064 1138 2087 tum
1173 2069 1180 2087 :
1206 2064 1244 2088 vet
1276 2068 1350 2088 nunc
1390 2061 1579 2095 cognoscendo
1613 2062 1809 2096 cognoscetis,
1840 2064 1868 2096 Ξῖ(

1073 2102 1154 2140 ’ψιοά
1169 2110 1340 2133 conteSIalus
1355 2113 1415 2133 sum
1427 2114 1475 2133 vos
1487 2106 1585 2139 hodie;
1600 2106 1636 2134 20
1649 2108 1713 2142 quia
1728 2109 1739 2143 ζ
1754 2108 1792 2144 (r)
1806 2109 1870 2136 male

1081 2151 1184 2178 fecistis
1200 2151 1226 2178 in
1244 2151 1343 2178 animis
1356 2151 1463 2183 vestris,
1481 2152 1515 2185 >ε<
1531 2152 1577 2186 qui
1596 2160 1645 2179 vos
1663 2153 1674 2187 ζ
1693 2153 1815 2182 misistis
1833 2162 1870 2181 me

1082 2198 1115 2225 ad
1141 2197 1285 2225 Dominum
1304 2198 1387 2224 Deum
1411 2202 1543 2231 vestrum,
1564 2198 1711 2227 dicentes:
1742 2199 1800 2227 Ora
1825 2208 1870 2235 pro

1082 2244 1162 2271 nobis
1171 2244 1204 2270 ad
1218 2243 1362 2271 Dominum
1378 2243 1462 2271 Deum
1473 2249 1598 2276 nostrum
1614 2254 1621 2271 :
1634 2250 1662 2271 et
1674 2245 1754 2279 juxta
1768 2248 1869 2276 omnia,

1081 2297 1143 2324 qua:
1164 2289 1271 2317 locutus
1292 2289 1375 2317 fuerit
1392 2290 1439 2316 tibi
1463 2290 1593 2318 Dominus
1616 2290 1688 2318 Deus
1712 2296 1820 2323 noster,
1836 2293 1871 2319 sic

1082 2336 1214 2363 annuntia
1241 2336 1332 2369 nobis,
1361 2341 1388 2364 et
1414 2336 1557 2364 facietnns.
1583 2336 1630 2363 21.
1656 2337 1688 2363 Et
1709 2338 1870 2365 annuntiari

1083 2381 1160 2408 vobis
1186 2381 1278 2413 hodie,
1300 2387 1327 2409 et
1354 2389 1407 2409 non
1428 2382 1571 2409 audivistis
1590 2389 1681 2409 vocem
1700 2381 1812 2410 Domini
1830 2383 1871 2409 Dr-i

1084 2428 1176 2459 vestri,
1187 2428 1219 2460 Βία(
1229 2431 1254 2454 et
1265 2427 1342 2462 juxta
1355 2428 1477 2462 omniaz,
1487 2435 1548 2462 qua:
1567 2429 1641 2456 misit
1655 2436 1698 2456 me
1712 2429 1747 2456 ad
1764 2438 1817 2457 vos
1827 2431 1871 2465 (di.

1083 2474 1128 2501 92.
1148 2474 1180 2501 Et
1197 2476 1311 2508 nurth
1330 2474 1420 2502 fuistis
1432 2480 1643 2509 cognoscentes,
1656 2476 1729 2510 quod
1747 2477 1759 2510 ζ
1780 2477 1808 2503 in
1821 2477 1871 2512 gla-

868 2566 903 2602 (εξ)
929 2565 973 2598 Α.,
1000 2565 1135 2602 abierunt,
1165 2570 1191 2592 et
1215 2565 1343 2602 sederunt
1370 2565 1396 2591 in
1414 2564 1549 2602 _maceriis
1571 2564 1734 2602 Chamoabi,
1754 2574 1819 2601 qua:
1844 2575 1871 2593 ev

245 2600 361 2640 adierso
379 2604 543 2640 Dethlehem.
561 2603 612 2640 S..A
630 2600 691 2640 cum
720 2600 1044 2640 abiisscntﬁhabitarnunt
1068 2601 1094 2628 in
1112 2600 1395 2640 peregrinationibus,
1414 2600 1576 2640 in’eahquae
1589 2600 1825 2640 eranroaquua:
1844 2610 1872 2627 vx

246 2639 361 2666 adverso
381 2639 548 2666 Bethlehem.

246 2674 280 2709 (It;
300 2675 344 2707 A.,
363 2674 404 2705 S.,
421 2675 485 2709 quia
501 2673 656 2701 satisfactus
664 2680 735 2709 sunt:

244 2705 271 2736 et
286 2705 379 2736 sedere
391 2705 489 2736 faciam
504 2716 561 2736 vos.
601 2708 637 2742 (ο)
652 2708 698 2739 Α..
720 2706 760 2737 S.,
783 2714 848 2738 non,
863 2706 911 2733 sed
925 2706 951 2733 in
965 2711 1066 2742 terram
1075 2705 1194 2740 Egypti.

246 2745 278 2770 ad
294 2751 354 2771 esse
370 2744 537 2778 peregrinos.
555 2744 598 2774 S.,
614 2743 646 2769 ad
663 2742 900 2778 commorandum.

246 2777 387 2810 tinabitur,
405 2777 592 2806 adlueresceus
605 2777 690 2804 vobis.
729 2778 767 2811 (Γ)
785 2777 862 2808 S.,in
877 2782 962 2811 peste.

247 2813 473 2844 maledictionem,
490 2818 517 2840 et
532 2814 557 2840 in
571 2813 675 2844 sterile,
698 2818 724 2840 ct
737 2813 762 2838 in
774 2812 985 2845 execrationem,
1004 2817 1030 2838 et
1046 2813 1071 2838 in
1079 2811 1267 2845 opprobrium.

246 2846 284 2880 id)
301 2847 333 2874 Ut
348 2849 533 2881 paenitentiam
549 2848 644 2883 agatis.

586 2638 620 2672 (f)
644 2637 784 2668 Hananire,
810 2641 834 2663 et
864 2636 961 2663 Azaria
987 2636 1068 2672 ﬁlius.

1003 2778 1041 2810 (υ)
1057 2776 1101 2807 Α.,
1114 2776 1252 2807 residuus,
1269 2780 1295 2802 et
1311 2775 1414 2801 salvus.

1109 2634 1209 2670 (gn/1:.
1230 2635 1271 2666 S.,
1298 2643 1401 2662 verum.
1442 2634 1481 2669 (lt)
1505 2635 1634 2662 Jeremia.
1673 2636 1705 2668 (ἱ)
1736 2634 1870 2664 Vestram.

776 2672 806 2706 (ι)
826 2672 870 2703 Α.,
889 2671 922 2698 ad
937 2678 1031 2698 servau

1085 2675 1216 2707 nvos,ret
1230 2671 1263 2697 ad
1287 2670 1475 2707 redimendum
1491 2678 1548 2697 vos.
1588 2670 1635 2707 (in)
1653 2670 1732 2707 Ejus.
1774 2672 1816 2707 (η)
1832 2672 1871 2698 Α,.

1235 2706 1272 2740 (p)
1290 2705 1335 2737 4.,
1350 2704 1504 2742 S.,7cor_uu.»
1542 2706 1579 2742 (gl
1595 2704 1657 2732 llzec
1667 2706 1745 2732 dicit.
1780 2704 1871 2742 ‘(r)A.,

940 2741 972 2776 (ε)
986 2741 1032 2771 Α.,
1048 2741 1089 2773 8.,
1107 2741 1213 2767 solliciti
1225 2741 1302 2768 estis.
1341 2741 1373 2774 (t)
1388 2741 1428 2766 Ad
1449 2740 1620 2776 fugiendum.
1663 2742 1703 2774 (tt)
1720 2742 1765 2773 8.,
1783 2740 1872 2776 agglu-

1464 2776 1501 2809 (ς.)
1512 2775 1557 2806 (1.,
1569 2775 1674 2803 ell‘usus
1685 2781 1729 2803 est

1311 2778 1414 2801 salvus.
1464 2778 1729 2809 (zlthelfususest
1784 2778 1871 2810 (a).t.,

1308 2810 1345 2846 (ὁ)
1364 2809 1406 2842 S.,
1423 2810 1546 2838 verbum.
1586 2811 1621 2845 (ε)
1643 2810 1689 2844 Α.,
1712 2812 1870 2839 seduxistis.

1586 2811 1621 2845 (ε)
1643 2810 1689 2844 Α.,
1712 2812 1870 2839 seduxistis.
