1919 3077
227 135 298 162 2375

809 135 922 163 CODEX
945 133 1235 161 SYRO—HEXAPL.\R
1251 134 1278 161 S.

1786 137 1849 164 57.76

229 201 310 226 super
323 193 480 222 habitantes
493 195 561 228 Xin
574 199 645 222 terra
661 195 672 230 ζ
690 195 891 230 .Egypti,sicut
904 195 1011 223 visitavi
1028 197 1050 224 Α
1065 195 1098 222 ad
1112 195 1251 222 libandum
1267 195 1291 221 ci
1309 194 1435 221 libamina
1452 203 1459 221 :
1474 194 1512 230 (a)
1525 195 1708 230 permanendo
1723 203 1848 230 perman-

229 247 311 273 supcr
325 238 485 272 Jcru~alem,
498 241 525 267 in
536 241 636 276 gladio,
648 245 675 268 ct
686 241 712 267 in
727 240 809 273 fame,
826 246 853 268 et
867 241 893 268 in
906 246 993 268 morte
1005 249 1011 266 :

231 283 274 311 Η.
295 283 331 319 (q)
351 289 378 311 et
393 293 445 312 non
463 286 611 313 salvabitur
622 293 656 313 ne
674 285 784 324 quidem
804 286 886 313 homo
905 294 938 313 ex
955 286 1015 313 reli-

229 329 300 363 quiis
314 329 400 362 Jurlre,
413 331 459 365 qui
471 335 674 358 commorantur
684 332 717 366 Χ
729 331 766 358 ibi
782 332 793 366 ζ
809 331 835 358 in
849 335 920 359 terra
931 331 1014 367 [Egy-

229 375 280 409 pti,
295 374 329 401 ad
344 375 521 408 redeundum,
551 376 577 403 in
606 381 704 404 terram
732 376 820 409 Judze,
833 385 915 412 super
931 385 1012 412 quam

230 420 280 454 ipsi
298 426 407 454 sperant
423 421 566 449 animabus
580 422 638 449 suis
659 422 692 449 ad
708 423 908 455 revertendum,
931 422 963 450 ad
979 424 1013 456 Χ

230 463 406 491 habitandum
421 465 432 499 ζ
445 465 498 491 ibi:
512 473 564 492 non
581 470 760 499 revertentur,
775 468 809 501 (ν)
823 467 876 494 nisi
891 467 936 502 qui
950 475 1015 494 eva-

229 509 325 536 serint.
340 509 381 536 15.
397 510 430 536 Et
441 511 640 545 responderunt
653 511 777 539 Jeremia:
788 519 882 540 omnes
893 512 953 544 viri,
967 512 1014 547 qui

229 558 374 586 noverunt,
391 555 461 589 quod
479 555 618 583 adolerent
629 557 756 584 mulieres
771 564 866 584 eorum
880 558 932 585 diis
941 558 1012 590 aliis,

228 603 255 625 et
271 606 366 625 omnes
383 599 509 627 mulieres
528 602 561 635 Χ
579 605 683 629 stantes
700 603 729 637 ζ,
743 606 830 630 castus
845 610 970 637 magnus,
986 607 1014 629 et

229 644 318 671 omnis
331 644 446 678 populus
460 645 587 673 sedentes
598 646 624 673 in
638 651 709 674 terra
721 646 830 682 Egypti
847 647 872 674 in
886 644 1028 678 Patbros,‘

229 689 350 717 dicentes
365 698 371 716 :
391 690 424 717 16
441 690 569 724 Verbum,
588 693 660 727 quod
681 694 786 721 locutus
800 699 830 721 es
844 693 878 720 ad
898 701 948 721 nos
964 701 1014 721 no-

229 736 302 762 mine
317 735 434 769 Domini,
461 745 514 765 non
531 739 675 766 audiemus
692 744 735 773 te;
758 739 802 767 17.
819 740 949 774 quoniam
974 739 1014 767 fa-

229 781 325 808 ciendo
341 781 473 810 faciemus
487 791 569 811 omne
587 784 711 816 verbum.
727 785 799 819 quod
818 784 901 812 exibit
917 792 949 812 ex
966 792 1014 812 ore

229 833 334 861 nostro,
355 829 387 856 ad
403 830 566 858 adolendum
580 831 680 866 regina:
693 832 767 864 cteli,
780 836 806 859 et
823 831 855 858 ad
873 831 1011 859 libandum

228 875 252 900 ei
272 874 412 908 libamina,
430 877 502 911 quod
520 876 634 904 fecimus
646 885 707 908 nos,
721 881 748 904 et
762 882 853 912 patres
867 877 964 910 nostri,
985 882 1012 904 et

229 927 305 953 reges
328 921 423 952 nostri,
440 924 465 948 et
477 921 614 956 principes
633 922 729 955 nostri,
754 923 780 950 in
798 922 911 950 urbibus
925 922 1011 956 Judte,

229 965 263 1000 (ε)
279 970 305 992 ct
320 971 394 993 cxtra
407 965 556 994 Jerusalem
574 976 581 994 :
602 971 630 994 et
643 967 755 995 saturati
775 974 870 994 sumus
885 968 1010 1002 panibus,

228 1015 255 1037 ct
273 1010 336 1038 facti
354 1019 448 1039 sumus
471 1012 545 1045 boni,
568 1018 595 1040 et
616 1013 686 1040 mala
705 1020 758 1040 non
775 1013 903 1040 vidimus.
920 1012 962 1040 18.
980 1013 1013 1040 Et

228 1063 289 1083 cum
305 1056 473 1083 cessavimus
489 1056 628 1085 adolentes
640 1058 739 1093 reginae
749 1058 820 1091 caeli,
838 1059 872 1091 >ε<
887 1063 913 1085 et
930 1058 1012 1085 libare

228 1101 252 1127 ei
269 1101 398 1128 libamina
416 1102 447 1136 ζ,
469 1101 605 1135 imminuti
627 1110 723 1131 sumus
739 1110 846 1134 omnes.
869 1108 895 1130 ct
913 1103 940 1130 in
956 1104 1013 1138 gla-

228 1144 285 1176 dio,
302 1149 328 1172 et
342 1146 368 1172 in
384 1146 453 1172 fame
473 1146 633 1174 defecimus.
654 1147 694 1174 [9.
711 1147 744 1174 Et
762 1148 834 1182 quod
853 1156 902 1175 nos
918 1148 1012 1175 adole-

229 1197 290 1217 mus
307 1190 406 1225 regina:
421 1192 492 1225 creli,
508 1197 534 1220 et
544 1192 660 1220 libamus
673 1194 697 1220 ei
715 1194 855 1227 libamina,
872 1202 936 1222 num
953 1195 1013 1222 sine

229 1235 294 1263 viris
302 1237 402 1279 nostris
410 1237 525 1266 fecimus
532 1238 555 1265 ei
565 1239 712 1273 placentas,
725 1242 758 1274 Ἃ(
770 1240 802 1275 (ι)
812 1245 838 1267 et
846 1240 930 1268 sobba
944 1241 976 1276 (‘)
987 1241 1011 1276 ζ,

227 1285 255 1308 et
269 1281 413 1309 libavimus
423 1282 447 1309 ei
466 1283 614 1311 libamina?
628 1284 672 1312 20.
685 1285 717 1312 Et
731 1285 797 1312 dixit
809 1285 925 1313 Jeremia
938 1287 1012 1313 omni

228 1327 338 1361 populo,
354 1327 393 1362 (τι)
409 1329 573 1362 potentibus,
592 1334 619 1356 et
636 1330 806 1364 mulieribus,
825 1337 851 1359 ct
868 1331 942 1358 omni
965 1339 1013 1367 po-

229 1373 303 1407 pulo,
321 1374 368 1408 qui
381 1375 582 1409 responderunt
594 1376 619 1402 ei
635 1376 727 1409 verba,
742 1377 835 1405 dicens
852 1387 857 1404 :
873 1377 903 1404 2i
918 1376 1013 1405 Nonne

228 1424 391 1450 aromatum.
401 1427 461 1454 qua:
468 1420 624 1450 adolevistis
634 1421 663 1450 in
671 1423 785 1450 urbibus
796 1423 882 1457 Iudae,
895 1429 922 1451 ct
936 1430 1012 1452 extra

227 1461 389 1497 Jerusalem,
408 1472 467 1497 vos,
483 1471 508 1493 et
527 1471 617 1501 patres
636 1468 729 1500 vestri,
745 1473 772 1496 et
789 1477 866 1504 reges
880 1471 973 1503 vestri,
985 1475 1013 1497 ct

1065 240 1139 267 sistis
1158 240 1185 267 iu
1203 239 1422 267 confessionibus
1439 240 1546 272 vestris,
1566 244 1592 268 et
1608 239 1733 267 faciendo
1750 240 1848 268 fecistis

1064 291 1127 313 vota
1145 290 1244 313 vestra.
1270 285 1315 312 26.
1340 285 1452 320 Propter
1471 285 1523 312 hoc
1538 286 1630 313 audite
1650 285 1764 313 verbum
1797 286 1847 313 Do-

1065 331 1130 358 mini
1145 331 1234 358 omnis
1247 329 1351 363 Iudaea,
1368 330 1493 358 sedentes
1508 331 1535 358 in
1547 335 1619 358 terra
1636 330 1748 366 Egypti
1763 341 1769 357 :
1783 331 1846 359 Ecu

1062 375 1152 410 juravi
1175 375 1202 402 in
1229 375 1336 402 nomine
1359 381 1420 401 meo
1447 382 1556 409 magno,
1579 375 1643 402 dicit
1671 375 1804 403 Dominus
1818 383 1847 403 -ει-

1066 422 1136 448 Dcus
1153 422 1182 456 ζ,
1200 421 1222 448 si
1239 421 1290 448 erit
1305 420 1421 455 amplius
1437 428 1534 448 nomen
1548 428 1636 447 meum
1652 421 1847 454 Xinvocatum

1067 467 1116 501 :iu
1136 474 1183 494 ore
1195 466 1331 500 omnisx
1351 465 1401 492 viri
1419 466 1430 500 ζ
1449 464 1527 492 Judae
1541 465 1574 492 ad
1591 466 1735 493 dicendum
1751 475 1758 493 :
1779 465 1849 493 Vivit

1065 512 1196 539 Dominus
1216 511 1348 538 Dominus
1360 511 1387 537 in
1401 511 1474 538 omni
1494 515 1566 538 terra
1581 511 1701 546 AZgyptL
1715 511 1763 538 27.
1776 511 1849 544 Quo-

1064 558 1136 584 niam
1157 565 1220 585 ecce
1238 564 1288 591 ego
1304 556 1413 590 vigilavi
1433 563 1514 590 super
1527 563 1584 587 eos,
1601 556 1636 583 ad
1657 556 1725 583 male
1748 555 1850 583 facien»

1064 602 1127 630 dum
1141 602 1190 635 eis,
1202 605 1228 628 et
1241 608 1294 628 non
1307 601 1340 628 ad
1353 601 1420 628 bene
1432 600 1583 627 faciendum
1597 610 1603 628 :
1616 606 1642 628 et
1653 607 1849 629 consumentur

1064 649 1154 676 omnis
1174 650 1207 682 Χ
1222 647 1263 674 vir
1279 646 1355 674 Iudae
1373 647 1404 681 ζ,
1417 647 1462 680 qui
1476 653 1507 673 -t—
1522 647 1674 674 habitantes
1695 647 1707 681 ζ
1721 647 1749 673 in
1778 651 1848 674 terra

1065 692 1185 728 Egypti,
1206 692 1232 718 in
1251 691 1352 726 gladio,
1373 695 1400 717 et
1425 689 1452 716 in
1477 689 1557 722 fame,
1579 691 1666 717 donec
1687 689 1847 718 defecerint.

1063 739 1107 766 28.
1124 738 1156 765 Ει
1171 737 1217 772 qui
1234 737 1372 763 evaserint
1385 743 1399 762 a
1417 735 1516 770 gladio,
1537 739 1707 762 revertentur
1723 743 1757 762 ex
1780 741 1848 762 terra

1064 783 1181 818 Egypti.
1196 782 1222 808 in
1235 787 1333 809 terram
1348 780 1434 811 Iudae,
1447 781 1480 814 >ε<
1492 780 1541 806 viri
1559 780 1570 814 ζ
1587 781 1665 814 pauci
1681 788 1811 813 numero,
1825 787 1850 806 et

1064 831 1228 863 cognoscent
1243 833 1338 854 omnes
1356 825 1457 853 residui
1471 824 1547 852 Judte
1560 825 1595 860 (ιι)
1609 826 1656 859 qui
1670 833 1847 853 commoran-

1064 877 1108 900 tur
1123 873 1149 900 in
1163 877 1234 900 terra
1246 871 1365 908 Egypti,
1382 871 1415 898 ad
1433 870 1608 898 habitandum
1621 870 1667 901 ihi,
1685 871 1718 903 Χ
1737 871 1848 897 verbum

1062 918 1140 953 cujus
1159 918 1341 953 permanebit,
1362 924 1376 943 a
1396 924 1449 949 me,
1471 916 1562 943 autab
1577 916 1616 943 eis
1631 916 1658 950 ζ,
1675 916 1720 942 29.
1745 916 1779 942 Et
1801 917 1849 943 hoc

1062 962 1140 989 vobis
1169 962 1287 996 signum,
1308 961 1373 988 dicit
1394 960 1533 991 Dominus,
1551 960 1614 994 quia
1650 960 1772 987 visitabo
1802 969 1849 994 ego

1063 1015 1143 1042 super
1158 1015 1206 1034 vos
1221 1009 1254 1041 >ε<
1274 1007 1300 1034 in
1315 1007 1375 1033 loco
1391 1006 1442 1033 hoc
1455 1005 1501 1040 (ε),
1520 1009 1550 1032 ut
1568 1005 1670 1038 sciatis,
1691 1005 1766 1040 quod
1787 1013 1850 1032 con-

1063 1054 1184 1081 sistendo
1200 1053 1350 1080 consistant
1368 1052 1449 1079 verba
1466 1058 1525 1079 mea
1539 1059 1620 1085 super
1633 1058 1680 1078 vos
1701 1052 1712 1086 ζ
1728 1052 1756 1078 iu
1770 1053 1848 1080 mala.

1062 1100 1106 1127 50.
1121 1099 1164 1126 Sic
1177 1099 1244 1126 dixit
1257 1098 1387 1126 Dominus
1404 1107 1411 1125 :
1425 1097 1493 1124 Ecce
1507 1105 1556 1132 ego
1567 1097 1601 1124 do
1625 1097 1800 1126 Pharaonem
1814 1100 1849 1134 (ά)

1062 1146 1180 1180 Ophram
1203 1152 1291 1178 regem
1308 1143 1416 1178 {Egypti
1442 1144 1468 1171 in
1488 1151 1586 1170 manus
1607 1144 1712 1171 inimici
1728 1144 1804 1179 ejus,
1825 1150 1850 1172 et

1063 1190 1089 1216 in
1113 1196 1211 1215 manus
1230 1189 1408 1223 quasrentium
1420 1188 1539 1215 animam
1553 1188 1626 1223 ejus,
1640 1189 1714 1216 sicut
1724 1189 1789 1216 dedi
1803 1190 1850 1217 Se-

1062 1235 1166 1262 deciam
1185 1241 1274 1268 regem
1292 1232 1367 1260 Iuda:
1386 1233 1412 1260 in
1439 1242 1548 1261 manum
1570 1234 1850 1263 Nabuchodonosoris

1063 1282 1136 1317 regis
1151 1281 1293 1316 Babylonis
1312 1281 1414 1308 inimiri
1433 1281 1502 1316 ejus,
1516 1285 1543 1308 et
1559 1283 1707 1317 quzerentis
1728 1281 1849 1309 animam

1063 1328 1133 1364 cjus.

1097 1373 1163 1408 Cap.
1177 1372 1256 1400 XLV.
1274 1387 1307 1392 —
1321 1373 1346 1400 Ι.
1366 1373 1494 1405 Verbum,
1510 1373 1581 1408 quod
1599 1373 1709 1400 locutus
1721 1379 1765 1402 est
1779 1374 1849 1402 Jure-

1064 1419 1116 1445 mia
1133 1419 1263 1453 propheta
1278 1417 1310 1445 ad
1327 1418 1432 1445 Baruch
1449 1418 1532 1445 filium
1544 1417 1640 1450 Neriaa,
1653 1419 1768 1454 quando
1787 1422 1849 1447 scri-

1063 1463 1115 1498 psit
1133 1464 1212 1490 verba
1231 1463 1287 1490 hate
1301 1463 1326 1490 in
1343 1463 1412 1490 libro
1428 1471 1460 1490 ex
1480 1471 1528 1491 ore
1541 1462 1665 1491 Jeremiae
1681 1464 1716 1499 (ε)
1732 1465 1848 1502 in‘anno

228 1509 365 1544 principes
384 1511 477 1543 vestri,
494 1516 521 1539 et
543 1513 658 1547 populus
674 1518 761 1546 terrm,
782 1515 816 1549 Ἀ(
829 1522 922 1543 eorum
940 1516 951 1551 ζ
969 1524 1012 1543 το-

1065 1515 1160 1544 quarto
1174 1508 1277 1536 Joacim
1294 1510 1340 1536 ﬁlii
1355 1509 1437 1536 Josize
1457 1509 1527 1544 regis
1545 1508 1632 1541 Iudae,
1651 1511 1684 1543 >ε<
1700 1509 1824 1544 dicens:
1841 1519 1847 1537 :

229 1554 358 1582 cordatus
373 1559 415 1582 est
435 1555 578 1590 Dominus,
595 1562 622 1584 et
635 1558 756 1586 ascendit
771 1566 854 1593 super
874 1567 921 1586 cor
933 1559 1012 1595 ejus?

230 1601 268 1634 (ω)
284 1600 317 1627 Et
338 1608 392 1628 non
412 1601 499 1636 potuit
516 1601 647 1630 Dominus
668 1603 786 1637 amplius
804 1603 874 1631 ferre
898 1604 931 1630 ab
950 1609 1013 1632 ante

231 1646 327 1674 faciem
352 1647 462 1674 malitia:
481 1647 519 1683 (ῃ)
538 1655 649 1683 operum
663 1654 828 1682 vestrorum,
847 1654 874 1678 et
890 1651 924 1677 ab
944 1651 1011 1678 abo-

229 1692 434 1725 minationibus,
448 1700 516 1728 quas
529 1692 630 1721 fecistis
644 1703 650 1719 .
664 1698 691 1720 et
701 1693 771 1721 facta
782 1699 824 1721 est
839 1699 910 1722 terra
923 1701 1012 1724 vestra

229 1737 256 1764 in
272 1738 464 1770 vastationem,
481 1742 508 1764 et
524 1738 550 1764 in
570 1746 624 1765 non
641 1739 747 1771 tritum,
760 1743 788 1766 et
802 1738 828 1766 iu
845 1740 1013 1768 maledictio-

230 1790 302 1814 ncm,
320 1784 353 1816 ἃ(
364 1790 397 1810 eo
414 1783 486 1817 quod
500 1791 552 1810 non
567 1783 602 1810 sit
619 1784 744 1810 habitans
759 1784 786 1818 ζ,
804 1784 875 1811 sicut
889 1785 932 1812 die
949 1786 1011 1819 hoc,

228 1828 274 1855 25.
283 1828 317 1855 ab
329 1832 390 1856 ante
403 1828 497 1856 facient
509 1836 614 1861 eorum,
627 1836 686 1864 quae
694 1829 859 1863 adolevistis,
869 1835 894 1857 ct
905 1839 1011 1864 eorum,

229 1882 289 1908 quae
300 1874 433 1908 peccastis
447 1874 568 1901 Domino.
585 1873 617 1900 Et
628 1882 680 1901 non
692 1874 834 1902 audivistis
851 1883 942 1902 vocem
961 1876 1012 1902 Do-

229 1919 306 1945 mini.
319 1919 381 1946 etin
397 1919 453 1953 lege
469 1918 538 1952 ejus,
550 1919 611 1945 etin
625 1919 765 1953 praeceptis
779 1919 837 1953 ejus
854 1923 881 1946 et
894 1921 919 1946 in
936 1921 1013 1947 testi-

230 1961 329 1989 moniis
337 1960 398 1996 ejus
409 1969 464 1989 non
478 1961 640 1989 ambulaslis
653 1967 694 1989 :et
704 1968 811 1997 propter
827 1962 877 1989 hoc
888 1969 1010 1990 assecuta

227 2010 348 2034 suntvos
359 2007 429 2033 mala
438 2007 505 2039 haec,
516 2008 549 2040 κ
558 2007 629 2034 sicut
637 2008 679 2034 die
690 2008 740 2034 hoc
750 2008 772 2042 ζ.
784 2008 817 2035 24
827 2007 858 2034 Ει
866 2007 1012 2035 dixitJerc—

228 2052 282 2078 mia
298 2052 372 2078 omni
390 2052 499 2087 populo,
510 2053 543 2085 ῖς(
561 2058 588 2079 et
600 2053 747 2087 omnibus:
768 2053 942 2081 mulieribus:
953 2055 1011 2081 Au-

1061 1556 1089 1582 2.
1102 1555 1147 1582 Sic
1159 1555 1226 1582 dixit
1240 1555 1371 1582 Dominus
1383 1555 1453 1582 Deus
1465 1555 1568 1582 lsraclis
1581 1562 1662 1590 super
1674 1559 1709 1586 te.
1721 1555 1845 1583 Barueh:

1062 1601 1088 1627 5.
1106 1600 1202 1627 Dixisti
1228 1609 1235 1628 :
1260 1600 1306 1628 Vae
1331 1601 1407 1632 mihi,
1438 1608 1478 1627 va
1498 1600 1583 1633 mihi;
1612 1600 1676 1635 quia
1704 1600 1846 1632 addidisti,

1063 1645 1185 1678 Domine,
1202 1645 1234 1681 (Γ)
1246 1646 1366 1673 laborem
1388 1653 1470 1680 super
1492 1646 1612 1673 dolorem
1633 1653 1724 1672 meum
1753 1655 1760 1672 :
1784 1647 1848 1673 dor-

1063 1691 1127 1718 mivi
1156 1692 1182 1718 in
1205 1691 1341 1726 suspiriis,
1369 1695 1396 1718 et
1420 1691 1540 1725 requiem
1562 1699 1616 1718 non
1632 1691 1736 1719 inveni.
1762 1692 1790 1719 4.
1804 1692 1848 1719 Sic

1062 1737 1106 1765 dic
1130 1737 1154 1764 ei
1180 1746 1187 1764 ι
1215 1736 1261 1764 Sic
1285 1736 1352 1763 dixit
1374 1736 1504 1764 Dominus
1526 1745 1532 1763 :
1557 1736 1625 1764 Ecce
1650 1737 1686 1772 (g)
1707 1737 1767 1764 haec
1788 1745 1848 1771 qua:

1062 1782 1202 1813 aediﬁcavi,
1228 1788 1278 1816 ego
1293 1781 1442 1812 destruam,
1466 1785 1493 1808 et
1508 1781 1547 1813 (Ir;
1560 1782 1618 1808 hate
1633 1788 1694 1815 qua:
1712 1781 1846 1815 plantavi,

1062 1835 1111 1862 ego
1127 1827 1251 1858 evellam,
1268 1828 1339 1860 Xet
1355 1833 1461 1853 omnem
1479 1832 1577 1853 terram
1594 1825 1690 1860 illam:
1711 1835 1718 1852 :
1736 1826 1765 1852 5.
1781 1831 1809 1853 et
1821 1832 1846 1853 tu

1062 1879 1166 1907 queres
1185 1871 1232 1898 tibi
1249 1871 1366 1906 magna?
1385 1879 1418 1898 ne
1437 1879 1560 1906 qureras;
1579 1871 1642 1905 quia
1661 1878 1726 1898 ecce
1741 1878 1794 1906 ego
1808 1872 1849 1898 in-

1062 1917 1132 1944 duco
1148 1917 1217 1943 mala
1241 1924 1322 1951 super
1339 1923 1447 1943 omnem
1465 1923 1584 1948 carnem,
1598 1916 1664 1942 dicit
1682 1915 1822 1943 Dominus
1839 1925 1847 1943 ι

1062 1967 1089 1990 et
1105 1962 1175 1990 dabo
1201 1963 1234 1996 >ξ<
1253 1963 1326 1997 tibi:
1356 1962 1473 1989 animam
1498 1966 1571 1988 tuam
1597 1962 1627 1997 (ἱ)
1649 1962 1794 1990 inventum
1821 1963 1846 1990 ia

1062 2009 1136 2035 omni
1151 2009 1221 2040 loco,
1238 2016 1410 2043 quocumque
1426 2008 1506 2034 iveris
1521 2007 1569 2033 ibi.

1097 2054 1163 2088 Cap.
1177 2053 1268 2080 XLVI.
1283 2054 1355 2080 -1,
1371 2053 1497 2085 Verbum,
1513 2053 1583 2087 quod
1598 2052 1697 2079 factum
1711 2058 1754 2080 est
1767 2061 1781 2080 a
1797 2052 1846 2079 Do-

227 2095 283 2122 dite
295 2095 406 2123 verbum
415 2095 531 2128 Domini,
545 2098 577 2130 )9:
588 2099 676 2124 omnis
684 2096 838 2132 Judaea,qui
849 2099 875 2125 in
884 2103 954 2126 terra
964 2098 1011 2125 ΑΞ-
1062 2099 1137 2126 mino
1153 2098 1186 2125 ad
1201 2098 1346 2125 Jeremiam
1363 2100 1396 2132 3K
1407 2099 1563 2133 prophetam
1576 2099 1587 2132 ζ
1606 2098 1640 2133 (Ir)
1653 2106 1737 2132 super
1750 2106 1847 2125 omnes

227 2142 300 2176 gypti
312 2142 335 2176 ζ.
348 2141 394 2168 25.
411 2141 456 2169 Sic
466 2141 534 2169 dixit
546 2143 677 2170 Dominus
687 2143 817 2170 virtutum
833 2144 903 2172 Deus
923 2145 1011 2172 lsrac-
1062 2149 1166 2179 gentes.
1182 2144 1209 2170 ἓ.
1223 2143 1338 2179 Egypto
1353 2152 1434 2178 super
1448 2148 1607 2178 potestatem
1623 2142 1779 2170 Pharaonis
1795 2143 1848 2170 Ne

227 2187 417 2221 lis,)s(diccns
431 2187 458 2222 ξι
472 2185 536 2219 Vos,
547 2187 711 2214 etmulicres
725 2192 819 2215 vestrae
830 2188 928 2216 locutae
944 2190 1011 2216 estis
1028 2181 1048 2208 Ῑ)
1063 2191 1133 2218 chao
1157 2190 1228 2224 regis
1244 2189 1363 2225 Egypti,
1382 2189 1413 2223 (Ι)
1425 2190 1470 2224 qui
1487 2194 1546 2216 erat
1564 2196 1647 2223 super
1660 2188 1778 2215 ﬂuvium
1795 2188 1848 2215 Eu-

228 2233 254 2259 in
276 2240 323 2259 ore
335 2238 435 2264 vestro,
454 2236 480 2258 et
495 2232 521 2258 in
538 2232 663 2259 manibus
680 2233 776 2260 vestris
789 2233 959 2269 implevistis,
972 2235 1013 2262 di-
1061 2238 1183 2271 phratem
1204 2237 1229 2261 in
1243 2235 1444 2267 (Iharchemus,
1462 2243 1542 2270 quem
1554 2233 1851 2269 percussitNabucho-

231 2282 322 2306 centes
335 2287 341 2305 :
355 2277 488 2305 Faciendo
500 2277 632 2305 faciemus
644 2278 680 2313 μ)
694 2279 880 2307 corifessiones
892 2284 1011 2312 nostras,
1061 2281 1181 2308 donosor
1204 2288 1250 2307 rex
1265 2279 1409 2315 Babylonis
1431 2281 1458 2307 in
1482 2288 1552 2307 anno
1565 2285 1662 2314 quarto
1673 2279 1783 2307 Joacim
1803 2280 1850 2306 filii

226 2330 295 2356 quas
316 2322 450 2350 confessae
467 2331 572 2355 sumus,
589 2323 622 2350 ad
647 2323 809 2351 adolendum
827 2325 882 2359 regi
898 2325 968 2358 cmli,
986 2332 1013 2352 et
1061 2325 1143 2353 .losize
1168 2326 1238 2360 regis
1260 2324 1346 2352 Iudae.
1365 2326 1391 2352 5.
1410 2325 1457 2360 (m)
1472 2325 1568 2352 Tollite
1583 2332 1670 2356 arma,
1693 2328 1721 2351 et
1744 2329 1824 2351 scuta
1843 2333 1848 2349 ε

264 2400 298 2436 (η)
317 2399 363 2430 Α..
386 2403 420 2436 (ξιέ
440 2407 493 2436 non
507 2399 670 2436 eritsalvus:
686 2406 710 2427 et
726 2401 851 2428 residuus
869 2402 895 2428 in
915 2402 1032 2435 reliquiis
1048 2401 1133 2430 Judzc.
1151 2403 1196 2436 qui
1214 2403 1333 2435 veniunt,
1349 2408 1374 2429 ut
1387 2401 1585 2435 sintperegriui
1602 2401 1648 2428 ibi.

227 2434 422 2470 liotniltestqtti
437 2433 574 2470 fugerunt.
588 2435 636 2470 iis)
652 2434 692 2467 S.,
706 2442 730 2462 et
746 2436 771 2462 iu
794 2437 898 2470 plateis.
920 2436 951 2463 Et
965 2433 1090 2464 mulieres
1107 2433 1242 2464 tliverunt.
1280 2438 1311 2470 (ι)
1328 2433 1372 2468 ξι,
1386 2438 1411 2463 in
1425 2433 1494 2463 nulla
1510 2433 1663 2463 affectione.
1743 2438 1852 2470 sculpto

226 2470 295 2504 ejus.
312 2469 343 2503 (')
357 2469 490 2496 0135066:
503 2469 574 2503 apud
587 2469 693 2503 Montf.,
703 2479 752 2497 vox
769 2469 866 2506 ignotae
885 2472 950 2498 mihi
964 2472 1091 2499 notionis.
1111 2471 1209 2507 [Σάϐϐα
1219 2472 1396 2507 desumptum_
1403 2477 1445 2498 est
1454 2478 1469 2498 e
1482 2472 1605 2498 versione
1618 2471 1781 2506 Symmachi
1795 2469 1850 2504 qui.

226 2515 256 2536 ut
270 2517 322 2536 non
336 2516 408 2545 raro,
417 2509 503 2545 ipsam
517 2509 685 2545 transcripsit
700 2504 794 2545 graecis
809 2510 948 2545 elementis
963 2519 1056 2538 vocem
1069 2504 1171 2539 Hebraei
1185 2516 1284 2543 textus,
1295 2504 1407 2543 narra-t5
1417 2511 1530 2545 (absque
1546 2504 1670 2545 mappiq),
1682 2512 1808 2545 proprie.
1819 2511 1851 2537 ad

225 2543 490 2580 idololatrandum.A
501 2544 608 2580 nomine
620 2543 721 2576 dum,
736 2544 818 2571 idola.
832 2543 894 2572 "th
906 2545 942 2572 ita
960 2552 1152 2580 nuncupantur
1165 2547 1191 2573 in
1206 2547 1340 2580 scriptura
1357 2555 1371 2573 a
1387 2543 1496 2573 nomine
1507 2551 1572 2576 πυ.
1589 2543 1784 2578 Vdolorplab‘or.
1797 2547 1852 2573 sive

225 2580 297 2616 quod
314 2578 518 2616 doloriﬁcqsint
533 2579 687 2616 cultoribus
695 2580 767 2616 suis.
777 2580 843 2611 sive,
858 2580 934 2616 juxta
951 2578 1110 2613 nonnullius,
1122 2582 1194 2616 quod
1207 2578 1270 2616 cruri
1292 2589 1356 2616 cura
1374 2581 1424 2606 sint
1444 2581 1589 2607 elaboratu.
1604 2579 1636 2607 Et
1651 2582 1691 2607 sic
1713 2581 1852 2615 intelliges

226 2613 358 2640 rationem
379 2613 481 2647 Aquila:
493 2618 519 2639 et
535 2613 688 2648 Symmachi
708 2613 916 2642 lectiounm’hic
926 2616 1082 2643 allaturum.
1105 2613 1221 2676 Dinon.)
1258 2616 1295 2651 (τι)
1313 2615 1354 2648 S.,
1368 2623 1449 2649 super
1463 2615 1545 2647 viros,
1561 2619 1588 2642 et
1603 2623 1686 2649 super
1703 2613 1849 2643 lnuliercs.

226 2649 264 2676 (π)
277 2647 318 2676 S..
334 2653 421 2674 etnon
439 2655 468 2674 se
480 2648 693 2675 acmmmmlavit
709 2649 824 2676 amplius
835 2651 867 2676 ad
881 2651 1080 2676 reinittendum.
1120 2652 1156 2676 (ui
1173 2651 1208 2676 Re
1221 2651 1294 2676 iuni:
1327 2651 1490 2676 studiorum.
1529 2651 1565 2676 la)
1583 2651 1628 2676 Α..
1641 2649 1684 2676 8..
1705 2656 1770 2676 vola
1789 2658 1849 2676 nos-

226 2649 264 2682 (17)
277 2647 318 2677 S..
334 2653 360 2674 et
370 2655 422 2686 non
439 2655 468 2674 se
480 2647 693 2686 accommodavit
709 2649 824 2686 amplius
835 2651 867 2676 ad
881 2651 1080 2677 reinittcndum.
1120 2652 1156 2686 (y)
1173 2647 1294 2685 Reliqui}
1314 2647 1490 2686 rstudiorum.
1529 2651 1569 2686 (si)?
1583 2647 1684 2686 A.,S.,
1700 2656 1770 2686 ννυιει
1789 2658 1851 2677 nos-

225 2689 349 2720 tra,qua:
359 2682 509 2720 vovimu‘st
537 2683 575 2717 (α)
590 2682 634 2720 ᾼ.,
648 2683 838 2720 constituendo
854 2685 1044 2712 constituistis.
1083 2685 1120 2719 (b)
1130 2682 1187 2717 '21.,
1197 2682 1243 2720 qui
1260 2685 1371 2720 veniunt
1386 2686 1412 2712 in
1425 2690 1524 2711 terram
1534 2682 1659 2720 Ἀίδῃ)ιῇ
1672 2685 1706 2712 ad
1722 2693 1850 2712 commo-

226 2716 340 2755 randum
359 2717 407 2744 ibi.
445 2716 529 2755 (c)_|n
542 2716 631 2745 'mala.
670 2718 707 2752 (rt)
725 2718 810 2755 Super
823 2718 951 2753 Oplnam.
965 2721 1012 2746 01‘.

1065 2716 1116 2751 Ἦ(
1130 2716 1243 2754 Uuphre.
1281 2721 1314 2752 (ei
1331 2719 1359 2746 In
1377 2724 1476 2754 quarto
1496 2716 1706 2746 anuo'.I'o':Icimi.
1749 2720 1785 2755 (ί)
1805 2721 1848 2747 Α..

226 2753 362 2789 miseriam
383 2758 465 2789 super
480 2752 600 2789 dolorem
623 2760 723 2779 meum.
762 2752 855 2789 (gift,
871 2754 929 2781 hos.
968 2755 1005 2786 (In
1021 2755 1066 2786 A.,
1081 2756 1139 2782 hos.
1170 2752 1210 2789 (ἡ)
1227 2755 1271 2786 Α.,
1288 2755 1314 2781 in
1330 2752 1458 2789 prteilam.
1497 2754 1532 2789 (k)
1555 2755 1643 2788 Super
1663 2752 1768 2782 omnes
1785 2763 1850 2788 grti-

225 2792 275 2824 tes.
287 2786 404 2820 [Egypto
423 2785 529 2814 Nechao
542 2794 587 2814 rex
604 2795 674 2814 anno
687 2785 785 2823 quarto
799 2788 923 2816 Jo.icimi.
966 2789 996 2823 (ί)
1011 2785 1110 2824 8.,ηυί
1128 2785 1233 2818 vicinus
1247 2790 1307 2817 fuit.
1330 2785 1393 2825 '(m)
1422 2789 1466 2822 Α.,
1489 2785 1616 2816 ordinate
1631 2797 1679 2817 vos
1699 2791 1726 2817 in
1746 2785 1849 2826 clypeo.

224 2826 249 2846 ct
263 2828 289 2846 ιιι
307 2829 332 2847 5k
338 2826 393 2847 uto.

1688 2401 1722 2436 (r)
1739 2401 1783 2433 S.,
1801 2402 1851 2428 nisi
