1919 3077
101 100 180 128 2385

748 102 904 130 JlillEMlE
925 101 1037 131 CAPUT
1063 104 1093 130 L.

1661 101 1731 133 2386

104 167 211 189 rentes.
240 161 266 188 5.
279 161 372 196 Usque
391 161 424 188 ad
453 162 562 189 Sioncm
590 163 793 197 intcrrogabunt
811 163 894 194 viam,
913 164 931 191 Α
949 162 1090 189 restituam
1108 162 1232 189 lsraclcm
1252 162 1277 188 in
1292 169 1421 196 pascuum
1439 171 1529 196 suum,
1545 169 1572 192 ct
1590 170 1681 199 pascet
1702 166 1729 193 in

104 207 145 243 (Ις)
164 208 209 235 hic
229 208 302 235 enim
324 208 419 236 faciem
445 216 522 236 suam
540 215 569 235 -ε-
594 208 625 242 (l)
642 207 744 235 dabunt
759 209 782 242 ζ,
801 213 827 236 et
846 216 892 236 ve-

105 254 195 284 nient.
215 258 243 281 et
268 253 426 289 confugient
452 254 485 281 ad
509 254 673 285 Dominum;
701 258 891 281 testamentum

104 299 182 326 enim
202 304 333 327 aeternum
351 307 404 326 non
423 299 552 327 oblivioni
568 299 699 327 tradetur.
711 300 737 326 6.
753 302 821 327 Oves
832 307 892 334 per-

104 344 172 371 diue
191 344 279 372 factus
293 350 334 372 est
353 345 468 380 populus
486 352 573 375 meus.
591 348 713 379 pasmres
730 353 825 372 eorum
842 345 890 379 (m)

103 390 273 424 expulerunt
288 398 345 423 eos,
369 398 451 424 super
470 393 577 417 montes
593 389 631 425 (η)
649 389 816 416 seduxerunt
831 397 888 421 eos,

103 435 140 462 de
157 440 248 463 monte
263 444 346 471 super
361 437 457 464 collem
476 436 611 467 abierunt,
629 435 703 463 obliti
719 440 782 463 sunt
794 436 891 463 cubilis

103 482 160 508 sui.
176 482 200 509 7.
215 481 316 510 Omnes
332 483 501 510 invenientes
516 489 564 509 eos
578 485 808 516 consumpserunt
822 489 888 508 eos:

102 527 143 563 (ο)
159 527 262 555 inimici
279 535 372 556 eorum
387 529 514 556 dixerunt
528 537 534 556 :
550 527 588 556 Ne
604 528 747 562 quiescere
757 528 890 555 faciamus

102 579 164 604 eos,
180 580 230 606 pro
246 580 278 600 eo
290 573 362 608 quod
380 577 527 609 peccarunt
545 573 680 600 Domino:
697 572 735 607 (p)
756 581 888 607 pascuum

99 617 216 651 justitiae
230 619 266 649 ei,
280 619 325 653 qui
343 623 488 655 congregat
513 623 602 654 patres
624 626 728 650 eorum,
745 618 887 645 Dominus.

101 662 129 688 8.
148 663 185 697 (qi
198 663 395 692 Abalienamini
412 672 427 691 e
446 664 535 691 medio
558 663 713 699 Babylonis,
737 668 764 691 et
778 672 793 691 e
815 668 887 691 terra

100 706 305 743 Chaldzeornm,
323 714 350 736 ct
366 710 448 742 exite,
465 713 492 736 et
512 714 598 737 estote
619 709 653 744 (r)
667 710 737 737 sicut
757 710 888 737 dracones

101 760 197 780 coram
222 753 292 781 facie
313 754 415 782 ovium.
436 754 462 782 9.
485 754 554 787 Quia
579 762 642 782 ecce
660 762 710 788 ego
735 755 836 786 excito,
860 758 888 781 et

101 799 253 826 ascendere
277 799 348 827 facio
373 807 455 834 super
478 799 642 834 Babylonem
661 799 886 834 congregationes

100 844 224 878 gentium
240 852 399 880 magnarum
414 850 511 873 eterra
528 846 730 880 septentrionis,
745 850 773 872 et
796 853 826 873 se
846 846 886 872 in-

101 893 210 917 struent
238 891 370 917 adversus
393 898 474 922 eam;
501 891 562 918 inde
589 891 730 925 capietur:
755 891 826 918 sicut
852 891 886 926 (ε)

101 935 186 961 telum
203 936 361 970 pugnaturis
377 935 551 970 intelligentia
570 944 620 963 nec
635 936 734 964 redibit
758 944 885 963 vacumn.

101 980 147 1007 10.
171 979 203 1007 Et
217 981 268 1008 erit
284 980 408 1008 Chahlzea
425 982 451 1008 in
468 981 595 1016 praedam,
614 987 640 1009 et
653 990 748 1010 omnes
766 981 885 1017 praedan-

102 1031 143 1052 tes
166 1033 226 1052 eam
251 1026 458 1059 saturabuntur,
488 1028 554 1054 dicit
583 1028 724 1055 Dominus.
749 1028 789 1054 Il.
817 1027 886 1060 Quia

101 1069 188 1103 gavisi
202 1070 268 1098 estis
284 1074 312 1098 et
327 1071 445 1106 gloriati.
463 1079 523 1099 cum
537 1071 688 1106 diripuistis
703 1072 884 1100 haereditatcm

101 1122 203 1147 meam,
215 1116 278 1150 quia
297 1116 466 1151 exsultastls,
483 1117 553 1145 sicut
567 1118 638 1145 tauri
652 1118 678 1145 in
696 1118 791 1150 herba,
813 1124 837 1145 et
853 1118 885 1153 (ι)

99 1167 186 1187 cornu
198 1160 322 1194 petiistis,
332 1161 403 1188 sicut
414 1161 515 1189 bubali.
526 1161 567 1189 1‘2.
578 1161 691 1189 Erubuit
701 1166 787 1189 mater
797 1168 884 1189 vestra

99 1204 188 1237 valde.
214 1205 252 1240 (ιι)
277 1211 363 1233 mater
388 1207 416 1234 in
437 1207 527 1235 bona:
551 1215 615 1235 ecce
640 1208 735 1235 ultima
763 1207 883 1243 gentium

99 1249 238 1278 desertum
256 1251 289 1284 »ξ
304 1251 363 1278 sine
378 1259 459 1286 aqua,
479 1256 506 1278 et
521 1259 574 1279 non
590 1252 723 1279 calcatum
742 1252 767 1286 ζ.
781 1253 825 1279 13.
841 1252 883 1279 ΑΙ)

100 1295 140 1322 ira
151 1295 257 1322 Domini
267 1303 320 1323 non
333 1296 498 1324 habitabitur
508 1306 515 1324 :
526 1302 552 1324 et
561 1297 612 1325 erit
623 1297 649 1324 in
660 1298 772 1325 exitium
783 1298 882 1331 omnis,

99 1345 127 1367 et
139 1341 240 1373 omnis,
256 1341 302 1376 qui
331 1342 469 1370 transierit
485 1350 567 1377 super
581 1342 758 1378 Babylonem,
777 1343 817 1377 (π)
836 1343 884 1370 tri-

99 1386 228 1419 stabitur,
243 1392 271 1414 et
294 1387 415 1415 sibilabit
441 1395 525 1423 super
549 1395 657 1415 omnem
684 1388 788 1422 plagam
811 1388 882 1422 ejus.

102 1429 144 1457 Η.
172 1429 299 1458 Instruite
326 1438 376 1459 vos
402 1439 485 1466 super
509 1432 674 1467 Babylonem
695 1432 882 1464 circumcirca,

98 1482 194 1502 omnes
217 1475 360 1503 tendentes
381 1483 488 1508 arcum,
513 1476 638 1510 sagittate
655 1484 736 1511 super
751 1484 822 1507 eam,
850 1484 882 1503 ne
895 1494 916 1523 ο

100 1520 219 1553 parcatis
236 1528 318 1554 super
332 1521 392 1548 telis
405 1521 514 1553 vestris,
531 1523 565 1556 Χ
577 1522 642 1556 quia
658 1522 772 1549 Domino
787 1529 883 1557 pecca-

98 1566 138 1592 vit
151 1565 174 1599 ζ.
190 1565 234 1592 15.
246 1566 284 1601 (y)
297 1565 330 1593 Et
341 1565 447 1593 fortiter
458 1567 528 1601 agite
542 1575 624 1601 super
633 1575 692 1594 eam
707 1567 733 1594 in
747 1567 862 1595 circuitu
874 1576 881 1594 :

100 1609 138 1644 (ι)
152 1610 292 1637 dissoluta:
305 1614 369 1637 sunt
385 1618 482 1638 manus
503 1611 574 1645 ejus,
588 1612 745 1640 ceciderunt
766 1612 804 1647 (α)
821 1620 883 1646 pro-

99 1654 251 1688 pugnacula
265 1655 334 1689 ejus.
353 1659 380 1682 et
391 1656 545 1683 eradicatus
559 1661 602 1684 est
615 1664 711 1684 murus
725 1656 784 1691 ejus
797 1664 804 1689 ;
818 1656 881 1691 quia

99 1699 217 1727 vindicta
233 1707 248 1727 a
268 1700 323 1728 Deo
339 1705 389 1733 est,
411 1701 449 1737 (b)
468 1702 632 1730 ulciscimini
654 1710 725 1734 eam,
749 1702 882 1737 quemad—

100 1745 212 1772 modum
237 1745 311 1779 fecit,
340 1746 419 1773 facite
442 1748 478 1774 ei.
498 1747 541 1774 l6.
562 1747 651 1775 Delete
673 1748 709 1782 (c)
732 1755 824 1775 semen
848 1755 881 1775 ex

99 1791 246 1826 Babylone.
262 1795 289 1819 et
302 1795 437 1819 tenentem
452 1792 547 1820 falcem
562 1793 588 1820 in
604 1797 725 1827 tempore
739 1794 837 1821 messis
848 1795 882 1821 ab

99 1840 161 1863 ante
177 1835 272 1863 facient
297 1837 379 1871 gladii
398 1837 437 1872 (ει)
455 1836 552 1870 Graeci,
577 1837 766 1872 unusquisque
783 1838 810 1866 in
834 1846 882 1872 po-

99 1880 193 1915 pulum
212 1888 292 1907 suum
316 1885 498 1914 revertentur,
518 1886 545 1909 et
564 1883 751 1917 unusquisque
771 1882 797 1910 in
821 1882 883 1916 (ter-

100 1925 167 1959 ram)
181 1925 212 1960 (⁸)
227 1933 305 1952 suam
320 1925 414 1961 fugiet.
432 1927 475 1953 17.
491 1927 554 1954 Ovis
567 1935 662 1954 errans
676 1926 769 1958 lsrael,
790 1927 881 1955 leones

98 1970 262 2004 expulerunt
276 1979 338 1998 cum
349 1980 357 1998 :
369 1972 472 2005 primus
483 1973 600 1999 comedit
611 1980 673 2000 eum
685 1981 730 2000 rex
746 1973 880 2008 Assyriae:

98 2019 123 2042 et
139 2015 181 2042 hic
196 2016 329 2050 posterior
343 2016 377 2051 (e)
389 2024 449 2044 ossa
465 2017 525 2052 ejus
536 2017 824 2052 (f)Nabuchodonosor
835 2025 880 2045 rex

101 2060 254 2096 Babylonis.
272 2061 316 2088 l8.
333 2061 444 2096 Propter
465 2063 517 2090 hoc
532 2062 589 2090 haec
604 2063 669 2090 dicit
681 2062 812 2091 Dominus
828 2064 882 2091 vir-

100 2110 186 2133 tutum
205 2107 275 2134 Deus
300 2106 426 2135 lsraelis:
447 2107 517 2135 Ecce
532 2115 582 2143 ego
599 2108 635 2143 (g)
653 2108 770 2136 ulciscor
787 2109 821 2143 3³(
835 2117 881 2136 su—

944 207 1081 240 Carmelo,
1096 214 1121 234 et
1138 208 1163 234 in
1180 207 1278 240 Busan,
1295 212 1322 235 ct
1336 208 1362 235 in
1379 213 1471 236 monte
1496 209 1631 244 Ephrem,
1653 216 1679 238 et
1700 212 1728 238 in

943 254 1056 286 Galaad,
1074 259 1100 282 et
1111 255 1308 281 saturabunlur
1320 255 1419 282 animae
1436 263 1543 284 eorum.
1561 256 1606 284 20.
1625 257 1652 283 In
1667 257 1728 284 die-

942 300 994 327 bus
1019 301 1088 332 istis,
1113 304 1140 328 et
1162 300 1189 327 in
1215 305 1336 334 tempore
1359 301 1415 333 illo,
1438 301 1504 329 dicit
1525 301 1667 335 Dominus,
1694 302 1726 337 (ἱ)

942 350 1064 380 quzerent
1080 345 1240 380 injustitiam
1256 344 1374 378 lsraelis,
1385 350 1412 373 et
1431 347 1558 379 nouerit,
1576 351 1603 374 et
1617 352 1725 381 peccata

941 390 1026 423 .iudze,
1037 395 1064 418 et
1077 399 1129 418 non
1142 391 1315 418 invenientur
1327 399 1334 423 ;
1347 391 1411 426 quia
1423 392 1555 426 propitius
1566 399 1611 419 ero
1626 393 1726 420 relictis

941 434 985 462 2|.
1007 435 1042 470 (ις)
1058 444 1140 470 super
1156 440 1243 463 terra:
1262 443 1355 463 amare
1373 436 1403 471 (ι)
1424 437 1539 464 ascende
1554 445 1637 471 super
1653 445 1724 469 eam,

940 484 968 507 et
984 488 1063 514 super
1095 481 1248 508 habitantes
1276 489 1358 515 super
1382 489 1412 508 ea
1439 481 1509 515 (ut):
1531 486 1556 509 et
1582 482 1725 514 ulciscere,

940 526 1037 560 gladie.
1054 526 1092 560 (η)
1104 530 1131 553 et
1145 526 1222 554 abole
1239 528 1272 561 »ς
1285 531 1347 561 post
1363 534 1410 554 eos
1426 527 1498 553 mala
1517 527 1540 560 ζ,
1555 527 1622 555 dicit
1636 528 1726 555 Domi-

941 579 1002 602 nus,
1021 575 1048 597 ct
1068 570 1109 598 fac
1123 572 1272 598 secundum
1291 572 1392 603 omnia,
1417 580 1478 606 quae
1492 580 1644 608 praecepero
1664 575 1723 601 tibi.

939 617 983 644 22.
1003 617 1058 644 Vos
1081 617 1141 644 belli
1165 618 1191 644 in
1207 622 1277 645 terra
1293 619 1494 652 Chalda‘orum,
1521 626 1547 647 et
1572 621 1724 648 eonfractio

939 670 1046 698 magna.
1075 662 1120 690 ‘25.
1137 663 1281 696 Quomodo
1296 663 1451 691 confractus
1474 669 1526 698 est,
1543 669 1570 692 et
1590 667 1723 694 contritus

938 712 980 735 est
998 708 1111 735 malleus
1137 709 1227 736 omnis
1246 710 1344 737 narras?
1372 711 1510 744 quomodo
1538 710 1609 738 facta
1631 716 1672 739 est
1695 712 1721 739 in

937 752 1131 781 desolationem
1150 753 1230 781 Babel
1254 754 1280 781 in
1307 755 1458 789 gentibus?
1492 756 1536 782 24.
1564 756 1602 791 (ο)
1632 756 1721 791 Impo-

938 802 1002 824 nent
1018 798 1076 830 tibi,
1095 803 1121 826 et
1136 799 1262 833 capieris,
1280 799 1371 832 Babel,
1385 800 1423 834 (p)
1441 804 1467 828 et
1480 808 1534 828 non
1550 809 1720 836 cognosces:

940 843 1047 871 inventa
1062 851 1101 876 es,
1120 848 1147 871 et
1161 848 1239 880 capta
1250 853 1290 878 es,
1306 846 1368 880 quia
1381 846 1511 874 adversus
1522 846 1666 874 Dominum
1684 847 1721 882 (ᾳ)

939 886 1046 913 stetisti.
1063 886 1108 913 ΞΒ.
1123 888 1237 922 Aperuit
1262 889 1391 916 Dominus
1409 890 1567 917 thesaurum
1589 898 1680 922 suum,
1695 895 1722 918 et

937 931 1049 965 protulit
1061 939 1125 959 vasa
1139 932 1187 960 irae
1203 941 1270 966 suae,
1290 934 1354 967 quia
1377 942 1445 969 opus
1460 936 1494 969 )s(
1509 939 1551 962 est
1569 935 1581 968 ζ
1606 935 1721 963 Domino

938 975 972 1010 (r)
994 975 1111 1003 Domino
1125 977 1253 1004 virtutum
1269 978 1294 1004 in
1314 983 1385 1006 terra
1398 979 1597 1007 Chaldazorum.
1623 980 1669 1007 26.
1684 980 1720 1015 (ε)

937 1019 1005 1053 Quia
1017 1025 1151 1048 venerunt
1163 1022 1196 1055 3K
1207 1023 1231 1048 ei
1246 1022 1256 1055 ζ
1275 1026 1394 1057 tempora
1408 1022 1467 1057 ejus
1480 1032 1486 1050 :
1505 1024 1607 1058 aperite
1620 1024 1717 1051 horrea

936 1064 1009 1099 ejus,
1040 1065 1071 1101 (ι)
1099 1066 1260 1093 scrutamini
1286 1074 1363 1100 eam,
1389 1067 1461 1094 sicut
1492 1068 1668 1102 speluncam,
1691 1071 1719 1096 et

936 1110 1022 1138 delete
1068 1118 1148 1138 eam:
1178 1118 1212 1138 ne
1255 1111 1291 1139 sit
1321 1112 1459 1139 residuum
1490 1113 1563 1147 ejus:
1602 1113 1646 1140 27.
1679 1113 1718 1148 (α)

935 1157 1070 1184 exsiccate
1093 1164 1189 1184 omnes
1216 1156 1320 1184 fructus
1344 1157 1423 1192 ejus:
1455 1162 1482 1185 et
1506 1158 1672 1186 descendant
1691 1160 1718 1186 in

936 1201 1125 1229 mactationem
1139 1211 1146 1229 :
1163 1210 1203 1230 va:
1216 1203 1268 1235 eis,
1284 1203 1347 1237 quia
1362 1203 1434 1230 venit
1449 1204 1506 1231 dies
1527 1212 1634 1237 eorum,
1652 1209 1719 1232 tem-

935 1254 985 1282 pus
1004 1247 1042 1281 (ξε)
1074 1247 1186 1274 ultionis
1216 1255 1322 1275 eorum.
1350 1249 1394 1276 28.
1425 1248 1482 1276 Vox
1503 1249 1663 1284 fugientium
1692 1254 1717 1278 et

934 1292 1105 1319 evadentium
1121 1300 1136 1319 e
1152 1297 1222 1320 terra
1237 1292 1392 1328 Babylonis,
1408 1294 1440 1320 ad
1457 1294 1674 1321 annuntiandum
1690 1294 1716 1321 in

935 1337 1044 1364 Sioncm
1061 1337 1203 1371 ultionem,
1220 1346 1280 1373 quae
1305 1346 1320 1366 a
1345 1338 1460 1366 Domino
1486 1339 1541 1366 Deo
1556 1343 1661 1371 nostro,
1683 1342 1716 1374 )t(

935 1383 1064 1410 ultionem
1083 1383 1175 1418 templi
1190 1383 1250 1418 ejus
1265 1383 1289 1418 ζ.
1305 1383 1350 1411 29.
1370 1383 1511 1418 l’raecipite
1530 1392 1613 1420 super
1627 1383 1717 1419 Baby-

934 1428 1022 1456 lonem
1039 1429 1142 1460 multis,
1159 1429 1233 1455 onmi
1249 1429 1366 1456 tendenti
1382 1437 1487 1461 arcum,
1512 1434 1601 1456 castra
1628 1434 1716 1456 meta«

935 1474 1000 1501 mini
1016 1482 1098 1509 super
1111 1482 1171 1502 eam
1186 1474 1383 1502 circumcirca:
1405 1483 1438 1502 ne
1459 1471 1493 1502 sit
1508 1475 1626 1502 evadens
1645 1475 1715 1509 ejus,

934 1520 1073 1546 retribuite
1081 1520 1105 1547 ei
1115 1520 1265 1547 secundum
1275 1528 1357 1555 opera
1368 1520 1428 1555 ejus
1438 1531 1444 1548 :
1455 1516 1603 1549 secundum
1613 1521 1714 1553 omnia,

933 1572 993 1600 quae
1010 1564 1082 1597 fecit,
1101 1564 1183 1592 facile
1205 1565 1240 1597 ei,
1256 1565 1320 1600 quia
1346 1566 1477 1593 adversus
1497 1566 1641 1593 Dominqu
1671 1566 1710 1600 (yl

933 1608 1016 1640 stetit,
1030 1608 1066 1642 (κ)
1086 1608 1169 1635 Deum
1194 1613 1318 1636 sanctum
1335 1608 1453 1636 lsraelis.
1467 1610 1510 1638 51).
1529 1609 1642 1644 Propter
1666 1611 1717 1636 hoc

933 1653 1154 1688 cadentjuvenes
1169 1653 1228 1688 ejus
1255 1654 1282 1680 in
1307 1654 1402 1688 plateis
1417 1654 1486 1687 ejus,
1509 1658 1535 1679 et
1549 1661 1644 1680 omnes
1666 1652 1715 1679 viri

933 1699 1076 1727 bellatores
1087 1699 1147 1734 ejus
1159 1699 1196 1734 (ιι)
1221 1700 1400 1734 projicientur
1415 1700 1448 1733 >ε<
1460 1701 1486 1725 in
1502 1698 1602 1726 dieillo
1614 1699 1638 1733 ζ,
1651 1699 1717 1726 dicit

934 1744 1073 1772 Dominus.
1093 1745 1135 1771 51.
1147 1744 1215 1772 Ecce
1233 1752 1282 1780 ego
1301 1752 1383 1779 super
1393 1748 1417 1771 te
1428 1743 1464 1779 (b)
1477 1744 1715 1773 contumeliosam,

932 1790 994 1817 dicit
1008 1789 1138 1817 Dominus
1154 1790 1296 1823 virtutum,
1307 1791 1368 1824 quia
1384 1790 1456 1816 venit
1475 1789 1532 1816 dies
1545 1789 1579 1823 (c)
1599 1793 1672 1820 tuus,
1689 1793 1716 1815 ct

934 1839 1039 1869 tempus
1058 1835 1096 1870 (d)
1113 1835 1222 1863 ultionis
1239 1839 1301 1868 tum,
1317 1835 1360 1862 52.
1373 1840 1399 1862 et
1417 1835 1601 1862 infirmabitur
1618 1839 1715 1861 contu-

933 1880 1012 1907 melia
1029 1885 1086 1912 tua,
1103 1884 1129 1907 et
1144 1880 1234 1912 cadet,
1252 1884 1346 1907 etnon
1363 1880 1415 1907 erit
1430 1881 1576 1908 restituens
1592 1887 1650 1906 eam
1665 1887 1671 1905 :
1690 1883 1716 1905 et

932 1927 1076 1953 accendant
1092 1926 1182 1960 ignem
1192 1925 1226 1961 (ε)
1240 1925 1267 1952 in
1280 1925 1347 1953 silva
1362 1926 1431 1960 ejus,
1448 1930 1474 1952 et
1487 1925 1610 1952 comedet
1621 1931 1716 1950 omnes

932 1971 1063 1999 circuitus
1078 1971 1148 2005 ejus.
1175 1971 1219 1998 5'5.
1246 1971 1308 2000 llaec
1323 1972 1390 1999 dicit
1417 1970 1547 1998 Dominus
1563 1970 1691 1997 virtutum
1707 1977 1714 1996 :

932 2017 1061 2052 Oppressi
1079 2017 1126 2044 lilii
1141 2017 1259 2049 lsraelis,
1275 2021 1301 2044 et
1319 2018 1366 2044 filii
1391 2016 1468 2044 Judze
1491 2017 1571 2043 simul
1587 2025 1593 2042 :
1610 2022 1716 2048 omnes,

932 2063 978 2098 qui
994 2063 1117 2098 captivos
1130 2063 1270 2090 duxerunt
1285 2070 1340 2095 eos,
1364 2066 1559 2097 oppresserunt
1581 2068 1641 2093 eos,
1668 2059 1715 2094 qui

933 2116 987 2136 non
1004 2108 1149 2136 voluerunt
1163 2109 1299 2135 dimittere
1316 2116 1372 2135 eos.
1386 2108 1431 2135 54.
1452 2107 1484 2142 (ι’)
1499 2106 1532 2133 Et
1545 2106 1591 2141 qui
1609 2105 1716 2132 redimit

99 2150 169 2184 per:
187 2159 276 2187 regem
292 2152 448 2188 Babylonis,
467 2158 495 2180 et
509 2161 590 2189 super
611 2159 709 2181 terram
726 2155 794 2189 ejus,
810 2155 881 2182 sicut
897 2154 918 2181 D
932 2162 979 2182 eos
993 2153 1080 2186 fortis,
1102 2153 1235 2182 Dominus
1248 2155 1421 2189 omnipotens
1436 2161 1534 2181 nomen
1550 2153 1575 2180 ei
1590 2161 1596 2179 :
1621 2152 1658 2187 (g)
1671 2151 1717 2185 ju-

101 2195 138 2229 (It)
155 2196 227 2224 ultus
251 2205 311 2225 sum
331 2199 365 2232 >ε<
379 2199 485 2234 super:
504 2207 593 2234 regem
621 2199 749 2234 Assyriae.
778 2199 820 2227 i9.
849 2200 881 2228 Et

934 2199 1179 2234 diciumjudicabit
1190 2200 1320 2227 adversus
1335 2199 1505 2227 adversarios
1521 2198 1591 2233 ejus,
1607 2202 1635 2224 ut
1648 2197 1717 2224 levet

135 2306 170 2346 (Ii)
187 2306 232 2346 A.,
248 2313 318 2346 ecce
327 2305 409 2333 facies
422 2306 646 2346 eorumveniept,
657 2311 684 2333 et
697 2314 725 2334 se
738 2306 884 2346 adjungent
898 2305 1019 2346 Domino.
1056 2306 1317 2346 (l)§ommutab_t_mt.
1335 2306 1398 2346 (ιρι)
1411 2305 1455 2338 Α.,
1474 2305 1514 2337 S..
1536 2307 1713 2346 seduxerunt.
1727 2295 1729 2301 Ι

111 2341 184 2375 η)8.,
199 2341 449 2368 circumduxerunt.

99 2376 216 2411 bitaculo
227 2375 312 2411 justo.
341 2376 384 2411 νίς)
395 2375 446 2411 3L,
457 2375 498 2408 S.,
515 2381 682 2403 commovete
693 2375 767 2411 vos;
788 2376 822 2411 (r)
839 2375 882 2407 A.,

101 2412 131 2440 (ι)
146 2413 189 2441 Α.,
207 2410 372 2436 hinnivistis.
389 2409 430 2441 S.,
446 2410 594 2437 clamastis.

100 2444 139 2477 S.,
159 2445 268 2471 ululate.
311 2445 348 2477 (ι)
365 2444 411 2476 Α.,
429 2445 502 2472 dedit
517 2453 626 2472 manum
642 2453 729 2472 suam.

110 2482 132 2510 ε)
156 2478 200 2510 Ὰ.,
229 2477 270 2510 8.,
292 2479 494 2506 seminatorem.

110 2513 132 2548 e)
150 2514 194 2545 .4.,
207 2511 248 2545 S.,
265 2514 425 2549 comminuit
439 2521 512 2540 eum.
538 2511 583 2549 (Γ)
604 2515 737 2542 Comedit.

100 2547 237 2583 iniquitas.
255 2581 258 2583 Δ
277 2547 312 2583 (Iv)
325 2547 366 2580 S.,
383 2556 465 2582 super
483 2547 581 2575 terram
602 2547 806 2576 iracundorumw.

100 2581 187 2610 visita.
217 2581 264 2617 (ιι)
282 2581 325 2615 AL,
342 2582 384 2615 S.,
397 2581 423 2610 et
436 2584 580 2617 perditioni
596 2584 707 2611 devove.

100 2619 133 2653 (q)
149 2618 192 2649 Α..
209 2616 249 2649 S.,
263 2618 334 2644 litem
351 2616 468 2644 movisti.

99 2652 207 2689 (tt-figite
219 2660 288 2683 eam,
304 2652 592 2689 sicutacctmtulantes.
615 2652 656 2685 S.,
668 2654 752 2689 tollite
763 2661 833 2685 eam,
850 2654 920 2681 sicut
934 2656 1110 2689 marsupium.

606 2689 645 2749 ἵε)
661 2688 705 2720 Α.,
719 2689 890 2716 visitationis.

628 2727 634 2749 l
666 2723 710 2749 Α..
742 2723 784 2749 S..
804 2724 890 2749 sunerl

597 2723 634 2758 (b)
666 2723 710 2755 Α.,
742 2723 784 2755 S.,
804 2723 940 2758 superbia.

100 2757 231 2790 Superbia.
269 2758 304 2792 (r)
323 2757 366 2791 A.,
383 2757 410 2784 in
429 2757 543 2785 urbibus
560 2757 628 2794 ejus.
668 2759 701 2793 (f)
721 2758 765 2791 A.,
783 2758 824 2792 S.,
839 2757 870 2786 ct
882 2759 927 2791 qui
946 2757 1114 2794 prepinquus
1128 2759 1179 2786 eis.

99 2692 124 2714 et
138 2688 302 2714 descendant
314 2687 347 2714 ad
360 2687 563 2714 tuac-tationem.

100 2721 213 2749 lsraclis.
252 2721 558 2755 (a)S.,obmutcsct-nt.
597 2721 634 2755 (b)
666 2723 710 2755 Α.,
742 2723 784 2755 S.,

100 2799 189 2819 ευιύιιι
195 2811 201 2819 .

634 2410 672 2445 (u)
691 2410 732 2442 S.,
747 2410 808 2441 ΤΙι..
826 2411 969 2445 pudefacta
981 2416 1033 2443 est,
1048 2419 1108 2444 qua:
1121 2411 1211 2444 genuit
1226 2419 1284 2438 vos.

775 2446 812 2479 (α)
827 2447 870 2477 Α.,
890 2445 1062 2473 fundamenta
1076 2446 1145 2480 ejus.

534 2479 572 2513 (d)
597 2480 640 2508 Λ..
657 2479 699 2511 S.,
722 2480 800 2507 ebrii.
817 2482 849 2514 (‘)
864 2480 925 2507 llzec
942 2489 992 2507 vox
1009 2481 1052 2508 hic
1065 2481 1165 2507 omissa
1177 2481 1294 2511 videtur,
1308 2481 1408 2507 habent
1423 2481 1494 2506 enim
1510 2480 1594 2507 Hebr.
1607 2484 1634 2506 et
1650 2489 1714 2508 va.

785 2515 820 2550 (g)
833 2515 878 2545 A.,
894 2514 936 2546 S.,
954 2516 1045 2542 visite.
1087 2516 1125 2550 (ΙΙ)
1140 2515 1184 2546 (1.,
1197 2515 1239 2546 S.,
1256 2516 1373 2542 visitavi.
1412 2516 1443 2548 (i)
1458 2515 1502 2545 A.,
1520 2515 1561 2546 S.,
1578 2521 1714 2547 quaeretur

785 2557 813 2585 ιε
845 2550 875 2584 (ι)
890 2550 960 2585 Dicit
977 2549 1109 2577 Dominus
1124 2559 1205 2584 super
1222 2555 1320 2585 terram
1353 2550 1528 2576 irritantinm.
1551 2550 1597 2585 (ηι)
1613 2550 1658 2579 Λ..
1672 2549 1714 2582 S.,

508 2619 543 2653 (r)
561 2618 623 2645 Deo.
663 2621 697 2652 (ε)
710 2619 756 2651 Α.,
774 2620 864 2646 venite
883 2619 907 2645 ei
922 2627 936 2645 a
957 2618 1202 2647 consummatione.
1222 2619 1265 2652 S.,
1281 2620 1378 2646 intrate
1392 2627 1463 2650 eam,
1476 2626 1582 2646 omnes.

489 2343 525 2376 (ο)
540 2340 583 2373 Α.,
601 2340 661 2372 ΤΙι.,
676 2346 703 2368 et
717 2341 762 2376 qui
773 2340 884 2368 'circum:

936 2342 997 2368 bant
1014 2349 1071 2373 eos,
1087 2341 1234 2376 dixerunt:
1249 2340 1307 2376 Non
1325 2341 1544 2376 delinquemus;
1562 2342 1599 2376 (p)
1611 2341 1653 2374 S.,
1667 2343 1715 2369 ha-

924 2396 943 2408 .,
965 2377 1035 2403 sicut
1050 2376 1178 2403 basilisci.
1197 2375 1256 2408 ΤΙι.,
1271 2375 1341 2402 sicut
1355 2376 1434 2402 haedi.

1473 2377 1505 2408 (ε)
1525 2375 1590 2403 Tela
1605 2385 1669 2404 eoru
1675 2385 1711 2404 m.

1620 2412 1715 2446 (ωΑη

1325 2412 1363 2446 (1)
1380 2410 1421 2442 S.,
1436 2411 1579 2438 ha'sitabit.

1297 2445 1338 2476 8..
1354 2446 1500 2472 vindictam
1517 2446 1615 2473 sumite
1626 2447 1659 2472 de
1671 2455 1714 2473 ea.

1187 2445 1279 2479 (ωλι,

1412 2515 1502 2548 (1)Α.,
1520 2515 1561 2546 S.,
1578 2521 1717 2547 quaen-tur

954 2516 1045 2542 visite.
1087 2516 1125 2550 (ΙΙ)
1140 2515 1184 2546 (1.,
1197 2515 1239 2546 S.,
1256 2516 1373 2542 visitavi.

747 2585 784 2619 (ο)
802 2584 869 2611 Steti
886 2584 1017 2620 adversus
1035 2590 1069 2611 tr.
1109 2585 1146 2620 (p)
1161 2584 1205 2616 Α.,
1228 2584 1275 2620 δη
1296 2584 1356 2613 ΤΙι..
1373 2589 1400 2610 ιιι
1417 2589 1506 2611 autent
1532 2593 1586 2610 non
1601 2585 1715 2620 novisti.

1149 2627 1202 2647 tne.
1222 2619 1265 2652 S.,
1281 2620 1378 2646 intrate
1392 2627 1463 2650 eam,
1476 2626 1582 2646 omnes.
1622 2619 1654 2655 (ι)
1667 2619 1714 2652 Α.,

1149 2655 1186 2689 (ιι)
1200 2654 1233 2682 Α.
1243 2675 1250 2686 ,
1267 2659 1370 2681 vastate
1383 2661 1490 2689 onmem
1505 2653 1623 2680 fructum
1643 2655 1715 2687 ejus,

931 2690 968 2724 (υ)
984 2689 1026 2721 Α.,
1045 2689 1086 2722 S.,
1105 2688 1232 2724 superbe,
1245 2689 1308 2723 egit.
1349 2690 1384 2722 (ι)
1402 2688 1446 2720 Α..
1475 2688 1558 2724 Deum
1590 2694 1717 2716 sanctum

1165 2724 1203 2758 (ll)
1216 2723 1261 2755 Α.,
1277 2724 1442 2750 visitationis
1454 2728 1516 2750 tum.
1538 2723 1571 2749 Et
1585 2724 1718 2758 impinget

980 2728 1014 2758 (at
1031 2725 1126 2751 Casus.

1221 2758 1257 2793 (θ)
1269 2758 1311 2791 S.,
1325 2759 1463 2793 puniendo
1479 2759 1568 2794 exiget
1581 2759 1716 2794 judicium
