1919 3077
194 91 266 126 1:137

779 101 891 128 ωιιΕΧ
913 100 1250 130 SYltO—IIEXAPLARIS.

1750 107 1827 133 2593

193 163 311 184 terram:
329 156 366 192 (Ιι)
389 161 415 184 et
431 157 548 184 irritabit
575 157 757 185 inhabitantes
789 159 953 194 Babylonem
969 169 975 187 :
993 161 1014 189 Α
1030 159 1149 187 confossi
1161 159 1199 194 (ιι)
1213 167 1227 186 a
1245 159 1310 186 l‘oris
1321 159 1390 194 ejus.
1407 161 1432 187 5.
1446 160 1513 194 Quia
1529 169 1582 188 non
1600 162 1727 189 vidnavit
1740 162 1828 189 Israel

193 202 237 228 55.
263 202 381 237 gladium
406 211 488 237 super
508 203 660 235 Chablmos,
686 203 753 230 dicit
776 203 916 236 Dominus,
949 209 977 231 et

193 255 275 280 super
291 248 446 275 habitantes
460 249 486 274 in
503 248 653 284 Babylone,
674 253 701 276 et
728 257 809 284 super
838 255 978 285 maguates

194 293 265 326 ejus,
282 299 308 319 et
320 301 402 328 super
418 294 446 328 (ἱ)
465 294 779 329 ἰιιιυιιὶςθιιιθεοίυεῶϐ.
790 295 949 330 >ε<ε1ιιάίιιιιι
965 296 975 329 ζ

194 339 230 374 (k)
251 347 333 373 super
347 344 421 367 vates
445 340 516 374 ejus,
534 345 560 366 et
575 340 734 367 auferentur
751 349 758 367 :
777 342 809 373 Β(
827 341 945 376 gladium
964 341 975 374 ζ

195 393 276 419 super
301 390 464 419 pugnatores
489 385 556 418 ejus,
577 390 603 412 et
631 385 835 413 dissolventur:
858 386 976 421 gladium

195 437 276 463 super
296 430 327 463 (Ι)
347 437 431 464 equos
459 437 564 463 eoruln,
590 436 617 457 et
641 438 724 465 super
751 439 848 458 currus
871 440 976 463 eorum,

193 474 237 501 57.
255 477 288 508 3K
312 479 339 501 et
362 483 445 510 super
467 477 606 510 omnem:
629 477 805 504 commixtum
831 478 857 504 in
889 478 978 505 medio

193 519 264 552 ejus,
279 524 305 546 et
319 524 399 546 erunt
422 521 494 547 sicut
511 521 655 549 mulieres:
673 522 793 557 gladium
816 530 899 557 super
918 523 979 550 the-

193 573 288 592 sauros
303 565 406 599 ejus,et
415 565 577 600 diripientur
588 577 594 594 :
604 567 649 593 58.
659 568 777 602 gladium
787 576 869 602 super
877 576 977 603 aquam

198 610 257 643 ejus
266 610 328 645 (ιιι),
340 615 367 637 et
376 611 615 646 eruhescent,quia
627 617 697 640 terra
708 613 873 648 sculptilium
888 619 940 647 est,
952 619 978 642 et

193 656 232 690 (ιι)
253 656 278 682 in
300 656 398 683 insulis
412 664 443 684 -ι-
462 659 543 692 non:
572 658 769 693 gloriabantur.
794 659 837 686 39.
864 659 978 694 Propter

193 701 243 728 hoc
257 701 418 728 habitabunt
432 702 468 737 (ο)
487 708 591 737 spectra
608 704 634 730 in
651 704 766 731 insulis:
783 704 978 732 etbabitabunt

192 754 273 780 super
291 755 322 774 ea
337 748 397 775 lilize
411 749 447 783 (ρ)
464 749 583 775 sirenum
601 758 607 775 :
637 756 671 770 φ-
696 749 731 784 (rl)
746 754 772 776 et
795 757 848 776 nnu
867 750 877 783 ζ
893 750 977 776 :edifi-

192 793 297 819 cabitur
308 795 426 827 amplius
443 794 469 821 in
486 794 638 825 victoriam,
656 799 749 821 etnon
766 795 934 822 habitabitur
949 796 974 822 in

192 838 332 864 steculum.
345 839 390 866 40.
406 838 589 872 Sicutevertit
601 839 672 866 Deus
682 841 715 872 ᾗ(
727 840 776 874 τὴν
791 841 801 874 ζ
817 839 975 874 Sodomam,

192 888 219 910 et
231 883 404 915 Gomorram,
422 889 449 911 et.
463 885 568 912 vicinas
583 885 659 919 ejus,
677 885 743 912 dicit
764 885 904 918 Dominus,
921 894 974 913 non

194 929 325 956 habitabit
342 930 377 956 ibi
396 931 488 961 homo,
511 938 598 964 neque
613 931 828 958 commorabitur
850 932 886 957 ibi
905 932 976 959 lilius

194 975 323 1003 hominis.
344 976 388 1003 41.
406 975 476 1003 Ecce
496 977 612 1010 populus
631 977 705 1003 venit
722 977 756 1004 ab
779 977 916 1012 aquilone,
950 982 977 1005 et

194 1021 309 1054 populus
333 1029 459 1056 magnus,
473 1026 501 1049 et
528 1030 604 1057 reges
625 1023 704 1049 multi
733 1024 924 1051 excitabuntur
943 1024 977 1051 ab

192 1070 314 1093 extremo
334 1071 422 1099 teri-te,
441 1067 486 1094 12.
507 1075 597 1099 arcus,
623 1074 650 1095 et
681 1069 715 1104 (ν)
744 1069 825 1104 pugio
846 1073 887 1096 est
914 1070 975 1097 eis:

193 1113 278 1138 durtts
291 1118 342 1144 est,
358 1118 384 1139 et
403 1120 456 1139 non
472 1114 644 1142 miserebitur
658 1125 664 1142 :
680 1122 730 1142 vox
744 1122 839 1141 eorum
859 1119 887 1141 ut
902 1123 978 1141 mare

194 1157 415 1189 tumultuabitur,
428 1166 511 1193 super
522 1159 601 1194 equis
615 1160 774 1194 equitabunt
792 1160 889 1194 parati,
907 1159 978 1187 sicut

194 1201 274 1235 ignis,
294 1202 320 1228 in
337 1202 448 1234 bellum,
466 1203 499 1230 ad
515 1209 551 1236 te,
568 1204 621 1231 lilia
633 1204 787 1240 Babylonis.
800 1204 845 1231 45.
867 1205 979 1231 Audivit

193 1255 239 1274 rex
248 1247 391 1282 Babylonis
398 1248 498 1276 famam
509 1257 615 1282 eorum,
623 1256 650 1277 et
661 1251 870 1278 dissolutzesunt
881 1258 979 1278 manus

193 1292 266 1325 ejus:
278 1293 700 1329 alllictioobtinuiteum,do|ores
707 1296 978 1331 sicutparientile.

194 1337 263 1365 Ecce
275 1339 346 1365 sicut
365 1339 406 1366 leo
423 1340 551 1366 ascendet
565 1348 579 1366 a
589 1342 623 1375 Χ
635 1340 668 1375 (δ)
683 1340 815 1375 jactantia
829 1339 979 1374 :JOI'danis

194 1384 225 1418 (ι)
238 1384 264 1410 in
281 1384 369 1411 locum
382 1384 506 1418 Aitham;
522 1386 585 1419 quia
603 1386 728 1413 celeriter
736 1386 868 1420 expellam
887 1393 935 1413 eos
944 1385 979 1412 ab

193 1436 237 1461 ea,
248 1432 274 1455 et
287 1437 395 1455 onlnem
406 1430 533 1464 juvenem
545 1438 626 1464 super
641 1438 700 1457 eam
717 1431 898 1457 constituam:
914 1431 978 1464 quia

193 1474 254 1508 quis
270 1474 341 1501 sicut
355 1480 451 1509 ρει),οι
462 1476 522 1510 quis
536 1477 616 1503 stabit
628 1482 722 1503 contra
735 1477 795 1502 me?
815 1475 846 1502 Et
855 1476 916 1510 quis
934 1476 979 1502 hic

194 1522 296 1553 pastor,
310 1521 356 1554 qui
369 1521 451 1547 stabit
463 1529 555 1548 coram
572 1522 640 1548 facie
653 1529 712 1548 mea
723 1522 734 1547 ?
745 1522 789 1548 45.
804 1521 916 1555 Propter
928 1521 979 1548 hoc

194 1566 286 1592 audite
309 1567 454 1594 consilium
475 1567 595 1598 Domini,
613 1568 684 1602 quod
704 1568 871 1595 consultavit
899 1575 980 1601 super

195 1611 402 1646 Babylonem,et
413 1613 592 1647 cogitationes
605 1614 676 1648 ejus,
685 1621 751 1648 quas
761 1613 887 1648 cogitavit
899 1620 980 1647 super

194 1657 348 1685 habitantes
367 1659 405 1692 (ιι)
426 1659 587 1686 Chaldaeos:
612 1660 634 1686 si
661 1667 714 1686 non
739 1660 778 1694 (εις)
797 1661 980 1695 corrumpatis

194 1711 278 1735 agnos
287 1704 378 1730 ovium
387 1711 492 1736 eorum,
500 1705 521 1732 si
531 1712 584 1731 non
595 1705 734 1731 abolcatur
743 1706 777 1731 ab
788 1705 827 1731 eis
836 1713 978 1739 pascuum.

195 1747 238 1774 46.
254 1749 321 1781 Quia
347 1756 362 1775 a
382 1756 448 1775 voce.
469 1750 647 1784 subjectionis
664 1750 809 1784 Babylonis
823 1758 980 1777 commove-

194 1793 267 1821 bitur
294 1799 375 1827 terra,
401 1800 427 1822 et
445 1796 547 1822 clamor
571 1796 631 1830 ejus
658 1796 684 1822 in
708 1796 832 1830 gentibus
843 1796 978 1823 audietur.

229 1840 295 1875 Cap.
314 1840 355 1867 LI.
371 1856 404 1862 —-
415 1841 437 1867 1.
455 1840 516 1868 Hazc
530 1841 595 1868 dicit
611 1841 742 1868 Dominus
757 1851 763 1868 :
779 1841 847 1868 Ecce
863 1849 913 1876 ego
932 1849 979 1868 ex-

193 1886 248 1912 cito
265 1894 346 1920 super
360 1886 533 1921 Babylonem,
549 1890 576 1913 et
590 1894 670 1921 super
690 1887 842 1913 habitantes
858 1886 912 1921 (Π),
932 1894 980 1914 cor

194 1931 355 1966 erigentium
369 1952 376 1964 ,
399 1937 508 1959 ventum
538 1937 619 1960 aestus
632 1937 862 1966 COl'l'lllllpt'lllelll.
896 1932 924 1959 2.
949 1932 980 1959 Et

194 1978 314 2004 emittam
342 1977 368 2004 in
386 1977 548 2012 Babylonem
567 1978 601 2013 (ι)
616 1978 824 2011 conviciatores,
844 1983 871 2005 et
884 1982 980 2005 contu-

194 2023 271 2049 melia
288 2022 404 2050 alticient
419 2031 489 2054 eam.
505 2024 543 2058 (α)
559 2028 585 2050 et
604 2023 715 2058 perdent
740 2028 840 2050 terram
853 2023 929 2058 ejus:
946 2025 979 2058 Ἀ(

194 2068 281 2103 quia:
306 2077 346 2095 v:e
375 2077 455 2103 super
483 2068 645 2104 Babylonem
674 2069 851 2096 circumcirca
879 2069 905 2095 in
932 2069 976 2095 die

194 2114 284 2140 damni
300 2114 370 2148 ejus.
387 2115 414 2141 5.
428 2113 466 2141 Ne
477 2115 578 2147 tendat,
603 2114 649 2148 qui
680 2114 766 2140 tendit
781 2121 874 2140 arcum
888 2121 978 2144 suum,

196 2166 282 2192 neque
296 2159 397 2194 alliget,
412 2160 455 2186 cui
475 2163 539 2186 sunt
567 2167 642 2186 arma
667 2167 674 2184 ε

191 2204 306 2238 juvenes
317 2204 387 2239 ejus,
403 2209 429 2231 et
446 2206 483 2240 (ὁ)
509 2205 613 2232 abolete
644 2213 753 2232 omnem
781 2205 816 2240 (ε)
848 2205 976 2232 virtutem

194 2249 263 2283 ejus.
280 2249 305 2276 ιι.
322 2250 352 2277 Et
367 2251 462 2278 cadent
487 2251 571 2278 occisi
597 2251 624 2277 in
650 2255 720 2278 terra
737 2250 938 2282 Chaldmorum,
952 2257 979 2277 et

227 2349 265 2383 (Ιι)
283 2349 325 2379 Α..
342 2353 368 2376 et
385 2350 562 2382 perturbabit.

194 2385 263 2419 ejus,
290 2388 317 2419 et
344 2383 572 2415 defatigalnultur.

194 2418 259 2446 exis.
289 2418 331 2450 S.,
353 2419 379 2444 in
397 2419 520 2447 fortibus.

195 2455 255 2481 bus.

195 2489 359 2516 uerationes.
416 2489 450 2523 (ν)
485 2490 529 2522 Α.,
558 2490 599 2523 8.,

195 2525 309 2558 tiquum.
350 2524 386 2559 (ιι)
412 2523 439 2550 lu
473 2529 554 2551 terra.

195 2559 214 2584 Α
231 2578 238 2590 ,
254 2559 295 2591 8.,
312 2560 496 2593 ventilatores,
520 2564 545 2586 et
573 2561 741 2586 ventilabunt
764 2568 832 2586 t‘tllli.

193 2602 252 2630 eam
268 2595 307 2630 Vin
336 2594 472 2630 cil‘cmtu:
566 2595 667 2629 Reliqui
688 2605 693 2621 :
717 2595 851 2621 devotioni
872 2596 942 2630 date.

195 2629 364 2664 militiarum.
404 2629 436 2663 (fi
457 2628 721 2662 S.,‘0bmutrscatis.
760 2630 795 2664 ty)
810 2629 852 2661 A.,
867 2628 907 2656 8..

621 2385 652 2419 (Ι)
682 2385 802 2420 Reliqui:
837 2386 932 2412 fortes.

559 2420 596 2454 (ο)
613 2420 655 2452 Α.,
669 2420 784 2447 Saniim.
801 2420 878 2452 Ilcb.,
905 2420 981 2446 Siim.

623 2496 740 2517 scutum.
798 2491 831 2521 (si
863 2490 905 2520 Α,

198 2703 287 2725 tenete
302 2700 461 2725 Custodiam.

197 2733 234 2766 (ιι)
254 2733 297 2763 Α.,
314 2732 354 2763 S.,

373 2734 490 2760 cubitus.
505 2734 546 2766 S.,
567 2735 649 2760 dccisi
671 2735 718 2760 tui.

198 2801 237 2836 (ιι)
254 2801 319 2829 Pars
331 2802 445 2831 Israelis.
484 2805 523 2838 (λ’)
540 2803 582 2837 Λ.,
597 2805 730 2832 concutis.

602 2350 631 2385 (ί)
650 2349 752 2384 Reliqui
770 2360 776 2376 :
798 2351 945 2385 sapientes.
976 2350 1012 2384 (Ις)

925 2629 1025 2655 ululate
1038 2636 1120 2662 super
1130 2635 1171 2653 ea.

196 2663 258 2690 tiam
285 2664 414 2690 nubium.
454 2664 489 2699 ίΙί)
507 2664 551 2696 Α.,
570 2665 690 2697 jnstilias
708 2669 823 2690 nostras.
863 2665 893 2698 (Ι)
912 2663 955 2695 Λ.,
984 2663 1025 2695 8.,

503 2703 542 2732 (ιι)
559 2699 602 2731 Α.,
622 2699 663 2731 8,,
683 2699 805 2731 insidias,
829 2700 891 2733 quia
916 2699 1044 2733 cogitavit
1068 2697 1208 2724 Dominus.

756 2736 792 2768 (q)
808 2734 850 2766 .l.,
872 2732 911 2765 8.,
935 2736 1005 2760 sicut
1024 2733 1137 2759 hrucho.
1177 2734 1184 2765 (

197 2766 295 2802 llidlel.
326 2768 447 2794 Scholion
463 2775 523 2796 :i-st
543 2769 687 2801 camileua,
715 2773 741 2795 ut
755 2765 859 2798 eorum,
876 2769 920 2802 qui
941 2769 1045 2794 calcant
1066 2768 1194 2794 torcular.
1233 2769 1267 2800 (δ)
1291 2765 1410 2800 Reliqui;
1440 2772 1556 2796 ventum.
1595 2767 1677 2801 (I)S.,

770 2805 807 2838 (υ)
823 2804 866 2836 .1.,
881 2809 906 2830 ct
920 2803 1084 2830 concutiant.

1029 209 1055 231 et
1070 204 1137 231 Juda
1152 212 1168 231 a
1186 205 1239 232 Deo
1258 213 1318 237 suo,
1338 213 1353 232 a
1370 205 1484 233 Domino
1497 207 1530 241 (ε)
1546 208 1827 242 omnipotente,quia

1031 254 1101 277 terra
1118 259 1211 278 eorum
1228 251 1335 286 impleta
1350 252 1564 286 estiniquitatea
1575 254 1681 281 sanctis
1697 253 1825 281 lsraclis.

1029 295 1054 322 6.
1072 296 1167 331 Fugite
1181 297 1292 324 emedio
1301 296 1456 332 Babylonis,
1471 302 1498 324 et
1511 299 1614 325 salvate
1626 299 1825 334 unusquisque

1029 342 1147 367 animam
1172 349 1249 368 suam
1261 361 1269 373 ,
1295 346 1322 368 et
1339 350 1372 368 ne
1387 341 1421 376 (Γ)
1437 343 1619 376 projiciamini
1639 344 1665 370 in
1683 344 1823 378 injustitia

1028 387 1104 420 ejus;
1119 387 1182 421 quia
1198 392 1303 422 tempus
1324 388 1436 415 ultionis
1451 389 1511 423 ejus
1526 394 1590 416 esta
1612 389 1730 416 Domino
1743 411 1751 421 ,
1783 397 1826 416 re-

1030 431 1202 458 tributionem
1218 432 1276 466 ipse
1291 433 1420 460 retribuet
1433 435 1467 461 ei.
1486 434 1514 461 7.
1527 434 1601 461 Calix
1618 435 1677 461 auri
1694 435 1777 462 Babel
1794 435 1822 461 in

1031 486 1111 504 manu
1127 477 1253 510 Domini,
1285 477 1424 506 inebrians
1437 488 1544 506 onmem
1563 486 1660 507 terram
1675 490 1682 507 :
1701 481 1736 508 de
1756 481 1823 506 vino

1028 523 1087 557 ejus
1103 523 1229 550 biberunt
1242 528 1352 558 gentes,
1373 529 1481 559 propter
1501 525 1551 552 hoc
1573 525 1736 552 vacillarunt
1753 534 1821 560 gen-

1029 573 1078 596 tes.
1095 568 1122 596 8.
1140 568 1171 595 Et
1200 569 1289 596 subito
1309 569 1407 597 cecidit
1427 570 1517 603 Babel,
1547 575 1574 598 et
1593 571 1734 598 confracta
1759 577 1820 597 est:

1029 614 1066 647 (g)
1080 613 1352 644 lamentaminieam,
1382 615 1481 641 sumite
1507 615 1626 642 resinam
1643 616 1820 650 corruptioni

1028 657 1098 691 ejus,
1117 657 1186 684 forte
1201 658 1355 685 sanabitur.
1372 658 1399 686 9.
1422 658 1583 686 Sanavimus
1599 660 1780 695 Babylonem,
1795 666 1822 686 et

1029 710 1081 728 non
1096 707 1189 729 sanata
1210 707 1269 729 est:
1297 703 1520 738 derclinquamus
1535 712 1594 731 eam
1608 726 1615 735 ,
1635 709 1663 732 et
1687 705 1820 732 abeamus

1029 747 1217 781 unusquisque
1232 747 1257 773 in
1273 752 1374 774 terram
1392 755 1470 774 suam
1484 757 1491 781 ;
1506 748 1568 782 quia
1585 749 1820 783 appropinquavit

1029 792 1054 818 in
1067 792 1164 819 malum
1175 792 1308 826 judicium
1322 793 1389 827 ejus,
1409 793 1445 828 (Ιι)
1461 793 1597 820 sublatum
1622 799 1663 821 est
1687 800 1777 828 usque
1789 794 1818 827 (il

1028 839 1059 865 ad
1076 843 1158 865 astra.
1176 838 1220 867 10.
1233 838 1346 866 Protulit
1364 838 1494 866 Dominus
1508 839 1544 874 (k)
1563 839 1697 874 judicium
1714 847 1796 866 suum
1810 849 1817 867 :

1029 885 1129 917 venite,
1145 889 1172 911 et
1187 885 1379 912 annuntiemus
1396 885 1421 912 in
1441 885 1524 912 Sione
1537 893 1618 920 opera
1636 885 1745 912 Domini
1773 885 1818 912 Dei

1028 929 1125 956 nostri.
1145 929 1187 956 Η.
1209 930 1363 964 Praeparate
1378 930 1441 961 tela,
1455 929 1563 964 implete
1576 929 1720 964 pharetras
1738 939 1745 956 :
1773 937 1819 956 ex-

1028 976 1119 1003 citavit
1135 975 1268 1003 Dominus
1287 976 1413 1011 spiritum
1443 975 1513 1010 regis
1530 975 1689 1007 Medorum;
1707 975 1774 1009 quia
1792 975 1818 1000 iu

1029 1021 1193 1056 Babylonem
1209 1022 1240 1057 (ι)
1257 1023 1297 1049 ira
1317 1022 1394 1056 ejus,
1426 1022 1459 1048 ad
1477 1021 1622 1048 delendum
1653 1029 1726 1053 eam,
1754 1022 1818 1055 quia

1029 1068 1095 1095 ultio
1107 1068 1214 1095 Domini
1231 1073 1281 1101 est,
1301 1068 1366 1095 ultio
1379 1069 1470 1103 templi
1484 1068 1552 1102 ejus.
1564 1068 1607 1095 12.
1626 1068 1713 1102 Super
1731 1068 1820 1095 muris

1029 1113 1176 1149 Babylonis
1188 1114 1291 1142 elevate
1305 1115 1424 1150 signum,
1439 1115 1486 1148 (ιιι)
1504 1115 1661 1141 constituite
1675 1114 1818 1145 excubias.

1030 1159 1123 1194 ponite
1149 1159 1291 1192 excubias,
1314 1164 1464 1193 przeparate
1489 1159 1526 1193 (ιι)
1550 1166 1644 1191 arma;
1659 1159 1723 1193 quia
1744 1159 1820 1186 dedit

1029 1204 1055 1230 in
1070 1211 1166 1231 manus
1186 1204 1214 1239 (i.
1227 1211 1252 1230 e.
1268 1212 1406 1238 aggressus
1436 1203 1486 1238 est)
1510 1202 1642 1230 Dominus
1655 1223 1662 1235 ,
1682 1208 1710 1230 et
1727 1203 1819 1237 faciet,

1029 1257 1089 1284 quae
1098 1249 1204 1276 locutus
1212 1253 1342 1283 estsuper
1351 1249 1503 1276 habitantes
1512 1249 1537 1275 in
1549 1249 1697 1284 Babylone,
1712 1249 1756 1276 13.
1769 1250 1819 1276 ha-

1030 1294 1148 1321 bitantes
1166 1301 1249 1328 super
1262 1294 1341 1328 aquis
1359 1294 1461 1327 multis,
1491 1299 1518 1321 et
1546 1302 1627 1328 super
1642 1294 1679 1329 (ο)
1695 1295 1820 1321 multitu-

1029 1340 1090 1366 dine
1108 1339 1298 1366 thesaurorum
1315 1340 1394 1374 ejus:
1412 1339 1485 1366 venit
1503 1340 1564 1367 finis
1581 1345 1643 1367 tuus
1659 1347 1723 1367 vere
1735 1341 1774 1374 (p)
1793 1341 1818 1367 in

1031 1385 1133 1412 viscera
1148 1384 1274 1412 intestina
1288 1389 1344 1411 tua.
1359 1384 1402 1411 Μ.
1419 1384 1486 1417 Quia
1502 1385 1600 1418 iuravit
1619 1385 1752 1412 Dominus
1766 1386 1820 1411 vir-

1031 1434 1116 1456 tutum
1130 1437 1178 1464 per
1189 1430 1330 1457 brachium
1348 1437 1440 1457 suum.
1459 1430 1521 1464 quia
1552 1430 1671 1465 implebo
1687 1435 1711 1457 te
1729 1431 1820 1457 homi-

1033 1476 1121 1507 nibus,
1138 1476 1175 1510 (ιι)
1200 1476 1271 1503 sicut
1287 1476 1410 1508 lorustis,
1429 1475 1464 1510 (ι’)
1480 1480 1506 1503 et
1530 1476 1674 1510 loquentur
1689 1484 1775 1511 super
1796 1481 1821 1504 te

1032 1521 1238 1549 descendentes.
1255 1521 1297 1547 15.
1317 1521 1368 1554 Qui
1391 1521 1454 1547 facit
1471 1526 1568 1548 terram
1595 1522 1621 1548 in
1641 1522 1741 1549 robore
1756 1530 1819 1554 suo,

1030 1566 1076 1600 qui
1094 1571 1172 1600 parat
1190 1566 1284 1593 urbem
1302 1567 1479 1593 habitabilem
1495 1567 1521 1593 in
1539 1567 1671 1601 sapientia
1701 1575 1766 1599 sua,
1794 1568 1820 1594 in

1030 1612 1208 1646 intelligentia
1222 1620 1269 1638 sua
1285 1612 1406 1639 extendit
1424 1613 1522 1639 coelum
1533 1632 1540 1644 ,
1558 1612 1599 1640 16.
1617 1613 1643 1639 in
1659 1621 1754 1640 vocem
1769 1621 1820 1647 po-

1031 1659 1085 1684 suit
1101 1657 1300 1684 mollitudinem
1314 1658 1444 1692 strepitus
1455 1666 1533 1692 aqum
1547 1659 1573 1685 in
1585 1659 1665 1691 cmlo,
1678 1663 1704 1685 et
1724 1659 1821 1685 eduxit

1030 1703 1116 1729 nubes
1130 1703 1164 1729 ah
1178 1707 1300 1730 extremo
1313 1708 1402 1733 teme,
1421 1703 1527 1738 fulgura
1553 1704 1578 1730 in
1605 1704 1723 1738 pluviam
1743 1704 1819 1734 fecit,

1029 1752 1056 1774 ct
1067 1748 1160 1775 eduxit
1174 1749 1208 1783 (ε)
1232 1749 1322 1775 lumen
1349 1756 1365 1775 ρ
1383 1749 1520 1775 thesauris
1553 1749 1621 1776 suis.
1650 1749 1694 1775 17.
1713 1748 1820 1776 Stultus

1030 1793 1119 1820 factus
1137 1799 1178 1820 est
1195 1794 1285 1821 omnis
1311 1795 1393 1821 homo
1414 1802 1429 1821 a
1447 1795 1574 1826 scientia,
1594 1795 1756 1829 pudefactus
1779 1801 1820 1822 est

1030 1839 1119 1865 omnis
1133 1839 1255 1865 conflans
1269 1847 1365 1865 aurum
1380 1847 1393 1865 a
1407 1840 1577 1874 sculptilibus
1594 1841 1662 1871 suis,
1675 1841 1740 1874 quia
1750 1840 1819 1867 falsa

1029 1882 1194 1914 conﬂaruut,
1209 1890 1263 1909 non
1284 1888 1326 1910 est
1343 1884 1455 1918 spiritus
1478 1885 1503 1910 in
1525 1885 1576 1917 eis,
1604 1885 1647 1911 18.
1669 1893 1739 1911 vana
1757 1894 1789 1912 su
1803 1891 1820 1912 .t

1030 1937 1111 1964 opera
1127 1931 1158 1964 (ι)
1185 1930 1308 1961 ridicula,
1329 1931 1353 1956 iu
1383 1935 1501 1965 tempore
1535 1931 1700 1958 \‘isitationis
1720 1939 1818 1958 eorum

1031 1975 1166 2010 peribunt.
1184 1977 1224 2003 ω.
1242 1975 1300 2003 Non
1319 1976 1380 2003 talis
1395 1984 1457 2010 pars
1482 1976 1586 2008 Jacobi,
1607 1977 1670 2011 quia
1686 1977 1741 2009 ille,
1770 1978 1817 2012 qui

1031 2020 1156 2048 formavit
1175 2022 1277 2053 omnia,
1294 2021 1351 2055 ipse
1364 2026 1405 2048 est
1420 2021 1458 2055 (ιι)
1475 2026 1501 2048 et
1518 2021 1631 2049 baculus
1647 2022 1818 2050 hmreditatis

1029 2067 1099 2101 ejus,
1115 2067 1245 2093 Dominus
1257 2067 1386 2093 virtutum
1401 2075 1499 2094 nomen
1528 2067 1562 2094 ei.
1586 2067 1631 2094 2i).
1651 2067 1689 2101 (ι)
1707 2067 1818 2102 Disper-

1030 2115 1071 2148 gis
1086 2113 1150 2139 mihi
1167 2120 1230 2139 vasa
1248 2113 1320 2143 belli,
1336 2113 1373 2147 (υ)
1399 2117 1425 2139 et
1444 2113 1599 2147 dispergam
1624 2113 1650 2138 in
1669 2118 1695 2139 te
1710 2118 1818 2146 gentes,

696 2167 729 2186 ne
754 2159 871 2193 parcatis
898 2167 978 2193 super
995 2175 1015 2201 Β
1029 2164 1055 2186 et
1067 2159 1160 2185 tollam
1175 2159 1212 2194 (ς.)
1226 2166 1273 2193 per
1290 2163 1315 2186 te
1336 2166 1422 2193 rcges.
1442 2158 1488 2184 21.
1504 2157 1537 2184 Et
1553 2158 1708 2192 dispergam
1737 2159 1764 2184 iu
1794 2164 1819 2186 te

1031 2213 1141 2240 equum,
1160 2210 1186 2231 et
1202 2212 1374 2231 ascensorem
1390 2204 1459 2239 ejus,
1471 2204 1516 2230 22.
1530 2209 1557 2231 et
1573 2204 1727 2238 dispergam
1751 2205 1778 2230 in
1795 2210 1819 2231 le

1031 2257 1138 2282 currus,
1151 2254 1178 2277 et
1194 2256 1354 2276 aseensores
1376 2257 1470 2276 eorum
1487 2269 1494 2282 ,
1519 2254 1546 2276 et
1568 2249 1721 2284 dispergam
1749 2249 1776 2276 in
1794 2255 1819 2277 te

1040 2350 1082 2380 Α..
1095 2349 1227 2375 adversus
1239 2349 1349 2379 electos,
1364 2354 1390 2375 et
1400 2349 1542 2377 insanient.
1559 2349 1600 2381 8.,
1613 2357 1694 2383 super
1706 2349 1818 2376 brachia

1025 2385 1033 2418 )
1047 2385 1105 2417 Qua
1122 2385 1225 2411 conlisa
1243 2389 1294 2414 est,
1318 2388 1344 2410 et
1367 2389 1513 2410 exaresert.
1553 2388 1590 2418 (ιι)
1603 2385 1646 2415 .~1.,
1661 2384 1686 2410 iu
1702 2384 1817 2410 simula—

1022 2423 1058 2453 (ν)
1081 2418 1125 2450 Λ.,
1142 2419 1436 2445 slruthiocamclorutn.
1459 2418 1498 2451 S.,
1525 2419 1545 2446 si

295 2455 330 2488 (ιι)
349 2453 390 2487 8.,
405 2458 431 2480 et
445 2462 496 2480 non
514 2455 678 2482 habitabitur
693 2456 809 2489 amplius
825 2455 850 2480 in
864 2455 1012 2486 \it‘torialn,
1031 2462 1080 2481 nec
1095 2453 1260 2480 habitabitur
1282 2454 1307 2480 in
1321 2461 1351 2480 ea
1373 2461 1459 2488 usque
1481 2453 1507 2479 iu
1527 2454 1714 2488 generationes
1731 2459 1758 2479 ct
1772 2463 1817 2487 ge-

295 2497 359 2515 mes.
416 2489 450 2515 (ν)
485 2490 528 2515 Α..
558 2490 599 2515 8..
623 2496 740 2515 scutum.
798 2491 831 2515 (si
863 2490 905 2515 Α..
939 2490 1065 2515 elatione.
1095 2488 1135 2515 8..
1168 2488 1263 2515 gloria.
1321 2489 1351 2515 (tl
1374 2488 1414 2515 8..
1445 2496 1527 2515 sober
1560 2489 1746 2515 habitaculum
1768 2495 1817 2514 an-

939 2495 1065 2516 elattonc.
1095 2495 1135 2520 a.,

614 2526 652 2558 (π)
684 2525 726 2557 Α.,
750 2525 919 2551 iuvehentur.
947 2524 987 2557 S.,
1002 2524 1221 2550 deridebunteos
1240 2523 1344 2549 minimi
1367 2531 1489 2557 gregum.

873 2559 910 2593 (ιι)
936 2559 979 2591 Α.,
1008 2563 1035 2585 et
1066 2558 1260 2585 humeetabunt
1279 2559 1475 2593 terramrejus,
1497 2560 1560 2592 quia
1594 2558 1704 2584 fuerunt
1737 2565 1818 2592 super

1009 2593 1078 2627 ).v'1.,
1109 2593 1230 2619 militiam
1256 2593 1335 2627 ejnss
1364 2592 1402 2626 (ιὶ)
1437 2592 1481 2623 A.,

1525 2419 1644 2446 sirenum
1660 2427 1721 2445 cum
1739 2419 1819 2445 furti-

1168 2488 1263 2523 gloria.
1321 2489 1351 2522 (ι)
1374 2488 1414 2521 8.,
1445 2496 1527 2522 super
1560 2489 1746 2515 habitaculum
1768 2495 1818 2514 an-

1338 2523 1489 2557 igregum.
1529 2523 1566 2558 (ιι)
1586 2523 1738 2549 Chaldaeos.
1779 2524 1817 2557 (ιι)

1511 2594 1537 2619 in
1554 2593 1683 2619 exilibus.
1725 2593 1760 2626 (ε)
1772 2592 1815 2624 .~1.,

1211 2627 1250 2661 (I1)
1264 2627 1307 2658 11.,
1324 2626 1363 2659 S.,
1382 2628 1478 2654 extulit
1493 2636 1530 2654 se.
1570 2628 1601 2662 (i)
1617 2627 1654 2653 Ad
1667 2629 1816 2662 conniveo-

1051 2661 1178 2695 cogitatio
1197 2670 1256 2696 ejus
1279 2664 1311 2688 ad
1337 2662 1502 2695 perdendum
1522 2661 1592 2689 cani.
1637 2663 1685 2695 (ιιι)
1708 2661 1752 2694 A.,
1775 2661 1816 2694 S.,

1248 2697 1284 2731 (υ)
1305 2695 1347 2726 Λ.,
1371 2697 1514 2723 multitudo
1550 2697 1576 2723 in
1598 2697 1734 2723 thesauris
1747 2698 1815 2730 ejus.

1177 2731 1263 2766 (r)S.,
1289 2737 1316 2770 et.
1333 2733 1539 2770 respondebunt
1563 2736 1684 2770 Sllpt'l‘_ltt
1714 2731 1814 2770 “adad,

1704 2775 1728 2793 L‘I
1737 2774 1816 2793 rtll‘la.

1125 2803 1162 2837 (ι)
1176 2803 1195 2828 Α
1215 2806 1248 2828 lc.
