1919 3077
210 133 276 161 239i

799 126 912 155 CODEX
934 126 1270 156 SYRO-IIEXAPLARIS.

1766 131 1838 159 2592

209 191 279 225 ejus.
297 188 340 216 56.
356 187 425 221 Quia
445 187 519 215 venit
534 194 617 222 super
634 186 795 221 Babylonem
814 186 845 221 (Ι)
869 186 976 213 miseria
991 195 996 212 :
1014 191 1034 218 Α
1051 187 1121 215 inter
1145 195 1253 214 murum
1278 190 1304 214 et
1321 187 1496 221 autemurale,
1518 187 1590 222 quod
1604 192 1663 215 erat
1680 187 1714 215 ad
1727 188 1836 217 hortum

209 236 281 270 capti
307 239 372 263 sunt
394 238 559 269 pugnatorcs
577 233 645 267 ejus,
669 233 761 259 tremit
786 239 866 259 arcus
881 239 996 264 eorum;

208 282 257 318 (m)
273 282 337 316 quia
355 282 425 308 Deus
445 280 583 307 retribuit.
604 279 646 306 57.
665 278 798 305 Dominus
823 278 951 305 retribuet
972 278 996 306 ei

208 327 416 355 retributionem
439 345 446 356 ,
477 329 503 352 et
527 323 671 351 inebriabit
701 323 832 351 ebrietate
861 323 997 358 sapientes

207 373 278 407 ejus,
292 372 330 407 (η)
354 375 381 398 et
409 371 492 398 duces
519 369 597 403 ejus,
611 369 644 402 ><
665 373 690 395 et
704 373 821 396 rectores
848 368 946 403 ejus:.
970 373 997 396 et

207 418 350 454 praefectos
363 416 434 451 ejus,
448 419 475 442 et
495 414 577 441 fortes
588 414 658 447 ejus,
671 415 705 448 )t(
715 419 742 441 et
765 414 902 441 dormieut
921 421 996 441 som-

206 473 271 491 num
286 464 492 497 scmpiternum,
509 465 535 487 et
550 468 604 487 non
616 460 807 487 excitabuntur
825 459 854 494 ζ,
873 460 995 487 dicitrex

205 509 347 541 Dominus,
363 508 535 541 omnipotens
552 514 649 533 nomen
661 507 696 533 ei.
713 505 758 533 58.
783 505 846 533 Haac
860 506 928 533 dixit
943 505 996 533 Do-

206 556 296 582 minus
310 563 316 582 :
330 553 424 580 Murus
440 552 586 588 Babylonis
603 552 639 588 (o)
651 553 780 579 dilatatus
794 557 844 585 est,
862 551 995 582 diruendo

205 602 338 632 diruetur,
354 604 381 626 et
396 604 482 634 porta:
499 599 559 633 ejus
587 598 702 625 excelsae
728 599 762 632 x
778 598 805 625 in
820 598 905 632 igne:
921 606 995 626 com-

204 646 356 672 burentur:
377 648 403 671 et
434 643 599 670 laborabunt
625 643 717 677 populi
738 642 775 676 (Ρ)
803 643 829 669 in
845 645 994 674 vanum,et

203 695 296 726 gentes
319 690 345 716 in
366 689 499 724 principio
529 689 665 716 deﬁcient.
692 688 736 716 59.
769 688 900 721 Verbum,
920 687 992 723 quod

202 735 331 770 praecepit
347 741 378 762 -ξε
393 733 523 761 Dominus
537 735 547 769 ζ
565 733 690 761 Jeremize
714 734 861 768 prophetw,
877 738 906 760 ut
919 734 993 761 dice-

201 786 244 808 ret
256 780 352 807 Sancte
368 780 423 807 ﬁlio
451 779 539 806 Neria:
552 779 606 806 ﬁlio
614 779 732 811 Maasim,
745 787 807 806 cuin
827 779 915 806 abiret
928 779 964 815 (q)
976 786 991 806 a

202 826 314 854 Sedccia
339 833 400 860 rege
417 825 494 852 Juda:
510 825 536 852 in
563 824 727 860 Babylonem
757 825 784 851 in
800 832 872 852 anno
894 829 991 860 quarto

201 872 276 907 regni
289 871 367 906 ejus:
383 875 410 898 et
426 870 518 898 Saraaa
532 870 657 904 princeps
673 870 707 906 (r)
732 870 878 897 donorum.
896 870 941 897 60.
955 870 989 898 Et
1005 862 1026 892 Β

200 917 308 951 scripsit
325 916 440 943 Jcremia
467 916 558 943 omnia
585 915 667 948 mala,
695 923 755 950 qua:
770 915 879 943 venient
908 923 990 950 super

199 963 375 997 Babylonem,
393 963 419 989 in
433 963 504 989 libro
524 969 590 994 uno,
608 961 699 988 omnia
715 961 794 988 verba
809 961 867 988 hzec
889 962 989 995 scripta

198 1016 281 1043 super
295 1007 472 1043 Babylonem.
486 1008 530 1034 (il.
545 1006 578 1034 Et
591 1007 659 1034 dixit
671 1006 788 1034 Jeremia
802 1007 835 1034 ad
848 1006 988 1035 Sarzeam:

200 1054 269 1081 Cum
286 1053 394 1081 veneris
420 1053 446 1080 in
463 1053 639 1088 Babylonem,
669 1057 695 1079 et
719 1053 830 1085 videris,
846 1057 873 1079 ct
891 1053 988 1087 legeris

198 1099 290 1127 omnia
305 1100 388 1126 verba
403 1100 469 1132 haec,
489 1099 533 1126 62.
547 1104 574 1126 et
585 1099 659 1126 dices
677 1106 684 1124 :
702 1098 824 1132 Domine,
838 1103 866 1126 tu
881 1099 987 1127 locutus

197 1153 228 1172 es
242 1152 324 1179 super
336 1144 424 1176 locum
440 1144 522 1176 hunc,
548 1144 581 1171 ad
604 1143 748 1170 delendum
760 1151 833 1176 eum,
846 1149 872 1170 et
887 1148 916 1170 ut
933 1152 986 1171 non

197 1191 233 1217 sit
245 1191 272 1218 in
286 1198 319 1218 eo
332 1191 460 1218 habitans
483 1190 517 1217 ab
541 1190 651 1217 homine
667 1197 754 1224 usque
767 1189 801 1216 ad
814 1189 986 1224 jumentum;

196 1236 261 1270 quia
276 1236 388 1263 exitium
402 1236 429 1262 in
446 1235 576 1263 saeuiunt
587 1234 703 1263 erit.63.
726 1234 760 1261 Et
773 1235 835 1268 erit,
851 1243 913 1262 cum
929 1243 987 1263 ces-

196 1281 300 1310 saveris
317 1281 406 1316 legere
433 1281 533 1309 librum
555 1281 637 1314 hunc,
655 1285 682 1308 et
709 1280 806 1315 ligabis
830 1288 912 1315 super
924 1289 986 1308 eum

196 1327 322 1362 lapidem,
344 1331 372 1354 et
398 1327 525 1362 projicies
551 1334 614 1354 eum
630 1327 657 1355 in
674 1326 793 1354 medium
825 1325 984 1361 Euphratis,

194 1373 239 1400 64.
252 1378 279 1400 et
292 1373 368 1400 dices
382 1381 389 1400 :
407 1372 453 1400 Sic
468 1373 658 1408 submergetur
671 1372 762 1405 Babel,
775 1376 802 1399 et
821 1380 874 1399 non
893 1380 986 1400 resur-

193 1423 238 1454 get
254 1418 288 1445 ab
306 1422 369 1445 ante
385 1417 482 1445 facient
496 1417 640 1450 malorum,
655 1425 715 1452 qua:
727 1424 777 1452 ego
791 1417 890 1445 induco
904 1425 986 1452 super

194 1472 265 1492 eam.
276 1465 311 1498 Χ
326 1463 396 1498 (δ)Ει
411 1467 547 1492 steterunt
566 1463 708 1498 hucusque
720 1463 801 1490 verba
820 1462 943 1491 Jeremiae
960 1464 983 1498 ζ.

228 1510 295 1546 Cap.
313 1509 371 1537 Lll.
386 1525 421 1530 —-
432 1510 458 1537 l.
473 1509 541 1537 Cum
556 1514 627 1537 esset
643 1513 723 1537 natus
737 1509 830 1544 viginti
846 1513 874 1536 et
898 1517 981 1536 unum
996 1526 1017 1555 ο

193 1562 296 1583 annum
311 1554 435 1588 Sedecia,
456 1562 569 1590 regnum
588 1554 665 1587 adiit,
693 1557 721 1581 et
744 1553 869 1581 undet-im
903 1554 982 1582 annis

193 1602 317 1636 regnavit
331 1601 358 1628 in
372 1600 522 1629 Jerusalem
541 1609 548 1627 :
565 1605 592 1628 et
619 1606 717 1628 nomen
750 1599 831 1626 matri
850 1599 913 1634 ejus
928 1599 983 1626 lla-

194 1647 289 1679 matul.
309 1646 362 1674 ﬁlia
376 1646 500 1674 Ieremia:
508 1646 541 1674 de
555 1645 710 1674 Lobena.2.
721 1644 795 1680 XEt
812 1645 982 1672 l'ecitmalum

193 1692 220 1720 in
250 1693 337 1720 oculis
367 1692 497 1725 Domini,
521 1692 753 1728 quemadmodum
779 1690 843 1719 fecit
866 1689 981 1718 Joaeim.

192 1739 219 1765 5.
241 1738 311 1771 Quia
328 1746 410 1773 super
427 1737 548 1766 furorem
573 1737 682 1765 Domini
699 1741 757 1764 erat
773 1736 935 1769 Jerusalem,
956 1740 984 1764 et

192 1783 272 1816 Juda,
292 1791 378 1818 usque
393 1783 457 1811 dum
477 1783 592 1818 proiecit
606 1791 654 1810 eos
670 1791 685 1810 a
705 1782 772 1809 facie
791 1790 851 1814 sua,
869 1787 895 1808 et
906 1782 982 1809 elon-

191 1829 298 1864 garitse
309 1829 421 1856 Sedecia
431 1828 463 1864 (t)
473 1836 487 1855 a
499 1836 561 1863 rege
572 1828 716 1863 Babylonis
724 1828 748 1863 ζ.
756 1828 782 1854 4.
790 1827 821 1854 Et
833 1827 933 1854 factum
941 1831 983 1854 est

192 1875 219 1901 in
235 1882 306 1902 anno
324 1882 397 1900 nono
409 1874 484 1908 regni
501 1874 571 1908 ejus,
592 1874 618 1900 in
636 1881 729 1901 mense
741 1874 857 1906 decimo,
876 1873 982 1900 decimo

191 1920 303 1951 mensis,
311 1918 638 1947 venitNabucbodunosor
645 1927 691 1946 rex
698 1919 852 1954 Babylonis,
861 1919 982 1946 etomnis

191 1965 312 2000 potentia
329 1966 389 2000 ejus
404 1972 486 1999 super
500 1963 663 1998 Jerusalem,
687 1965 727 2000 (ιι)
749 1969 776 1992 et
802 1964 982 1992 circumdedit

190 2018 251 2037 eam
269 2009 354 2042 fossa,
372 2014 399 2037 et
416 2010 560 2038 aediﬁcavit
580 2010 663 2038 cinxit
685 2018 745 2038 eam
768 2011 897 2038 oneribus
914 2010 982 2044 lapi-

189 2055 232 2083 dis
250 2055 438 2083 circumcirca.
456 2056 481 2083 5.
495 2056 528 2083 Et
551 2057 625 2084 venit
641 2057 707 2084 urbs
729 2056 767 2092 (π)
784 2056 811 2083 in
829 2057 980 2089 angustiam

189 2108 275 2136 usque
285 2102 318 2127 ad
332 2109 435 2128 annum
449 2101 623 2129 undecimum
639 2102 712 2136 regis
723 2102 851 2133 Sedccim,
867 2101 893 2128 (i.
908 2103 941 2135 >ε<
954 2101 979 2128 in

189 2153 285 2173 mense
300 2150 399 2181 quarto
412 2147 424 2182 ζ
438 2147 464 2174 in
489 2155 562 2175 neno
587 2147 698 2181 mensis,
725 2153 752 2175 et
766 2148 880 2175 invaluit
895 2148 980 2175 fames

1049 233 1132 268 regis,
1149 237 1175 260 et
1191 232 1310 260 Chaldaei
1323 240 1405 268 super
1420 233 1487 260 urbe
1503 233 1530 260 in
1547 233 1674 266 circuitu,
1685 238 1713 261 et
1727 235 1837 262 iveruut

1050 279 1175 310 viam,ad
1201 278 1351 312 (2.)Araba.
1377 279 1402 305 8.
1426 278 1459 305 Et
1482 284 1622 310 persecuta
1643 283 1686 306 est
1714 282 1835 314 polentia

1049 323 1239 351 Chaldreorum
1252 329 1313 359 post
1324 332 1425 359 regem,
1438 328 1464 351 et
1478 325 1714 361 apprehendcrunt
1725 333 1789 353 eum
1803 333 1834 353 -ι-

1049 377 1138 404 regem
1156 369 1295 397 Sedeciam
1311 370 1372 404 :(a)
1395 375 1470 398 trans
1494 369 1616 403 Jericho,
1633 371 1669 405 (ὁ)
1694 379 1721 400 et
1738 379 1834 400 omnes

1047 415 1118 442 servi
1133 415 1192 450 ejus
1213 415 1329 450 dispersi
1356 420 1420 443 sunt
1433 416 1467 442 ah
1484 423 1527 443 eo.
1549 416 1576 443 9.
1591 415 1625 442 Et
1648 422 1782 451 ceperunt
1792 425 1834 444 re~

1047 469 1119 496 gem,
1134 466 1163 488 et
1178 461 1315 488 duxerunt
1326 468 1389 488 eum
1413 461 1447 488 ad
1468 468 1558 496 regem
1573 461 1717 497 Babylonis
1736 462 1762 488 in
1783 462 1833 489 De-

1047 507 1139 533 blatha
1166 511 1267 534 terram
1289 505 1404 533 [lamath
1419 515 1426 533 ε
1441 511 1469 534 et
1491 507 1599 534 locutus
1619 513 1660 535 est
1676 508 1700 534 ei
1716 515 1780 534 cum
1791 507 1833 541 jn-

1045 552 1128 579 dicio.
1146 551 1188 579 10.
1206 553 1241 586 (τ)
1255 551 1288 579 Et
1309 552 1444 587 jugulavit
1468 560 1512 580 rex
1537 553 1681 588 Babylonis
1695 554 1764 580 ﬁlios
1783 553 1832 580 Se-

1046 597 1128 624 decize
1143 605 1236 624 ecram
1250 597 1338 625 oculis
1352 597 1411 632 ejus
1424 607 1430 624 :
1447 603 1474 625 et
1495 605 1590 627 omnes
1608 598 1744 633 principes
1756 598 1833 626 Juda:

1043 642 1180 678 jugulavit
1192 643 1218 670 in
1237 643 1378 671 l‘eblatha.
1395 644 1436 670 ll.
1456 643 1488 671 Et
1506 645 1600 672 oculos
1614 645 1734 673 Sedecize
1747 652 1832 672 excae-

1044 689 1126 721 cavil,
1142 694 1169 716 et
1182 688 1274 723 ligavit
1289 697 1350 716 eum
1367 689 1406 725 (d)
1422 690 1449 716 in
1464 690 1659 724 compedibus:
1678 691 1712 726 (ε)
1724 692 1831 719 οιάιάἰι

1043 741 1105 761 eum
1121 734 1148 761 in
1159 734 1269 761 domum
1284 735 1317 769 (r)
1333 735 1451 769 pistrini,
1465 735 1584 770 usqueiu
1597 735 1680 769 diem,
1693 745 1749 771 quo
1759 745 1830 764 mor-

1044 783 1108 807 tuus
1124 785 1175 807 Cal.
1194 780 1236 807 12.
1252 780 1285 808 Et
1301 781 1328 807 in
1353 788 1446 808 mense
1463 782 1569 816 quinto,
1594 782 1700 809 decimo
1715 784 1828 816 mensis,

1045 825 1135 859 Xhic
1159 832 1247 852 annus
1278 826 1399 854 decimus
1428 833 1517 853 nonus
1550 826 1829 857 Nabuchodonosoris

1041 869 1112 904 regis
1136 869 1281 905 Babylonis
1304 871 1314 905 ζ
1338 891 1345 903 ,
1376 871 1448 898 venit
1483 871 1661 900 Nabuzardan
1691 873 1728 908 (g)
1752 874 1829 908 prin<

1040 921 1104 948 crps
1120 921 1281 949 coquorum,
1297 922 1373 942 stans
1386 920 1448 943 ante
1473 916 1567 944 faciem
1583 918 1654 952 regis
1668 917 1828 953 Babylonis,

1040 959 1066 986 in
1084 959 1235 987 Jerusalem
1254 970 1260 987 :
1278 961 1319 988 15.
1333 965 1360 988 et
1383 961 1503 989 incendit
1526 962 1636 989 domum
1661 962 1783 996 Domini,
1803 969 1829 991 et

1039 1006 1151 1034 domum
1166 1006 1247 1041 regis,
1264 1006 1302 1042 (I1)
1317 1011 1343 1034 et
1358 1015 1454 1034 otnnes
1463 1008 1558 1036 domos
1573 1008 1657 1041 urbis,
1671 1013 1698 1036 et
1717 1017 1829 1037 omnem

1038 1052 1150 1080 domum
1176 1061 1302 1088 magnam
1328 1054 1449 1081 incendit
1473 1054 1499 1081 in
1517 1055 1577 1090 igne
1592 1064 1600 1082 :
1618 1055 1662 1082 η.
1677 1060 1706 1083 et
1718 1063 1827 1084 omnem

1038 1105 1146 1125 murum
1165 1097 1314 1126 Jerusalem
1332 1099 1512 1127 circumcirca
1527 1100 1700 1134 destruxitx
1713 1102 1825 1136 omnis:

1037 1143 1158 1178 potentia
1169 1143 1372 1177 Chaldaeorum,
1382 1152 1443 1180 qua
1453 1152 1514 1172 cum
1528 1146 1648 1181 principe
1662 1155 1825 1182 coquorum.

1038 1188 1082 1214 15.
1093 1189 1126 1222 >ς<
1140 1189 1175 1216 De
1185 1194 1275 1217 autem
1290 1191 1456 1225 pauperibus
1471 1191 1572 1226 populi,
1589 1192 1636 1227 qui
1664 1193 1749 1220 relicti
1770 1195 1826 1222 [υιη-

1037 1239 1101 1261 runt
1116 1235 1142 1261 in
1159 1235 1236 1267 urbe,
1252 1240 1279 1263 et
1293 1235 1323 1271 (ἰ)
1337 1236 1485 1269 dedititios,
1502 1238 1547 1272 qui
1560 1245 1589 1265 se
1609 1238 1773 1266 dediderunt
1793 1241 1825 1267 ad

1037 1286 1127 1314 regem
1143 1280 1288 1315 Babylonis
1302 1281 1331 1315 ζ,
1343 1286 1370 1309 et
1386 1281 1504 1317 reliquos
1522 1283 1624 1318 populi,
1640 1285 1751 1320 reliquit
1774 1285 1826 1313 Νε-

1036 1324 1174 1352 buzardan
1187 1327 1314 1362 princeps
1325 1335 1475 1363 coquorum
1488 1337 1496 1356 :
1524 1329 1567 1356 16.
1580 1331 1614 1364 >κ
1627 1336 1654 1357 et
1671 1340 1704 1358 ex
1724 1340 1826 1367 paupe-

1036 1372 1112 1399 ribus
1127 1377 1206 1401 terra:
1229 1374 1339 1409 reliquit
1362 1374 1545 1402 Nabuzardan
1570 1376 1696 1412 princeps
1719 1385 1825 1412 coquo-

1035 1425 1096 1444 rum
1113 1418 1124 1453 ζ
1143 1418 1169 1445 in
1183 1424 1341 1453 operatores
1360 1420 1511 1453 vinearum,
1529 1421 1567 1456 (k)
1581 1426 1608 1449 et
1633 1422 1659 1449 in
1675 1424 1823 1457 agricolas.

1036 1463 1079 1490 l7.
1097 1463 1129 1490 Et
1141 1465 1285 1493 columnas
1301 1465 1374 1498 aeris,
1391 1473 1451 1500 qua:
1467 1466 1494 1493 in
1511 1467 1594 1494 domo
1615 1466 1742 1501 Domini,
1757 1469 1789 1504 (ι)
1800 1475 1825 1497 et

1036 1509 1125 1542 bases,
1144 1514 1171 1537 et
1185 1518 1261 1538 mare
1276 1511 1350 1543 teris,
1362 1511 1434 1546 quod
1457 1512 1483 1539 in
1501 1512 1582 1540 domo
1602 1512 1720 1547 Domini,
1739 1514 1826 1550 frege-

1034 1561 1098 1582 runt
1110 1555 1280 1588 Chaldaei,et
1298 1562 1428 1591 ceperunt
1448 1559 1481 1592 3K
1500 1565 1581 1586 omne
1605 1559 1615 1593 ζ
1632 1567 1668 1587 :cs
1683 1567 1778 1588 eorum
1797 1563 1824 1588 in

1033 1600 1197 1636 Babylonem
1213 1610 1220 1629 :
1239 1601 1280 1629 18.
1298 1603 1332 1637 Χ
1346 1602 1393 1638 (m)
1408 1607 1435 1630 et
1452 1604 1614 1636 cacabos,et
1630 1604 1669 1640 (ιι)
1685 1607 1823 1641 εεορεεζ,

1033 1650 1059 1674 et
1074 1654 1215 1680 coronam,
1237 1652 1265 1675 et
1284 1648 1322 1682 (υ)
1346 1648 1461 1683 phialas,
1493 1653 1520 1676 et
1544 1649 1663 1678 luseinas
1677 1652 1781 1683 carnis,
1800 1658 1825 1679 et

1033 1692 1124 1719 omnia
1133 1699 1198 1719 vasa
1208 1692 1280 1725 aris,
1290 1693 1390 1727 quibus
1401 1693 1593 1721 ministrabant
1603 1694 1629 1721 in
1643 1695 1693 1727 eis,
1707 1696 1826 1729 Xsum-

1033 1742 1128 1765 serunt
1144 1738 1173 1773 ﬁ:
1187 1739 1229 1766 l9.
1243 1742 1269 1766 et
1285 1739 1322 1774 (p)
1341 1737 1474 1773 Saphoth,
1493 1741 1526 1774 ﬁo:
1539 1746 1565 1767 et
1580 1739 1616 1775 (q)
1641 1740 1822 1775 Mazmeroth,

1032 1789 1059 1810 et
1079 1784 1113 1819 (r)
1131 1785 1300 1817 Mazracotb,
1313 1789 1340 1812 et
1358 1783 1516 1819 suﬁ'us'oria,
1534 1791 1560 1814 et
1574 1786 1738 1815 candelabra
1757 1790 1785 1823 ζ,
1797 1794 1824 1817 et

1033 1829 1202 1864 paropsides,
1216 1834 1243 1857 et
1261 1834 1379 1865 pateras,
1395 1839 1455 1865 qua:
1472 1835 1548 1858 erant
1561 1831 1621 1858 auri
1638 1833 1710 1865 auri,
1723 1837 1752 1860 et
1762 1841 1824 1868 quze

1032 1878 1111 1900 erant
1127 1875 1230 1910 argenti
1243 1875 1357 1910 argenti,
1373 1876 1471 1903 sumsit
1498 1876 1623 1911 princeps
1654 1884 1820 1913 coquorum.

1031 1919 1077 1947 20.
1094 1920 1128 1947 Et
1146 1921 1280 1948 columnae
1295 1920 1366 1954 dum,
1381 1926 1408 1948 et
1419 1929 1495 1949 mare
1510 1930 1606 1955 unum,
1623 1928 1649 1950 et
1657 1923 1740 1951 boves
1752 1924 1822 1951 duo-

1033 1965 1120 1993 decim
1137 1966 1211 1998 aaris,
1226 1967 1258 1998 Β(
1282 1966 1327 1993 isti
1344 1967 1355 2001 ζ
1379 1967 1428 2001 qui
1449 1971 1527 1994 erant
1554 1967 1590 2003 (ε)
1604 1967 1655 1995 sub
1668 1969 1748 2000 mari,
1762 1976 1822 2003 qua:

1033 2011 1098 2038 fecit
1114 2019 1161 2039 rex
1177 2011 1308 2039 Salomon
1322 2012 1348 2038 in
1363 2012 1475 2039 domum
1486 2012 1604 2045 Domini,
1620 2021 1673 2041 non
1684 2020 1743 2041 erat
1758 2022 1823 2049 pon-

1032 2057 1082 2085 dus
1098 2057 1160 2085 aeris
1173 2059 1207 2092 X
1218 2057 1343 2084 omnium
1367 2065 1494 2086 vasorum
1515 2059 1612 2086 horum
1627 2059 1638 2094 ζ
1652 2068 1659 2086 z
1678 2059 1723 2086 21.
1737 2064 1764 2087 et
1776 2068 1822 2087 co-

1032 2102 1133 2130 lumnae
1151 2103 1182 2138 (t)
1208 2103 1317 2137 triginta
1336 2109 1362 2131 et
1378 2104 1500 2139 quinque
1519 2104 1674 2132 cubitorum
1703 2105 1821 2133 altitudo

1031 2150 1166 2176 columna:
1179 2149 1269 2182 unius,
1292 2155 1318 2178 et
1333 2150 1408 2177 tilum
1433 2150 1575 2178 duodecim
1593 2151 1748 2178 cubitorum
1762 2152 1822 2179 cin-

188 2192 215 2219 iu
232 2192 309 2225 urbe,
340 2197 368 2220 et
395 2200 448 2220 non
478 2198 555 2220 erant
571 2201 655 2228 panes
678 2194 778 2229 popqu
804 2199 890 2221 terras.
903 2193 929 2221 7.
949 2194 981 2221 Et
997 2190 1017 2218 ῐ)
1033 2195 1112 2230 gebat
1124 2203 1195 2226 eam,
1210 2199 1238 2223 et
1253 2196 1393 2223 crassities
1407 2196 1468 2229 ejus
1487 2201 1607 2231 quatuor
1616 2196 1765 2232 digitorum
1781 2197 1821 2232 (ιι)

188 2238 313 2272 disrupta
339 2242 381 2266 est
396 2238 472 2271 urbs,
499 2243 525 2266 et
543 2246 640 2267 omnes
660 2240 711 2267 viri
736 2239 884 2267 bellatores
901 2239 978 2274 l'uge-

188 2291 264 2318 runt,
276 2289 304 2312 et
319 2285 461 2313 exiverunt
473 2293 506 2314 ex
522 2285 590 2314 urbe
604 2291 683 2314 nocte
694 2294 742 2322 per
759 2287 829 2314 viam
847 2286 977 2322 porta:(y)

1031 2241 1210 2269 circumcirca
1228 2241 1294 2268 :22.
1309 2241 1348 2276 (π)
1367 2247 1394 2269 et
1413 2242 1569 2278 epistylium
1592 2250 1673 2278 super
1687 2243 1727 2270 eis
1744 2243 1821 2274 atris.

1032 2293 1060 2315 et
1075 2287 1236 2322 magnitudo
1258 2287 1376 2322 epistylii
1402 2288 1483 2315 unius
1509 2287 1630 2323 quinque
1643 2288 1821 2317 cubitorum:

206 2396 236 2430 (ι)
248 2396 292 2429 A.,
302 2396 471 2431 depraadans.
493 2398 540 2433 (m)
553 2397 596 2431 S.,
611 2399 674 2433 quia
690 2399 769 2426 fortis
784 2402 972 2426 remunerator
982 2397 1123 2425 Dominus.
1142 2397 1249 2433 r(n)fA.,
1262 2397 1304 2430 S.,
1316 2403 1343 2424 et
1356 2397 1503 2433 principes.
1522 2397 1558 2432 (ο)
1572 2398 1615 2430 Λ.,
1632 2397 1675 2430 S.,
1686 2397 1768 2425 latus.
1781 2398 1821 2432 (p)

188 2431 233 2464 A.,
251 2439 299 2468 pro
312 2434 475 2460 sufﬁcientia
487 2431 564 2465 vana,
577 2431 723 2461 etfamiliae
738 2441 786 2467 pro
801 2433 962 2461 suliicientia
974 2433 1054 2467 ignis.
1076 2433 1113 2467 (q)
1130 2432 1173 2465 A.,
1189 2432 1230 2465 S.,
1244 2441 1316 2459 cum.
1337 2431 1372 2468 (r)
1387 2431 1428 2465 8.,
1446 2431 1527 2467 Super
1542 2433 1644 2467 quiete.
1665 2433 1700 2466 (ε)
1714 2433 1759 2465 Λ.,
1776 2431 1820 2465 S.,

187 2473 212 2492 et
235 2467 428 2508 dissolventttr.
451 2469 483 2504 (t)
501 2467 542 2501 S.,
559 2476 653 2510 anrege.
669 2468 776 2510 _(u)‘A.',
793 2474 819 2496 et
830 2473 920 2510 castra
932 2473 1053 2510 ‘mptat'us
1067 2472 1282 2510 est'supeream,
1295 2473 1322 2494 et
1330 2467 1464 2510 exstruxit
1475 2476 1557 2510 super
1568 2475 1629 2510 eain
1645 2468 1747 2510 jugum.
1759 2469 1821 2510 ppl-

507 2507 546 2537 (τε)
566 2503 608 2536 S.,
629 2505 655 2531 in
669 2504 863 2530 iuclusionem.
902 2503 910 2537 (

502 2539 657 2566 lanitiebus.
672 2538 713 2571 8.,
726 2538 752 2564 in
764 2538 883 2565 deserto.

189 2510 228 2528 vel
237 2502 260 2528 is
274 2502 465 2530 circumcirca.

188 2536 289 2572 labilis.
328 2538 366 2572 (a)
383 2537 427 2571 A.,
441 2539 466 2565 in

913 2502 940 2538 ῃ)
956 2501 1000 2538 Α..
1021 2503 1091 2538 inter
1108 2501 1177 2530 duos
1186 2510 1290 2529 muros.

921 2537 1014 2571 (b)A.,
1029 2537 1070 2570 S.,
1086 2542 1114 2564 et
1129 2537 1219 2564 omnis
1236 2538 1356 2571 potentia
1371 2537 1441 2572 ejus.
1479 2537 1514 2572 (ε)
1530 2537 1575 2570 A.,
1589 2537 1630 2569 S.,
1646 2537 1707 2567 TIL,
1724 2541 1754 2563 et
1768 2538 1821 2564 im-

1332 2503 1368 2537 (ι)
1383 2502 1428 2535 Λ.,
1461 2503 1594 2537 planitici.
1610 2502 1651 2535 8.,
1672 2510 1726 2529 non
1740 2502 1821 2529 habi-

188 2571 313 2613 I‘nolavit.
334 2571 393 2613 ⁷.(ι1)
410 2573 454 2606 Λ.,
468 2571 509 2613 S_.,
522 2574 594 2601 aeris.
627 2574 669 2613 .(c)
681 2579 707 2613 et
725 2573 872 2613 duxiteum
891 2581 937 2613 rex
952 2572 1100 2613 Babylonis
1117 2572 1144 2613 i'n
1169 2572 1352 2613 Babylotprmz
1435 2571 1612 2611 visitationis.
1625 2572 1668 2606 S.,
1683 2574 1818 2613 carceris.

187 2606 225 2641 (g)
236 2605 281 2639 A.,
295 2605 434 2636 lauion'um
448 2605 585 2644 princeps.
623 2605 664 2643 (Ῐι)
678 2609 723 2644 Α..
739 2612 765 2634 et
783 2616 886 2644 omnes
901 2608 997 2635 domos
1005 2605 1188 2644 Jerusalem.

571 2644 658 2675 A.,et
682 2643 707 2669 in
733 2649 855 2677 pas'ores
882 2643 974 2669 boum.
1005 2642 1066 2670 Th..
1099 2643 1206 2668 Gabini.

627 2677 674 2711 A.,
701 2677 830 2712 forcipes,
861 2683 887 2704 ct
905 2686 1013 2711 scopas.
1042 2677 1083 2709 8.,
1105 2678 1222 2711 forcipes
1234 2680 1263 2712 et
1276 2677 1408 2704 citharas.
1448 2678 1485 2712 (ο)
1504 2677 1549 2708 Α..
1574 2676 1616 2707 S.,

186 2644 471 2678 deruntsemetipsos.
510 2643 546 2677 (Ις)

187 2677 298 2714 (mhi-.7
313 2676 366 2714 78.,
396 2676 422 2706 et
439 2676 518 2706 ollas.
556 2684 595 2714 tn)

187 2715 224 2745 (ιι)
241 2712 380 2748 rumne.
394 2715 438 2745 A.,
455 2711 565 2748 hydrias
578 2721 668 2748 aquaa.
684 2712 726 2745 S.,
739 2711 856 2747 phialas.
876 2747 879 2748 ν
896 2713 933 2747 (q)
953 2713 986 2748 Μ.

1038 2712 1153 2748 ι1ΕΡΩΘ.
1170 2713 1215 2742 Λ.,
1228 2711 1269 2744 8.,
1285 2712 1474 2748 etthuribula.

269 2746 298 2777 ἰ..
313 2752 340 2774 et
356 2746 496 2778 verucula.
518 2754 545 2776 et
555 2746 641 2781 palas.
656 2747 715 2781 'l'lt.,
732 2746 759 2774 et
774 2746 928 2774 libaloriaf
950 2747 984 2781 (δ)
1001 2747 1045 2777 A.,
1063 2747 1113 2774 sub
1128 2747 1250 2773 basibus.
1290 2746 1375 2781 (0A.,
1396 2747 1438 2781 3,,
1456 2746 1615 2774 octodectm.

188 2749 233 2775 Α..
257 2746 298 2777 8.,
313 2752 340 2774 et
356 2746 496 2778 verucula.
518 2746 641 2783 etpalas.
656 2747 715 2781 'l'lt.,
732 2746 759 2774 et
774 2747 910 2774 libaloria.

1227 2608 1256 2642 (ἱ)
1276 2607 1318 2637 8.,
1336 2607 1474 2634 dedititios
1489 2615 1538 2634 sua
1554 2613 1660 2642 sponte,
1675 2608 1721 2642 qui
1738 2607 1818 2634 dedi—

1247 2642 1278 2682 ᾳ)
1293 2642 1337 2682 A.,
1364 2646 1391 2669 ct
1418 2642 1521 2682 fulcra._
1544 2641 1623 2682 Heln,
1641 2641 1818 2682 Machelttftlt.

1514 2678 1549 2708 L,
1574 2678 1616 2707 S.,
1645 2678 1816 2712 paropsides.

1514 2712 1549 2747 (r)
1566 2711 1814 2738 ΑΜΜΑΖΡΑΚΩΘ.

1514 2748 1615 2774 rdectm.
1657 2746 1697 2779 (ιι)
1710 2748 1754 2776 Α..
1772 2746 1815 2777 5..

1669 2755 1697 2777 ιι)
1710 2755 1754 2776 Α..
1772 2755 1815 2777 ὸ..

186 2788 256 2818 cava
275 2790 280 2806 :
296 2787 321 2818 et
340 2785 463 2818 capitella
477 2779 562 2818 super:
571 2792 602 2810 ea
617 2783 687 2815 il‘l'lS,
706 2779 732 2810 et
748 2783 861 2809 altitudo
871 2779 987 2815 capitelli
1003 2782 1223 2818 iuniusquinque
1235 2779 1389 2818 cubiturum
1408 2779 1423 2809 τ’
1431 2779 1543 2810 corona.
1563 2781 1660 2809 KPUK
1668 2782 1813 2808 ι’ΦΑΝΤΩ..

187 2815 267 2842 ΤΟΝ.

307 2817 346 2854 (I)
365 2816 408 2852 S.,
428 2816 652 2854 caput‘columnm
667 2826 748 2853 super
764 2825 925 2852 unaquaque
935 2825 967 2843 ex
985 2817 1034 2844 eis.
1056 2816 1184 2849 ΓΕΙΣΟΣ,
1205 2817 1366 2852 epistylium.
