4044 6274
264 387 403 441 1105

1341 388 1825 450 PROVERBIORU
1837 392 1883 447 Μ
1921 392 2151 449 CAPUT
2188 392 2427 449 XXVIII.

3386 400 3525 457 1466

902 506 1073 566 Νοίω
1102 509 1167 567 et
1198 504 1388 567 variaa
1436 504 1749 568 lectiones
1786 505 1867 568 ad
1912 523 2047 585 cap.
2081 508 2326 569 XXVII
2362 505 2882 571 Proverbiorum.

264 615 622 681 prtem-opere2
685 613 770 681 ut__
800 604 1030 681 solebat,
1088 607 1410 677 exscripsit,
1456 609 1840 681 ὲνεχυράσατο,

261 674 543 740 vertitque,
569 673 812 728 abstulit.
926 674 1130 731 Dnacn.

330 740 396 811 Υ.
429 741 520 795 15.
551 740 720 797 Hebr.
753 742 1061 799 Secundum
1095 744 1242 811 Keri,
1272 753 1494 806 cum.

326 810 391 867 ν.
423 811 515 867 22.
551 812 636 868 Ad
677 813 965 870 lectionem
993 813 1050 871 ’Δ
1092 824 1147 871 et
1181 816 1269 880 0.,
1317 816 1723 873 Schleusnerus
1776 819 1831 873 in

1950 609 2115 665 Thes.
2161 609 2226 682 γ.
2280 611 2343 682 Τ.
2376 611 2577 682 ερλμος
2610 619 2667 666 et
2709 611 2890 682 ὀλμρς.
2934 611 3026 667 Sic
3061 613 3225 682 etiam
3259 613 3525 672 Trommii

1948 681 2369 735 concordantiae.
2412 679 2555 735 Edit.
2602 679 2785 735 autem
2819 680 2976 735 Rom.
3022 691 3078 735 et
3115 681 3363 740 Kircheri
3394 701 3525 743 con-

1567 746 1720 804 locu.

1940 750 2119 815 cord.,
2146 749 2331 820 ὁλμός,
2362 764 2487 805 cum
2523 751 2630 805 leni
2656 751 2873 820 spiritu.
2943 750 3149 811 Dnacu.

1219 905 1875 974 PROVERBIORUM
1940 912 2202 975 CAPUT
2258 911 2560 978 XXVIII.

578 1003 985 1060 ΣΥΜΜΑΧΟΣ.

328 1164 383 1225 2.

331 1254 383 1308 5.

344 1415 684 1487 ’Δνεσχηκὼς
707 1416 802 1472 καὶ
823 1418 921 1474 οὐκ
941 1418 1089 1475 εστιν
1114 1420 1297 1491 ἄρτος.

335 1505 393 1561 5.

332 1669 380 1725 6.
409 1665 734 1738 Περιπατῶν
754 1667 812 1722 ὲν
830 1668 1094 1742 ἁπλότητι
1110 1670 1297 1727 αὐτοῦ.

334 1755 389 1812 7.

256 1850 381 1990 n3.
416 1850 593 1921 Καεγε
618 1854 894 1927 προσευχὴ
922 1854 1085 1910 αὐτοῦ
1121 1855 1302 1927 βδέλυ-

341 2010 425 2065 10.

336 2101 423 2154 11.

332 2192 417 2245 15.
452 2192 880 2266 Εὑοδωθήσεται.

331 2282 436 2336 Καὶ
458 2284 818 2356 ἐξαγορεύων.

332 2374 415 2451 16.
461 2376 814 2451 Ἡγούμενος,
843 2379 878 2451 ἢ
911 2379 1195 2451 δυνάστης,
1224 2380 1307 2432 ὲν-

267 2445 385 2512 δεὴς
404 2445 691 2505 συνέσεων.

338 2861 433 2919 17.

341 3163 428 3219 18.

349 3255 436 3310 19.

339 3351 424 3405 20.
459 3349 624 3423 ’Δνὴρ
645 3349 873 3423 ἀληθής.

563 3443 1018 3500 SYMMACIIUS.

338 3535 393 3589 2.

341 3624 395 3681 3.

344 3784 602 3842 Retinens
633 3799 714 3853 se,
742 3792 795 3840 et
820 3798 927 3839 non
954 3790 1039 3839 est
1063 3783 1242 3854 panis.

345 3876 397 3931 5.

344 4036 397 4095 6.
419 4037 725 4094 Ambulans
747 4038 801 4093 in
826 4036 1173 4108 simplicitate
1193 4051 1312 4090 sua.

351 4201 404 4256 7.

277 4428 317 4486 ti
346 4359 399 4415 9.
435 4358 614 4414 Etiam
643 4357 820 4414 oratio
868 4356 988 4427 ejus
1035 4356 1320 4414 abomina-

319 4443 372 4485 ο.

319 4443 353 4484 0

349 4521 437 4577 10.

349 4613 437 4668 11.

352 4703 437 4759 15.
471 4701 909 4772 Prosperabitur.

349 4796 413 4849 Et
438 4798 529 4866 qui
556 4795 861 4865 proﬁtetur.

348 4887 434 4941 16.
490 4886 630 4953 Dur,
658 4886 745 4941 vel
791 4885 1040 4956 dynasta,
1074 4882 1322 4953 indigens

280 4957 672 5029 iutelligenliis.

335 5354 435 5415 17.

335 5585 426 5642 18.

334 5682 428 5736 19.

330 5770 423 5826 20.
464 5775 501 5829 γ
515 5779 565 5833 ir
593 5792 756 5831 vera“
773 5814 784 5826 .

1869 1013 1947 1068 0’.

1437 1173 1494 1230 2.
1525 1174 1753 1246 Κρίσεις
1782 1176 2107 1245 ἐγείρονται.

1442 1264 1494 1317 5.
1523 1265 1795 1337 ’Δνδρεῖος
1824 1267 1884 1320 ἐν
1934 1266 2211 1331 ἀσεὸείιις
2248 1284 2410 1321 συκο-

1372 1336 1562 1401 φαντεῖ
1585 1335 1855 1405 πτωχούς.

1440 1424 1655 1495 Δάϐρος
1686 1428 1778 1479 καί
1804 1427 2104 1499 ἀνωφελής.

1443 1514 1496 1586 5.
1519 1516 1850 1586 Συνήσουσιν
1882 1518 1941 1573 ἐν
1968 1520 2151 1573 παντί.
2194 1522 2258 1574 Οἱ
2289 1521 2415 1573 λοι-

1371 1584 1494 1649 ποὶ,
1528 1584 1816 1656 συνήσουσι
1848 1589 2044 1645 πάντα.

1374 1747 1416 1762 _
1532 1676 1900 1762 Πορευόμενος
1932 1678 1991 1731 ἐν
2019 1678 2265 1754 ἀληθεξᾳ.

1445 1760 1498 1813 7.
1537 1759 1636 1824 '0;
1662 1761 1720 1815 δὲ
1743 1764 2017 1834 ποιμαίνει
2049 1766 2306 1824 ἀσωτίαν.

1443 1848 1509 1926 9..
1526 1850 1635 1904 Καὶ
1681 1851 1842 1915 αὐτὸς
1902 1855 2209 1926 προσευχὴν
2249 1857 2414 1911 αὐτοῦ

1372 1917 1707 1975 ὲὸδέλυκται.

1444 2012 1531 2067 10.
1558 2013 1951 2069 Διελεύσονται.

1443 2102 1503 2155 11
1518 2143 1530 2157 .
1560 2102 1985 2172 Καταγνὼσεται
2015 2107 2199 2163 αὐτόν.

1446 2196 1532 2249 15.
1569 2196 1991 2264 Εὐοδωθήσεται.

1454 2287 1513 2339 '0
1548 2286 1605 2339 δὲ
1627 2287 1821 2359 ὲξηγού
1829 2306 2007 2359 μενος.

1451 2377 1536 2431 16.
1569 2379 1828 2443 Βασιλεὺς
1864 2381 2049 2453 ἐνδεὴς
2075 2382 2372 2454 προσόδων.

1449 2538 1638 2614 Μέγας
1659 2541 2018 2614 συκοφάντης.
2055 2545 2292 2612 Ἄλλος,
2330 2545 2425 2600 καὶ

1379 2608 1510 2662 πολύ
1518 2608 1793 2681 στρεϐλον.

1449 2704 1676 2777 Μακρον
1708 2706 1896 2777 χρόνον
1914 2707 2155 2777 ζήσεται.
2190 2710 2424 2777 Ἄλλος,

1382 2774 1593 2845 μακρὸν
1628 2774 1881 2845 βιώσεται
1917 2774 2049 2846 βίον.

1451 2864 1541 2941 17.
1588 2866 1684 2941 Ὃς
1706 2866 1933 2941 (inpingat
1961 2867 2029 2920 τὰ
2050 2862 2163 2941 ὦτα
2202 2870 2275 2941 μὴ
2311 2872 2425 2923 εἰσ-

1382 2935 1611 2988 ακοῦσαι
1638 2935 1918 2999 ἀσθενοῦς,
1984 2939 2078 2991 καὶ
2106 2935 2274 3002 αὐτὸς
2308 2943 2428 2992 ἐπι-

1382 3003 1691 3087 καξιέσεται,
1732 3005 1830 3058 καὶ
1884 3006 1984 3058 οὐκ
2022 3006 2176 3061 ἔσται
2219 3011 2249 3061 ὁ
2274 3011 2426 3064 εἰσα-

1382 3090 1556 3127 κουων
1564 3112 1579 3126 .

1454 3163 1541 3218 18.
1570 3163 1807 3228 Δίκαιος.

1456 3255 1543 3309 19.
1578 3255 1797 3327 Σχολήν.
1829 3256 2061 3324 Ἄλλος,
2091 3259 2390 3332 ἀπραγίαν.

1455 3345 1547 3401 20.
1587 3345 1749 3416 Ἀνὴρ
1775 3345 2107 3410 ἀξιόπιστος.

1551 3439 1693 3493 LXX
1728 3438 2232 3498 INTERPRETES.

1454 3532 1511 3585 2.
1540 3530 1750 3587 Judicia
1779 3534 2108 3589 excitantur.

1456 3622 1509 3676 3.
1542 3622 1818 3695 Bobustus
1851 3625 1904 3679 in
1937 3625 2305 3695 impietatibus
2335 3641 2428 3681 ca-

1386 3692 1685 3747 lumniatur
1713 3710 1997 3763 pauperes.

1457 3781 1765 3839 Vehemens
1793 3793 1847 3840 et
1875 3785 2104 3841 inutilis.

1459 3872 1511 3945 5.
1542 3872 1879 3945 _lntelligent
1926 3874 1980 3928 in
2054 3877 2226 3932 omni.
2283 3876 2429 3931 Reh-

1386 3944 1505 4011 συὶ,
1539 3942 1840 4013 intelligent
1871 3946 2076 4001 omnia.

1458 4035 1511 4091 6.
1540 4034 1752 4093 Vadens
1781 4037 1835 4092 in
1866 4037 2114 4092 veritate.

1458 4195 1512 4250 7.
1550 4195 1656 4264 Qui
1697 4202 1878 4252 autem
1916 4198 2090 4269 pascit
2133 4198 2426 4253 luxuriam.

1458 4358 1514 4413 9.
1544 4355 1611 4410 Et
1646 4356 1761 4426 ipse
1795 4355 2097 4411 orationem
2123 4371 2277 4413 suam
2303 4355 2431 4412 abo-

1388 4424 1702 4482 minabilem
1726 4424 1872 4479 fecit.

1460 4517 1548 4571 10.
1580 4515 2016 4570 Pertransibunt.

1460 4611 1549 4664 11.
1579 4607 1975 4663 Condemnabit
2007 4623 2152 4662 eum.

1463 4704 1551 4757 15.
1593 4702 2031 4773 Prosperabitur.

1461 4793 1566 4861 Qui
1594 4803 1774 4849 autem
1804 4801 2009 4848 narrat.

1463 4886 1551 4943 16.
1587 4886 1701 4942 Rex
1757 4886 2008 4958 indigens
2059 4885 2433 4956 proventibus.

1462 5025 1689 5098 Magnus
1746 5026 2100 5097 sycophanta.
2150 5027 2338 5090 Alius,
2385 5036 2440 5081 et

1391 5097 1547 5151 valde
1571 5111 1904 5167 perversum.

1464 5187 1650 5257 Longo
1712 5196 1955 5256 temporc
2014 5189 2175 5242 vivet.
2240 5188 2437 5256 Alius,

1392 5259 1609 5328 longam
1636 5259 1803 5312 vitam
1835 5257 2015 5312 ducet.

1467 5348 1553 5403 17.
1608 5348 1711 5413 Qui
1765 5350 1985 5405 obturat
2031 5363 2192 5405 aures
2230 5358 2289 5404 ut
2330 5364 2438 5404 non

1394 5419 1580 5471 audiat
1625 5418 1899 5472 inﬁrmum
1928 5460 1944 5485 ,
1982 5431 2034 5475 et
2072 5421 2187 5487 ipse
2215 5421 2442 5474 invoca»-

1394 5488 1493 5552 bit,
1521 5497 1575 5541 et
1600 5503 1706 5541 nou
1741 5489 1847 5542 crit
1868 5490 1961 5559 qui
1985 5491 2263 5545 exaudiat.

1468 5577 1556 5632 18.
1587 5575 1798 5632 Justus.

1466 5670 1554 5725 10.
1594 5668 1801 5724 Otium.
1834 5669 2024 5737 Alius,
2057 5671 2331 5728 inertiam.

1460 5763 1554 5817 20.
1585 5760 1681 5816 Vir
1708 5761 1811 5818 ﬁde
1840 5762 2058 5834 dignus.

2808 1012 3209 1069 ΘΕΟΔΟἸἸΩΝ.

2553 1174 2609 1228 2.
2645 1172 2834 1228 Πολλοὶ
2862 1174 3122 1247 ἄρχοντες
3152 1175 3351 1233 αὐτῶν.

2549 1272 2609 1326 5.
2637 1272 2803 1343 Ἀνὴρ
2828 1272 3029 1344 ἄπορος
3052 1273 3147 1328 καὶ
3178 1272 3527 1331 συκοφαντῶν

2486 1345 2754 1412 πτωχούς.

2554 1436 2894 1508 Ἀνεσχηκὼς
2922 1437 3017 1491 καὶ
3035 1438 3135 1493 οὐκ
3165 1437 3311 1493 ἔστιν
3341 1439 3524 1509 ἄρτος.

2552 1527 2607 1581 5.

2555 1683 2608 1737 6.
2635 1683 2954 1755 Περιπατῶν
2976 1686 3034 1738 ὲν
3058 1685 3315 1751 ἁπλότητι
3340 1686 3525 1743 αὑτοῦ.

2561 1774 2614 1830 7.

2557 1864 2609 1918 9.
2640 1866 2813 1935 Καίγε
2851 1867 3124 1939 προσευχὴ
3156 1868 3321 1923 αὑτοῦ
3345 1869 3529 1941 βδέλυ-

2487 1949 2521 2002 γ
2528 1951 2623 2004 μα.

2557 2023 2645 2078 10.
2679 2022 3004 2081 Διελοῦνται.

2559 2113 2645 2167 11.
2678 2115 2998 2186 Ἐξιχνιάσει
3022 2116 3203 2176 αὐτόν.

2563 2205 2674 2351 ﬁt
2702 2297 2998 2369 ὁμολογῶν.

2569 2389 2659 2444 16.

2568 2872 2657 2929 17.
2705 2928 2711 2933 ,

2569 3168 2655 3224 18.
2684 3168 2916 3235 Τέλειος.

2573 3260 2659 3316 19.
2693 3261 2860 3315 Κενά.

2579 3351 2673 3406 20.

2798 3444 3218 3500 THEODOTIO.

2570 3535 2625 3589 2.
2654 3534 2804 3590 Multi
2831 3537 3102 3606 principes
3116 3551 3327 3591 eorum.

2577 3625 2629 3679 5.
2670 3623 2767 3680 Vir
2813 3641 3053 3696 egenus,
3098 3635 3152 3682 et
3199 3625 3539 3685 calumniam

2501 3709 2787 3763 pauperes.

2572 3782 2831 3841 Rctinens
2857 3800 2939 3851 se,
2968 3793 3024 3840 et
3056 3800 3163 3841 non
3194 3799 3279 3843 εει
3307 3787 3489 3857 panis.

2572 3874 2627 3929 5.

2573 4032 2625 4089 6.
2654 4035 2953 4092 Ambulans
2972 4035 3027 4091 in
3045 4035 3397 4108 simplicitate
3416 4052 3539 4095 sua.

2570 4195 2629 4250 7.

2527 4428 2538 4438 .
2572 4358 2624 4411 9.
2662 4355 2836 4410 Etiam
2880 4353 3057 4409 oratio
3097 4352 3219 4424 ejus
3263 4352 3539 4409 abomina-

2505 4435 2578 4482 tio

2576 4518 2661 4572 10.
2690 4515 2957 4570 Dividcut.

2577 4606 2665 4661 11.
2695 4604 3038 4660 Scrutabitur
3064 4617 3213 4659 eum.

2579 4698 2665 4753 15.

2581 4791 2647 4846 Ει
2672 4788 2957 4847 conﬁtens.

2582 4882 2671 4938 16.

2585 5344 2670 5397 17.

2586 5573 2673 5627 18.
2709 5570 3005 5627 Perfectus.

2586 5665 2673 5719 19.
2712 5663 2886 5719 Vana.

2588 5761 2678 5815 9.0.
