4044 6274
236 347 396 403 1505

577 469 986 525 ΣΥΜΜΑΧΟΣ.

308 627 366 680 9.
399 628 517 681 Kal
547 627 771 698 μεγέθει
793 627 1141 699 ὑπερέϐαλον.

318 719 471 771 Ἀπὸ
499 717 807 790 ἔμπροσθεν
836 717 990 790 ἐμοῦ.
1146 724 1151 729 ’

312 809 337 861 1
350 810 410 863 0.
465 809 871 880 Ἐπθὺμησαν.

322 902 427 955 Ἐκ
469 903 650 973 πάσης
680 900 990 971 φιλοπονίας
1033 920 1159 972 μου.

312 991 407 1044 11.
446 993 556 1064 Kal
594 992 687 1046 τὸν
744 992 903 1047 πόνον
956 993 1014 1045 ὃν
1061 994 1301 1064 ἐπόνησα

234 1061 325 1114 δια.
335 1062 748 1132 πρασσόμενος.

315 1315 410 1370 12.
456 1316 569 1372 Kal
594 1317 825 1389 πλάνην.

319 1570 415 1624 15.
461 1572 636 1644 ’Υπὲρ
664 1572 765 1643 τὴν
796 1573 1054 1646 ἀμαθίαν.

315 1663 411 1718 15.
448 1664 561 1718 Kal
588 1666 667 1729 εἰς
687 1665 743 1718 τί
765 1683 859 1736 μοι
887 1668 920 1737 ἡ
946 1665 1110 1736 σοφία
1136 1682 1262 1736 μους

314 1754 422 1830 17..
444 1755 632 1830 Κακρν
660 1756 771 1829 γάρ
803 1774 893 1828 μοι
918 1758 1092 1830 ἐφάνη
1118 1758 1181 1811 τὸ
1208 1758 1299 1830 ἐρ-

237 1840 343 1893 γον
369 1824 439 1877 τὺ
466 1824 771 1897 γινόμενον.
804 1824 817 1828 ’
961 1824 974 1829 ⁷
1042 1868 1049 1877 .

314 1916 412 1971 19.
456 1917 568 1971 Kal
589 1917 889 1989 κυριεύσει.

312 2009 416 2073 εις
447 2009 505 2065 δν
540 2010 880 2081 (amem).

310 2101 411 2157 20.
440 2104 550 2157 Kal
581 2103 907 2176 περιήχθην.

309 2356 409 2412 21.
440 2357 555 2411 Kal
572 2359 630 2412 ὲν
658 2358 966 2430 γοργότητι.

310 2449 430 2504 Kal
463 2449 728 2512 κάκωσις.

310 2540 411 2593 22.
441 2539 565 2593 Ὅτι
598 2539 708 2612 γὰρ
741 2539 1114 2612 περιγέγονεν.

312 2631 413 2686 25.

311 2725 408 2779 21.
451 2724 587 2778 Ἀπὸ
619 2725 794 2779 κόπου
823 2725 1008 2779 αὐτοῦ.

310 2816 410 2871 25.
453 2815 771 2873 ’Δηλώσεμ

312 2909 411 2964 26.
452 2909 736 2980 Ἀρέσαντι
766 2908 936 2979 αὐτῷ.

324 3070 631 3142 Ἀςχολίαν.

529 3161 980 3218 SYMMACHUS.

313 3257 372 3311 9.
414 3254 479 3310 Et
509 3256 883 3327 magnitudine
912 3256 1184 3325 superavi.

310 3349 398 3402 Ab
426 3357 553 3403 autc
582 3363 696 3405 mc.

312 3439 403 3491 10.
445 3438 917 3493 Desideraverunt.

309 3531 393 3585 Ex
431 3531 581 3584 omni
632 3530 899 3586 industria
938 3544 1078 3584 mea.

314 3623 406 3676 11.
445 3621 511 3676 Et
542 3622 782 3677 laborem
804 3663 820 3688 ,
859 3636 1021 3690 quem
1048 3620 1293 3677 laboravi

240 3693 554 3761 perliciens.

315 3877 400 3932 12.
436 3876 503 3931 Et
531 3890 792 3931 errorem.

313 3968 418 4035 Qui
448 3970 623 4039 possit
652 3968 732 4022 ire
756 3973 883 4037 post
914 3968 1130 4037 regem?

317 4131 402 4187 1‘5.
435 4131 612 4200 Super
642 4128 938 4185 inscitiam.

315 4292 407 4416 15é
453 4291 523 4346 Et
579 4291 647 4346 ad
685 4290 819 4361 quid
858 4289 994 4345 mihi
1026 4291 1289 4360 sapientia

315 4378 364 4416 ea

243 4378 364 4418 mea

316 4455 402 4509 17.
443 4454 642 4509 Malum
668 4453 817 4509 enim
849 4452 983 4508 mihi
1003 4453 1181 4510 visum
1207 4466 1290 4509 est

244 4541 381 4594 opus
402 4526 548 4594 quod
575 4526 654 4579 lit.

314 4616 401 4671 19.
443 4615 512 4671 Et
541 4615 933 4671 dominabitur.

311 4709 369 4763 ln
399 4724 563 4779 quem
593 4708 860 4764 laboravi.

308 4801 398 4855 20.
440 4800 507 4855 Et
539 4801 888 4857 circumverti
916 4815 1023 4855 me.

305 5052 395 5107 21.
440 5051 507 5106 Et
539 5052 597 5106 in
629 5050 993 5108 solicitudine.

305 5143 371 5200 Et
398 5144 641 5203 aﬂlictio.

303 5237 395 5290 22.
426 5235 566 5303 Quia
602 5236 749 5292 enim
777 5236 1065 5308 superfuit.

426 5416 470 5468 A
499 5416 684 5470 labore
713 5431 833 5471 suo.

301 5506 389 5561 25.
430 5506 752 5564 Cousumet.

304 5598 393 5654 26.
430 5599 536 5665 Qui
566 5599 614 5653 ei
645 5599 839 5668 placet.

303 5689 753 5760 Occupationem.

1422 349 1918 407 ECCLESIASTAE
1957 355 2189 411 CAPUT
2230 356 2293 413 ll.

1840 480 1918 531 θ’.

1442 628 1496 682 9.
1525 630 1633 684 Kal
1661 631 2047 705 ὲμεγαλύνθην.

1447 722 1582 775 Ἀπὸ
1604 723 1911 795 ἔμπροσθέν
1941 744 2066 797 μου.

1448 814 1534 870 10.
1570 816 1709 887 ’ᾙτη
1717 834 1835 873 σαν.

1444 905 1579 960 Ἀπὸ
1608 908 1808 973 παντὸς
1836 910 2037 980 μόχθου
2069 929 2191 988 μου.

1445 996 1532 1073 11.
1567 997 1677 1073 Kal
1705 999 1764 1051 ἐν
1818 998 2002 1070 μόχθῳ
2139 1001 2420 1073 ὲμόχθησα

1373 1067 1467 1120 τοῦ
1491 1069 1682 1120 ποιεῖν.

1441 1160 1776 1232 Μοιταιότης,
1802 1160 1897 1214 καὶ
1920 1162 2237 1234 προαιρεσις
2254 1163 2419 1216 πνεύ-

1420 1247 1568 1283 ατος.

1376 1247 1568 1299 ματος.

1446 1320 1532 1374 12.
1561 1321 1671 1375 Kal
1695 1323 2040 1395 παραφορὰν.

1445 1416 1575 1487 ’Ότι
1595 1415 1678 1480 τίς
1705 1417 2011 1487 ἄνθρωπος,
2041 1418 2101 1481 ὃς
2129 1417 2418 1471 ἐπελεύσε-

1372 1502 1461 1539 ται
1484 1486 1661 1539 ὀπίσω
1684 1487 1782 1557 τῆς
1814 1486 2009 1557 βουλῆς
2029 1505 2043 1550 ;

1446 1577 1532 1633 15.
1577 1577 1747 1649 ’Υπὲρ
1775 1577 1873 1649 τὴν
1906 1576 2239 1649 ἀφροσύνην.

1446 1668 1534 1724 15.
1562 1668 1673 1725 Kal
1712 1670 1850 1723 ἱνατί
1885 1669 2228 1740 ὲσοφισάμην
2253 1670 2384 1739 ἐγώς

1446 1762 1533 1815 17.
1568 1751 1690 1816 ’Ὅτι
1720 1761 1956 1832 πονηρὸν
1983 1763 2070 1815 ἐπ’
2099 1763 2200 1832 ἐμὲ
2219 1765 2281 1817 τὸ
2307 1764 2420 1818 ποε-

1372 1849 1491 1904 ημα
1511 1832 1574 1885 τὸ
1600 1849 1803 1902 πεποιη
1812 1832 1991 1902 μένον.

1443 1924 1530 1979 19.
1566 1925 1677 1980 Kal
1700 1926 1749 1978 ει
1776 1923 2165 1993 ὲξουσιάζεται.

1437 2013 1510 2090 τῼ
1528 2016 1730 2088 ὲμόχθη
1737 2033 1829 2075 σα.

1440 2104 1533 2158 20.
1560 2105 1673 2158 Kal
1698 2104 2031 2176 ἐπέστρεψα.

1443 2198 1865 2285 ζΛποτάξασθαι.
1923 2199 2152 2264 Ἀλλος
2171 2241 2186 2266 ,
2212 2200 2419 2253 ἀποκα-

1374 2286 1516 2338 μειν.

1439 2359 1531 2415 21.
1557 2360 1666 2415 Kal
1684 2362 1742 2413 ἐν
1771 2359 2011 2432 ἀνδρείᾳ.

1434 2452 1548 2507 Kal
1571 2454 1828 2524 πονηρία.

1436 2543 1525 2597 22.
1565 2543 1688 2597 Ὅτι
1721 2545 1953 2615 γίνεται.

1437 2637 1527 2691 2'5.
1564 2637 1919 2709 Ἀλγημάτων
1957 2641 2053 2694 καὶ
2080 2640 2274 2711 θυμοῦ.

1434 2727 1528 2782 24.
1560 2729 1651 2783 Ἐν
1685 2729 1868 2801 μόχθῳ
1891 2730 2079 2786 αὐτοῦ.

1433 2819 1525 2874 25.
1570 2820 1667 2884 Τίς
1698 2821 1920 2887 πίεται;
2009 2862 2017 2868 .

1410 2910 1525 2997 .26;
1560 2911 1652 2982 Τῷ
1712 2912 1903 2984 ἀγαθῷ
1958 2915 2064 2986 πρὸ
2118 2914 2411 2987 προσώπου

1364 2998 1551 3035 αυτου.

1441 3072 1852 3144 Περισπασμόν.

1531 3166 1669 3220 LXX
1716 3167 2215 3225 INTERPRETES.

1435 3255 1489 3312 9.
1522 3256 1590 3311 Et
1623 3260 1998 3330 magniﬁcatus
2022 3277 2165 3316 sum.

1434 3346 1517 3402 Ab
1548 3359 1676 3404 ante
1703 3365 1810 3405 me.

1438 3439 1527 3494 10.
1564 3439 2007 3497 Postulaverunt.

1441 3531 1520 3586 Ab
1540 3532 1688 3585 omni
1712 3532 1896 3588 labore
1918 3548 2059 3587 meo.

1437 3623 1525 3677 11.
1562 3623 1628 3678 Et
1654 3624 1713 3696 inp
1738 3624 1945 3691 labore,
1979 3641 2090 3696 quo
2126 3625 2409 3681 laborave-

1364 3707 1480 3747 ram
1511 3695 1779 3749 faciendo.

1437 3783 1660 3840 Vauitas
1697 3793 1751 3840 ct
1789 3785 2142 3856 praesumptio
2165 3786 2407 3856 spiritus.

1434 3875 1521 3929 12.
1549 3875 1890 3931 Eterrorem.

1435 3963 1703 4037 Quoniam
1724 3967 1856 4036 quis
1884 3975 1967 4022 est
1994 3968 2176 4034 homo,
2204 3966 2296 4037 qui
2322 3967 2407 4020 in-

1364 4036 1640 4101 grediatur
1662 4038 1727 4089 ad
1765 4037 2055 4091 consilium
2079 4038 2103 4088 ?

1437 4128 1525 4183 13.
1565 4127 1741 4198 Super
1767 4128 2075 4184 stultitiam.

1434 4288 1522 4343 15.
1574 4287 1665 4362 Et;
1688 4298 1751 4344 ut
1802 4289 1939 4362 quid
1984 4288 2203 4358 sapiens
2230 4287 2409 4344 factus

1361 4374 1484 4415 sum
1521 4359 1670 4429 ego?

1433 4450 1521 4522 17.
1547 4449 1696 4522 Ωιιίο
1726 4450 1928 4505 malum
1957 4465 2123 4521 super
2147 4466 2235 4506 me
2270 4466 2409 4522 opus

1362 4521 1510 4591 quod
1537 4520 1740 4577 factum
1768 4530 1873 4576 est.

1434 4611 1519 4666 19.
1556 4610 1618 4666 Et
1658 4626 1725 4666 au
1755 4621 2080 4681 potestatem
2117 4612 2334 4668 habeat.

1432 4702 1553 4769 Quo
1576 4702 1839 4758 laboravi.

1430 4796 1519 4852 20.
1552 4795 1620 4850 Et
1654 4811 1951 4852 conversus
1979 4812 2122 4852 sum.

1430 4884 1502 4940 Ut
1531 4886 1923 4941 renuntiarem.
1979 4886 2172 4950 Alius,
2227 4884 2406 4941 labori

1359 4956 1740 5012 succumberet
1765 4957 1884 5027 (cor
1907 4960 2134 5027 meum).

1364 5112 1369 5113 γ
1423 5048 1514 5101 2|.
1541 5046 1608 5101 Et
1638 5047 1693 5100 in
1724 5048 1942 5103 virtute.

1426 5136 1494 5191 Et
1516 5138 1781 5208 nequitia.

1420 5229 1511 5283 22.
1544 5230 1683 5295 Quia
1715 5229 1795 5284 fit.

1420 5323 1511 5377 2'5.
1545 5320 1801 5375 Dolorum
1834 5329 1889 5375 et
1921 5319 2232 5375 iracundim.

1423 5415 1513 5467 24.
1543 5412 1602 5467 lu
1630 5413 1815 5468 labore
1857 5428 1980 5469 suo.

1422 5505 1516 5559 25.
1554 5503 1688 5571 Quis
1728 5504 1912 5559 bibit?

1423 5597 1515 5652 26.
1546 5597 1698 5651 Bono
1727 5606 1852 5653 ante
1879 5596 2071 5654 faciem
2111 5598 2252 5669 ejus.

1422 5688 1862 5745 Distractioncm.

2562 3443 2651 3501 10.

2556 3627 2645 3682 11.

2558 3881 2644 3935 12.

2556 4132 2645 4189 15.

2554 4293 2644 4349 15.

2552 4451 2640 4507 17.

2551 4612 2642 4670 19.

2552 4793 2646 4851 20.

2545 5049 2637 5105 21.

2540 5234 2636 5291 22.

2547 5327 2640 5383 23.

2541 5414 2637 5469 21.

2543 5505 2641 5562 25.

2542 5596 2636 5652 26.

2807 484 3185 540 ΘΕΟΔΟΤῘΩΝ
3196 526 3208 541 .

2786 3169 3195 3226 THEODOTIO.

3399 350 3535 412 1ξὶυο
