4044 6274
251 371 278 424 1
293 373 403 426 555

590 493 993 552 ΣΥΜΜΑΧΟΣ.

319 654 441 726 Καὶ
494 654 604 726 γὰρ
633 656 792 726 fouea
840 657 1096 726 ἀνάλογον
1127 659 1314 712 τούτου

319 673 441 708 nat
494 673 568 724 γα
634 673 792 709 τουτο
840 673 1096 726 αναλογον
1127 676 1314 712 τουτου

244 725 526 799 εποίησεν
560 673 604 776 ἕ
617 724 771 799 Θεὸς,
793 726 887 799 τοῦ
921 729 994 799 μὴ
1010 728 1200 799 εὑρεῖν
1224 730 1316 785 ἄν-

246 795 485 866 θρωπον
522 796 643 849 κατ’
682 796 845 850 αὐτοῦ
874 795 1101 868 μέμψιν.

320 957 416 1012 16.
448 959 542 1029 -Τῇ
569 959 885 1028 δικαιοσύνῃ
916 957 1103 1013 αὑτοῦ.

318 1207 415 1260 17.
445 1208 645 1262 Πλέον.

320 1297 450 1351 Ἵνα
484 1299 565 1370 μὴ
599 1299 873 1372 ἀδημονῇς
901 1299 1194 1372 περισσῶς.

320 1389 414 1444 19.
449 1390 548 1462 Μὴ
579 1391 734 1462 ἀνῇς.

333 1481 396 1552 Ὁ
429 1481 547 1552 γὰρ
581 1482 914 1552 φοϐούμενος
946 1483 1037 1539 τὸν
1070 1483 1202 1540 Θεὸν
1236 1484 1313 1537 δι-

245 1550 606 1616 εξελεύσεῖεαι
640 1552 710 1612 τὰ
741 1550 936 1630 πάντα.

326 1641 430 1700 20.

318 1732 418 1787 22.
468 1732 636 1805 Ἀλλᾲ
661 1734 797 1805 μηδὲ
819 1737 954 1788 πᾶσι
981 1737 1094 1799 τοῖς
1119 1735 1304 1789 λαλου-

253 1801 447 1871 μένοις
478 1801 770 1876 παρὰσχῄς
798 1807 866 1876 τῇ
893 1805 1088 1877 καρδίᾳ
1121 1822 1237 1860 σου.

322 1963 719 2032 Λοιδοροῦντός
750 1983 828 2020 σε.

323 2054 420 2108 2'5.

324 2288 442 2342 Καὶ
477 2289 544 2342 σὺ
574 2285 919 2361 ἐλοιδόρησας
943 2289 1153 2354 ἄλλους.

319 2451 417 2505 24.
441 2451 667 2505 Τούτων
687 2453 1020 2526 ἐπειράσθην
1047 2455 1105 2510 ὲν
1125 2453 1304 2525 σοφίᾳ.

335 2608 645 2663 ’Υπὲλαϐον
673 2611 834 2681 σοφὸς
859 2611 1130 2681 γενέσθαι.

320 2701 410 2755 25.
447 2701 642 2768 Οὐδείς
676 2741 692 2756 .
729 2744 741 2756 .
773 2743 788 2758 .

321 2788 414 2844 26.
458 2828 477 2843 .
517 2829 533 2844 .
569 2828 584 2842 .
611 2791 706 2845 καὶ
727 2789 1036 2864 διαθρῆσαι.

321 3021 534 3093 Σοφίαν
573 3023 670 3079 καὶ
687 3024 969 3096 λογισμόν.

517 3185 526 3192 ·
549 3159 633 3216 SY
640 3160 928 3219 MMACI'IU
941 3161 999 3218 S.

322 3274 544 3331 Etenim
589 3277 696 3332 hoc
749 3283 1175 3332 consentaneum
1233 3276 1308 3331 illi

253 3344 382 3400 fecit
446 3347 628 3411 Deus,
691 3361 759 3401 ne
822 3347 1091 3401 inveniret
1145 3347 1310 3403 homo

254 3426 452 3472 contra
479 3417 661 3487 ipsum
691 3416 1188 3487 reprehensionem.

324 3579 421 3633 16.
464 3577 685 3635 Justitia
713 3594 835 3634 sua.

328 3831 424 3886 17.
452 3829 607 3885 Plus.

327 3920 411 3976 Ne
445 3921 631 3975 animo
665 3919 924 3978 concidas
949 3921 1143 3992 magis.

328 4013 418 4067 l9.
449 4010 529 4067 Ne
558 4013 826 4070 remittas.

324 4103 468 4185 Nam
508 4105 604 4176 qui
651 4105 805 4162 timet
855 4107 1023 4162 Deum
1052 4107 1308 4176 pervadat

258 4189 469 4230 onmta.

328 4268 426 4324 20.

332 4428 425 4481 22.
462 4427 568 4484 Sed
601 4445 671 4484 ne
696 4429 949 4485 omnibus
975 4447 1093 4499 quze
1117 4432 1309 4488 dicun-

268 4507 354 4551 tur
379 4499 761 4555 accommodes
785 4509 836 4554 te
857 4501 1022 4556 corde
1060 4513 1170 4557 tuo.

338 4660 752 4717 Conviciantem
778 4661 900 4714 tibi.

336 4753 426 4809 25.

341 4984 516 5040 Etiam
552 4994 610 5040 tu
639 4983 968 5040 malcdixisti
992 4983 1136 5041 aliis.

337 5145 425 5225 25L
480 5143 687 5200 Horum
743 5145 1049 5214 periculum
1101 5143 1205 5201 feci
1257 5145 1312 5200 in

272 5228 557 5284 sapientia.

341 5309 648 5363 Arbitrutus
676 5324 797 5364 sum
831 5309 1050 5380 sapiens
1081 5309 1219 5364 ﬁeri.

339 5469 428 5522 25.
455 5465 630 5522 Nemo
661 5469 969 5542 [inveniet].

340 5557 427 5611 26.
461 5557 788 5614 Pertransivi
837 5565 1092 5616 universa
1144 5576 1311 5616 sensu

278 5640 415 5693 meo,
440 5631 603 5693 scire,
634 5639 688 5683 et
721 5630 952 5696 discere,
999 5642 1051 5687 et
1091 5631 1315 5688 investi-

279 5710 421 5766 gare.

347 5790 680 5859 Sapientiam
713 5801 766 5846 et
801 5792 1204 5862 cogitationem.

602 5887 866 5947 PHROL.
899 5886 944 5943 ti
958 5904 1014 5946 ιι.
1048 5887 1208 5946 XVI.

1437 372 1930 436 ιῖιῖιῖιεδιςιδτλῖ
1967 369 2194 435 CAPUT
2237 382 2348 436 vn.

1877 504 1953 554 0’.

1462 662 1586 713 Ἴδε.
1606 661 1712 713 Καί
1743 678 1803 728 γε
1827 661 2113 732 σὺν-τούτῳ
2127 662 2426 732 συμφώνως

1388 730 1554 801 τοῦτο
1575 731 1841 801 ἐποίησεν
1858 733 1886 782 ὁ
1914 730 2045 793 Θεὸς
2071 730 2426 801 περιήλαλιᾶς,

1391 800 1576 922 ἵνσὲέμὴ
1601 799 1733 872 εὕρῃ
1754 799 2038 870 ἄνθρωπος
2062 799 2237 855 ὀπίσω
2263 801 2426 855 αὑτοῦ

1391 887 1448 922 ου
1511 889 1557 922 ν.

1388 870 1557 923 οὐδέν.

1460 962 1547 1016 16.
1581 965 1669 1016 Ἐν
1701 965 1890 1032 δικαίῳ
1924 964 2109 1018 αὑτοῦ.

1457 1054 1647 1125 Μένῳν
1684 1055 1742 1107 ὲν
1765 1055 1933 1125 κακίᾳ
1963 1055 2148 1109 αὐτοῦ.
2182 1056 2423 1120 Ἄλλος,

1391 1122 1702 1194 μακρόϐιος.

1462 1213 1544 1266 17.
1575 1215 1834 1285 Περισσά.
1919 1275 1921 1277 ,

1457 1304 1546 1372 Μή
1577 1321 1708 1358 ποτε
1735 1307 2032 1378 ὲκπλαγῇς.

1457 1395 1542 1449 19.
1577 1397 1666 1468 Μὴ
1694 1397 1908 1470 μιάνῃς.

1457 1487 1579 1560 Ὅτι
1604 1488 1958 1560 φοϐουμένοις
1990 1489 2081 1543 τὸν
2102 1489 2233 1544 Θεὸν
2257 1489 2427 1556 διεξε-

1384 1555 1633 1610 λεύσεται
1667 1558 1736 1611 τὰ
1770 1555 1966 1614 ἀπάντα.

1452 1649 1542 1704 20.
1580 1648 1644 1701 Ἠ
1676 1649 1835 1719 σοφία
1865 1649 2118 1721 βοηθήσει
2155 1650 2232 1721 τῷ
2257 1651 2424 1722 σοφῷ.

1454 1735 1544 1805 22.
1575 1736 1748 1804 Καίγε
1775 1738 1854 1798 εἰς
1885 1737 2094 1799 πάντας
2114 1735 2302 1805 λόγους
2336 1737 2430 1800 οὓς

1384 1804 1704 1875 λαλήσουσιν
1731 1805 1967 1869 ἀσεϐεῖς,
1990 1807 2064 1878 μὴ
2082 1804 2428 1877 θῇςκαρδίαν

1387 1891 1501 1929 σου.

1453 1966 1858 2038 Καταρωμένου
1883 1983 1961 2022 σε.

1449 2057 1541 2133 25.
1571 2059 1692 2133 "Ott
1723 2059 2041 2133 πλειστάκις
2085 2059 2428 2133 nev-719355;-

1383 2128 1470 2180 ταί
1491 2145 1570 2192 σε,
1600 2128 1692 2181 καὶ
1724 2129 1982 2192 καθόδους
2013 2128 2428 2194 πολλὰςὸιακὼο

1385 2214 1466 2250 σει
1496 2197 1693 2269 καρδία
1732 2216 1847 2253 σου.

1454 2289 1576 2342 ’Ότι
1605 2289 1679 2353 ὼς
1709 2291 1870 2360 καίγε
1908 2293 1974 2346 σὺ
1993 2292 2295 2364 κατηράσω
2318 2292 2426 2345 ἑτέ-

1417 2375 1478 2412 ου
1517 2399 1529 2412 .

1386 2376 1416 2428 ρ
1450 2377 1539 2524 2:.
1575 2450 1760 2504 Πάντα
1815 2449 1990 2505 ταῦτα
2045 2452 2314 2524 ὲπείρασα
2366 2453 2427 2506 ὲν

1385 2520 1563 2590 σοφίᾳ.

1451 2607 1616 2676 Εἷπα,
1638 2612 2061 2684 Σοφισθήσομαι.

1451 2703 1542 2757 25.
1571 2703 1667 2767 Τίς
1694 2703 1917 2774 εὑρήσει
1953 2704 2120 2771 attito;

1453 2793 1543 2848 26.
1586 2793 1906 2871 ξΕκύξλωσα
1925 2795 2034 2871 ἐγὼ
2049 2798 2141 2871 καὶ
2165 2799 2199 2868 ἡ
2231 2799 2426 2871 καρδία

1386 2881 1487 2933 μου
1519 2862 1614 2916 τοῦ
1649 2864 1850 2933 γνῶναι
1895 2862 1990 2920 καὶ
2036 2867 2131 2920 τοῦ
2160 2862 2428 2923 αἰατασκέ-

1381 2933 1586 3002 ψασθαι
1618 2935 1712 2987 καὶ
1741 2935 1836 2988 τοῦ
1861 2935 2113 3010 ζητῆσαι.

1449 3023 1648 3094 Σοφίαν
1673 3025 1768 3078 καὶ
1803 3025 1877 3099 ψῆ
1885 3044 2001 3097 φον.

1549 3162 1690 3218 LXX
1724 3163 2225 3224 INTERPRETES.

1461 3271 1612 3350 Vide.
1629 3277 1694 3350 Et
1714 3278 1930 3350 quidem
1954 3280 2086 3335 huic
2123 3296 2432 3350 congruen-

1385 3356 1468 3402 ter
1500 3347 1643 3420 istud
1669 3346 1798 3420 fecit
1826 3348 1968 3406 Deus
1991 3355 2058 3407 de
2085 3346 2301 3420 loquela
2321 3391 2337 3416 ,
2371 3363 2431 3408 ut

1385 3432 1510 3492 non
1559 3416 1799 3474 inveniat
1866 3420 2036 3476 homo
2106 3416 2232 3492 post
2301 3438 2428 3478 eum

1383 3488 1703 3559 quidquam.

1458 3575 1543 3631 l6.
1574 3575 1633 3630 ln
1655 3576 1805 3646 justo
1827 3595 1950 3634 suo.

1454 3665 1679 3724 Mancns
1738 3671 1792 3725 in
1847 3670 2052 3726 malitia
2091 3687 2211 3729 sua.
2254 3674 2426 3742 Alius,

1383 3735 1679 3808 longaevus.

1455 3829 1542 3885 17.
1573 3830 1706 3887 Plus
1731 3847 1897 3902 quam
1928 3841 2168 3904 oportet.

1452 3916 1752 3988 Nequando
1777 3921 2156 3994 obstupescas.

1452 4008 1540 4064 19.
1569 4008 1648 4066 Ne
1669 4015 2030 4071 contamines.

1452 4099 1720 4165 Quoniam
1743 4103 2060 4179 timentibus
2082 4105 2253 4164 Deum
2275 4122 2428 4179 egre-

1379 4170 1598 4226 dientur
1622 4174 1826 4228 omnia.

1421 4263 1545 4388 .206
1601 4262 1877 4335 Sapientia
1923 4269 2277 4326 auxiliabitur
2331 4288 2424 4329 sa-

1382 4349 1503 4404 pien
1534 4352 1570 4388 ι.

1419 4351 1570 4388 lenti.

1451 4425 1539 4480 22.
1573 4424 1639 4480 Et
1663 4427 1884 4496 quidem
1919 4428 1971 4484 in
1997 4446 2186 4488 omnes
2216 4447 2426 4490 sermo-

1383 4512 1478 4551 nes
1506 4512 1646 4565 quos
1678 4498 1969 4566 loquentur
2011 4501 2195 4571 impii,
2230 4519 2299 4560 ne
2326 4521 2426 4576 po-

1383 4581 1482 4620 nas
1515 4582 1611 4621 σοι·
1651 4576 1826 4622 tuum.

1453 4657 1867 4716 Maledicentem
1897 4660 2018 4716 tibi.

1451 4751 1541 4825 2,5.
1587 4751 1860 4825 Quoniam
1909 4755 2220 4825 frequenter
2269 4760 2428 4814 mali-

1383 4821 1638 4890 gnabitur
1685 4824 1739 4877 in
1794 4833 1865 4888 te,
1915 4837 1969 4880 et
2009 4821 2205 4884 inultis
2250 4830 2427 4886 modis

1384 4892 1524 4947 male
1550 4892 1745 4949 adiciet
1772 4909 1867 4949 cor
1890 4905 2064 4951 tuum.

1456 4984 1591 5050 Quia
1624 4987 1764 5040 sicut
1801 4985 1964 5041 etiam
1998 4998 2055 5042 tu
2100 4989 2427 5047 maledixisti

1381 5047 1526 5109 aliis.

1425 5147 1548 5228 .24.
1582 5147 1778 5202 Omnia
1829 5149 1945 5205 haec
1987 5152 2187 5206 tentavi
2243 5152 2299 5207 in
2341 5169 2429 5210 sa-

1385 5231 1608 5286 pienua.

1457 5309 1599 5378 Dixi,
1634 5309 1862 5381 Sapiens
1894 5313 2126 5369 ciliciar.

1457 5470 1547 5524 25.
1583 5470 1719 5536 Quis
1746 5471 1983 5529 inveniet
2009 5469 2135 5531 illud
2160 5475 2184 5527 ‘2

1454 5563 1545 5617 26.
1593 5561 1972 5637 Circuivi’ego
2003 5577 2057 5622 et
2085 5583 2184 5622 cor
2220 5584 2423 5638 meum,

1386 5643 1445 5687 ut
1476 5649 1860 5703 cognoscerem
1883 5678 1897 5700 ,
1931 5648 1984 5690 et
2023 5647 2083 5691 ut
2110 5640 2426 5696 considera-

1386 5719 1524 5769 rem,
1553 5713 1607 5760 et
1632 5712 1691 5758 ut
1718 5720 2036 5774 quazrerem.

1460 5795 1792 5867 Sapientiam
1818 5806 1869 5852 et
1893 5800 2356 5868 supputationem.

2577 963 2663 1020 16.

2577 1217 2660 1272 17.

2573 1397 2661 1454 19.

2572 1681 2658 1709 gave

2571 1741 2643 1794 22

2573 2455 2654 2509 24.

2569 2707 2660 2764 25.

2567 2799 2660 2858 26.

2575 3587 2664 3642 16.

2573 3841 2660 3896 17.

2571 4025 2636 4080 19

2567 4277 2658 4331 20.

2569 4756 2660 4815 23.

2569 5156 2679 5210 2i-

2820 504 3216 558 ΘΕΟΔΟΤΙΩΝ.

2819 3175 3219 3234 τηΕοῡοΤιθ

3193 5885 3273 5951 ω

3405 379 3541 437 1551
