4102 6278
570 345 710 402 E299
1727 341 1956 398 CODEX
1997 341 2080 398 SY
2090 339 2668 400 RO-IIEXAPLARIS.
3683 347 3824 404 9.500

577 543 3345 572 m

3131 542 3820 574 ww

895 838 898 842 .
983 720 1510 853 CODEX
1618 718 3394 896 SYRIACO-HEXAPLABIS

1597 957 2798 1021 AMBROSIANO-MED]OLANENSIS

923 1120 1153 1184 Editus
1183 1127 1242 1183 et
1275 1120 1466 1184 latine
1495 1136 1714 1180 versus
1741 1137 1781 1178 a
1813 1117 2043 1180 Matth.
2075 1117 2362 1197 Norberg
2401 1116 2675 1183 Londim'
2703 1117 3054 1182 Gothorum
3083 1139 3248 1184 anno
3303 1125 3476 1189 1787.

762 1479 916 1567 EX
987 1473 1794 1568 PBEFATIONE
1881 1474 2382 1567 EDITORI

1983 1474 2457 1567 DITOBIS
2551 1473 3024 1566 SYRIACI
3096 1473 3603 1571 CODICIS.

637 1667 894 1738 Ilcxaplis
926 1668 1180 1737 Origcnis
1210 1668 1563 1724 restituendis
1598 1683 1708 1724 non
1741 1669 2036 1726 defuerunt
2067 1671 2267 1728 decora
2293 1671 2510 1744 ingenia
2543 1681 2850 1740 magnaque
2895 1669 3094 1735 studia,
3133 1678 3313 1728 tamen
3343 1671 3567 1744 fastigio
3601 1687 3832 1748 propter

567 1760 806 1831 inopiam
839 1763 1103 1827 materiae,
1140 1777 1248 1816 non
1274 1761 1574 1828 facultatis,
1607 1763 1850 1817 nondum
1890 1763 2166 1836 imposito.
2200 1765 2470 1822 Liberalis
2491 1779 2618 1819 vero
2655 1763 3055 1818 emendationis
3079 1777 3189 1818 non
3223 1765 3474 1823 ﬁduciam
3508 1771 3696 1836 modo,
3729 1773 3830 1830 sed

565 1855 734 1922 ipsius
765 1855 926 1910 etiam
963 1855 1170 1910 ﬁduciae
1201 1857 1412 1925 copiam
1443 1856 1600 1912 nobis
1625 1855 1752 1912 facit
1775 1857 1944 1913 codex
1969 1867 2156 1914 noster
2182 1857 2784 1929 Syriaco-ilexaplaris,
2829 1857 2986 1925 cujus
3019 1865 3228 1926 partem
3265 1861 3610 1928 canonicam,
3642 1865 3832 1921 indul-

565 1949 748 2017 gentia
777 1948 847 2003 cl.
884 1947 1292 2002 Bibiiothecarii
1317 1947 1666 2002 Ambrosiani
1695 1947 1928 2014 Branca,
1963 1958 2168 2017 septem
2205 1959 2333 2003 ante
2357 1948 2516 2002 annis
2547 1949 2600 2002 in
2625 1949 2896 2018 privatum
2914 1948 3260 2003 commodmn
3297 1951 3582 2024 descripsi,
3611 1967 3664 2012 ct
3685 1973 3832 2014 con-

567 2039 692 2094 silio
715 2038 1018 2092 amicorum
1046 2037 1100 2090 in
1141 2036 1564 2102 communejam
1594 2036 1834 2105 profero.
1866 2035 1964 2091 llic
1996 2036 2167 2091 codex
2219 2036 2508 2092 Mediolani
2539 2036 2596 2090 in
2630 2035 2994 2092 Ambrosiana
3040 2035 3378 2100 Bibliotheca
3409 2047 3834 2119 diligentissimo

567 2143 838 2190 servatur.
865 2130 922 2184 Si
953 2129 1187 2184 formam
1229 2127 1350 2198 ejus
1380 2137 1432 2183 et
1480 2138 1863 2198 argumentum
1894 2139 2128 2198 spectes,
2173 2145 2282 2184 non
2333 2129 2592 2201 exiguam
2635 2130 3066 2200 magnitudinem
3098 2133 3232 2190 folio
3282 2137 3336 2191 in
3371 2139 3512 2196 duas
3543 2144 3834 2204 columnas

565 2226 862 2296 descripto,
885 2236 940 2280 et
971 2222 1341 2279 venerandam
1376 2219 1611 2288 speciem
1642 2211 1890 2286 pergam.
1925 2217 2140 2280 charta,
2175 2217 2422 2286 antiquis
2445 2215 2711 2286 Syrorum
2745 2215 2945 2272 litteris
2968 2219 3327 2292 Estrangelis,
3359 2233 3415 2279 et
3443 2227 3624 2282 rubris
3657 2231 3832 2290 titulis

566 2333 630 2372 ac
657 2317 886 2388 epilogis
921 2315 1109 2379 refert,
1143 2326 1352 2382 suoque
1391 2309 1680 2378 complexu
1709 2319 1764 2362 et
1796 2309 1902 2363 hoc
1935 2309 2128 2362 ordine
2167 2306 2438 2374 Psalmos,
2479 2306 2704 2376 101mm.
2737 2307 3054 2378 Proverbia:
3083 2313 3498 2388 ECCICSiaSlem.
3536 2322 3830 2382 Canlioﬂm

565 2414 748 2478 Cant.,
778 2411 1114 2482 Sapientiam
1139 2409 1375 2472 Salom.,
1409 2406 1746 2476 Syracidem,
1769 2404 1861 2459 ΧΠ
1896 2404 2200 2474 Prophetas
2228 2403 2489 2470 Minores,
2513 2401 2832 2472 Jeremiam,
2859 2405 3194 2475 Baruchum,
3223 2410 3492 2482 Threnos,
3523 2415 3828 2489 Epistolam

563 2504 832 2570 Jeremiaa,
867 2503 1168 2565 Danielem,
1221 2498 1492 2554 Historias
1519 2495 1810 2561 Susannae,
1851 2495 1996 2552 Belis
2037 2505 2092 2552 et
2115 2495 2404 2560 Draconis,
2447 2495 2822 2556 Ilezechielem
2863 2505 2918 2552 et
2964 2497 3203 2555 Jesaiam
3255 2507 3523 2562 continet.
3572 2508 3831 2582 Plerique

564 2599 686 2654 libri
723 2597 778 2651 in
827 2595 1006 2652 fronte
1048 2601 1244 2663 gerunt
1278 2589 1534 2659 prologos
1582 2584 1808 2655 (Psalmi
1843 2586 2248 2654 longissimum,
2308 2585 2402 2641 sed
2435 2585 2734 2656 mutilum),
2779 2586 2874 2657 qui
2907 2601 3234 2658 argumento
3281 2599 3545 2667 capitum,
3581 2601 3828 2663 historiae

562 2697 874 2754 auctorum,
903 2685 1155 2753 aliisque,
1185 2677 1466 2750 c0piosius
1500 2685 1554 2732 et
1599 2677 1796 2732 melius
1836 2676 1968 2731 alibi
2003 2677 2294 2746 expositis,
2329 2684 2383 2730 et
2413 2691 2444 2730 a
2487 2691 2572 2731 me
2603 2691 2704 2746 pro
2734 2679 2999 2748 temporis
3049 2679 3316 2742 brevitate
3363 2703 3472 2744 non
3513 2692 3826 2766 descriptis,

566 2786 740 2840 facem
785 2782 1102 2853 praeferunt,
1149 2787 1204 2832 et
1234 2784 1300 2838 ad
1326 2775 1489 2830 ﬁnem
1519 2774 1788 2845 epi10gos,
1821 2773 1917 2844 qui
1947 2773 2205 2844 impressi
2243 2773 2620 2839 declarabunt,
2657 2783 2902 2831 nostram
2934 2779 3246 2836 versionem
3281 2783 3565 2856 ex‘Graaco
3616 2793 3826 2864 codice,

566 2897 728 2952 quem
764 2879 1054 2942 Eusebius,
1085 2873 1369 2944 Pamphilo
1399 2873 1568 2938 socio,
1592 2887 1656 2926 ex
1691 2871 1943 2942 Origenis
1983 2869 2256 2941 Tetraplis
2280 2871 2364 2924 vel
2401 2869 2679 2940 llexaplis,
2709 2873 2764 2927 in
2790 2873 3130 2932 Caesareensi
3175 2876 3514 2939 Bibliotheca
3547 2891 3824 2957 repositis,

565 2973 887 3045 depromsit,
922 2979 976 3025 et
1003 2969 1070 3024 ad
1105 2970 1221 3023 haec
1250 2965 1499 3034 exempla
1524 2963 1786 3019 collatum
1830 2963 2162 3027 emendavit,
2209 2961 2409 3016 factam
2442 2977 2586 3026 esse,
2619 2971 2674 3018 et
2702 2964 3051 3023 Alexandriae
3085 2985 3276 3028 mense
3311 2975 3503 3033 Canun
3535 2987 3826 3052 ροειρτίονί

563 3085 616 3125 a.
649 3068 805 3122 Alex.
837 3065 942 3121 998
975 3066 1011 3118 i.
1041 3079 1091 3118 e.
1123 3077 1316 3117 mense
1353 3059 1510 3116 Mart.
1548 3075 1598 3115 a.
1626 3059 1758 3115 Chr.
1793 3060 1897 3114 617
1921 3059 2240 3130 perfectam.
2277 3057 2498 3116 Scilicet
2525 3058 2718 3126 Jobus,
2751 3061 2938 3118 Daniel
2972 3075 3026 3121 et
3049 3065 3140 3120 XII
3169 3069 3456 3142 Propheta:
3485 3077 3727 3137 Minores
3757 3099 3826 3139 ex

565 3163 856 3232 Tetraplis,
879 3157 1176 3214 Proverbia
1201 3171 1354 3220 vero,
1391 3154 1680 3210 Canticum
1715 3163 1768 3208 ct
1790 3147 1992 3208 Threni
2025 3168 2092 3241 ex
2121 3152 2380 3224 llexaplis
2411 3154 2579 3209 sumti
2603 3153 2882 3210 dicuntur.
2910 3155 3022 3214 Nec
3043 3163 3198 3233 origo
3233 3166 3594 3236 reliquorum,
3632 3185 3830 3240 praeter

563 3255 824 3320 Jesaiam,
867 3253 955 3323 qui
985 3267 1052 3307 ex
1086 3250 1272 3306 codice
1306 3247 1528 3302 Eusebii
1557 3256 1611 3301 et
1641 3245 1908 3315 Pamphili
1935 3259 2230 3314 expressus
2252 3253 2612 3313 memoratur,
2641 3247 2868 3316 epilogis
2891 3250 3219 3319 carentium,
3259 3257 3480 3313 aliunde
3535 3266 3830 3332 repetenda

565 3355 806 3419 videtur,
849 3355 964 3422 ipsa
989 3363 1178 3406 eorum
1209 3345 1392 3402 indole
1423 3345 1564 3399 hanc
1604 3343 1765 3398 ﬁdem
1798 3344 2126 3398 inculcante.
2161 3341 2220 3395 In
2249 3342 2370 3411 ipso
2405 3351 2558 3397 textu
2587 3351 2640 3396 et
2667 3343 2964 3414 aliquando
3003 3345 3060 3400 in
3093 3349 3338 3420 margine
3359 3353 3570 3414 adsunt
3592 3357 3826 3426 primum

567 3451 850 3516 Asterisci,
881 3447 1058 3514 Obcli,
1099 3443 1395 3508 Lemnisci,
1424 3450 1479 3496 et
1502 3439 1944 3512 llypolemnisci;
1972 3447 2084 3492 tum
2116 3439 2329 3504 littera},
2359 3439 2486 3506 Ain,
2517 3447 2722 3494 textum
2758 3437 3066 3507 Hebraeum,
3095 3441 3280 3512 Aleplt,
3313 3443 3538 3501 Samech
3573 3461 3629 3505 et
3661 3451 3828 3519 Thau,

567 3543 841 3612 Aquilam,
873 3539 1262 3610 Symmachum
1297 3549 1351 3595 et
1371 3539 1808 3594 Theodotionem
1841 3537 2095 3602 seorsim,
2139 3537 2332 3600 Gimel,
2365 3535 2467 3590 hos
2509 3536 2842 3605 interpretes
2880 3537 3243 3607 conjunctim,
3291 3539 3394 3606 He,
3449 3541 3734 3612 Quintam,
3779 3557 3830 3604 et

581 3635 715 3700 Vau,
751 3631 974 3687 Sextam
1002 3631 1307 3685 versionem
1340 3631 1682 3695 indicantes;
1721 3639 1776 3684 et
1810 3629 2008 3684 deinde
2039 3627 2144 3681 alia
2192 3627 2369 3695 signa,
2411 3641 2647 3695 quorum
2697 3625 2813 3681 haec
2845 3626 3041 3698 ﬁgura,
3128 3640 3467 3726 0_.+__C
3761 3649 3828 3722 Ο

592 3721 1859 3813 -Α-θ--ι--ωμ-
1989 3751 2212 3813 _-—-—-

2208 3726 2270 3790 ,ς
2311 3716 2596 3808 3—H
2643 3725 2978 3798 .—_J\_C
3037 3739 3092 3785 et
3118 3716 3318 3800 quibus
3347 3716 3570 3800 similia,
3601 3716 3828 3794 diversis

568 3810 911 3874 diversorum
940 3827 1227 3872 auctorum
1265 3816 1351 3871 vel
1381 3816 1628 3880 scholiis,
1657 3814 1931 3886 plerisque
1954 3810 2023 3864 ob
2050 3813 2316 3866 rationem
2350 3827 2515 3880 supra
2543 3815 2764 3866 allatam
2799 3828 2829 3865 a
2857 3827 2943 3867 me
2971 3814 3140 3868 etiam
3173 3818 3418 3883 omissis,
3445 3821 3529 3874 vel
3563 3821 3829 3890 interpre-

569 3919 871 3974 tationibus
905 3917 958 3969 in
993 3914 1240 3984 margine
1274 3912 1516 3982 praeﬁxa,
1545 3911 1899 3981 respondent,
1931 3925 2278 3980 quorumque
2313 3909 2485 3964 vicem
2521 3909 2716 3963 litterae
2749 3909 3025 3979 alphabeti
3067 3907 3246 3962 Latini
3283 3910 3336 3962 in
3373 3920 3562 3966 nostra
3591 3913 3830 3968 editione

570 4014 911 4070 commodius
941 4017 1157 4082 gerunt.
1193 4009 1314 4076 Quo
1343 4009 1519 4080 magis
1562 4017 1647 4064 est
1690 4008 1746 4062 in
1774 4017 1984 4078 aperto,
2017 4006 2212 4062 Libros
2247 4007 2621 4077 Apocryphos,
2652 4006 2744 4074 qui
2789 4006 3022 4061 subinde
3067 4019 3226 4060 voces
3253 4003 3491 4068 Graecas,
3527 4021 3830 4076 synonyma

572 4110 796 4181 Syriaca
822 4114 875 4161 et
906 4105 1115 4161 scholia
1145 4103 1390 4173 longiora
1423 4101 1477 4156 in
1511 4101 1756 4171 margine
1785 4115 2006 4170 quoque
2035 4099 2352 4162 ostendunt,
2381 4098 2495 4151 haec
2533 4097 2720 4174 critica
2763 4097 2917 4166 signa
2950 4113 3056 4152 non
3097 4095 3320 4162 habere,
3353 4109 3419 4150 eo
3447 4096 3724 4152 curiosius
3751 4098 3830 4152 ri-

569 4202 752 4262 detur,
787 4213 891 4251 non
925 4196 1014 4250 illa
1039 4194 1202 4248 modo
1234 4192 1498 4262 conspici,
1530 4191 1626 4248 sed
1668 4191 1972 4246 versionem
1999 4191 2161 4246 etiam
2199 4187 2592 4244 Theodotionis
2625 4188 2678 4242 in
2718 4187 2970 4244 Barucho
3003 4200 3056 4244 et
3087 4189 3317 4245 Cantico
3373 4191 3542 4246 trium
3587 4193 3830 4248 virorum

569 4295 624 4348 in
656 4295 800 4364 igne,
837 4305 959 4361 qua:
985 4287 1327 4360 antiquitatis
1357 4295 1716 4344 monumenta
1751 4287 1872 4343 ideo
1901 4287 2066 4342 etiam
2099 4285 2232 4340 mihi
2264 4283 2623 4342 describenda
2657 4285 2862 4356 putavi,
2895 4273 3145 4354 excitari,
3173 4301 3337 4357 quam
3363 4303 3478 4344 rem
3509 4292 3830 4360 peritiorum

567 4385 775 4458 judicio
805 4381 1109 4439 committo.

645 4478 898 4548 Ejusdem
928 4476 1143 4546 generis
1163 4484 1218 4531 ct
1246 4473 1402 4544 pretii
1426 4480 1543 4527 erat
1569 4469 1738 4526 codex
1771 4469 1864 4526 ille
1903 4467 2179 4540 Syriacus,
2230 4467 2322 4537 qui
2361 4469 2709 4537 possessione
2749 4477 2802 4524 et
2831 4485 2934 4525 usu
2985 4469 3141 4527 Masii
3192 4485 3346 4541 aeque
3397 4473 3668 4543 famosus,
3713 4487 3832 4548 post

573 4577 866 4635 clarissimi
894 4575 1058 4644 hujus
1101 4574 1201 4626 viri
1233 4572 1444 4626 obitum
1481 4567 1568 4620 vel
1598 4569 1652 4621 in
1673 4567 1890 4622 occulto
1915 4567 2080 4635 jacet,
2113 4563 2198 4618 vel
2235 4563 2381 4617 tristi
2415 4565 2653 4634 quodam
2702 4565 2817 4620 fato
2855 4565 3041 4635 periit,
3076 4566 3330 4638 arnbigna
3387 4579 3484 4623 aut
3534 4573 3684 4626 nulla
3719 4575 3831 4643 ejus

574 4672 934 4744 recuperandi
971 4686 1068 4740 spe
1097 4667 1307 4723 relicta.
1333 4664 1534 4718 Eadem
1559 4662 1704 4715 enim
1741 4659 2029 4728 utriusque
2061 4655 2262 4719 forma,
2296 4655 2438 4709 idem
2468 4657 2774 4721 character,
2809 4657 2997 4712 eadem
3045 4658 3244 4722 versio,
3281 4660 3471 4715 eadem
3511 4663 3690 4734 signa,
3727 4681 3830 4720 ea:—

573 4769 694 4822 dcm
735 4777 896 4820 notas.
938 4762 1235 4820 Masianus,
1267 4757 1383 4828 ipso
1410 4766 1730 4825 possessore
1761 4765 1890 4805 vera
1915 4747 2204 4811 referente,
2253 4746 2357 4801 sub
2385 4746 2546 4801 ﬁnem
2581 4747 2864 4802 dicebatur
2898 4758 3115 4807 sumtus
3154 4760 3207 4806 et
3237 4755 3304 4808 ad
3337 4757 3562 4811 verbum
3599 4761 3832 4815 transla-

575 4867 666 4912 tus
693 4875 754 4912 ex
783 4859 970 4911 Grch
993 4837 1323 4922 exemplari,
1352 4851 1495 4923 quod
1523 4849 1813 4912 Eusebius,
1851 4845 2134 4915 Pamphilo
2156 4842 2425 4913 adjutore,
2453 4845 2521 4899 ad
2554 4843 2725 4900 libros
2757 4843 3010 4912 Origenis
3042 4846 3094 4900 in
3128 4847 3461 4907 Caesareensi
3497 4852 3831 4912 Bibliotheca

575 4955 768 5011 obvios
790 4969 886 5008 sua
923 4968 1087 5006 manu
1119 4951 1362 5006 correxit
1397 4967 1410 5003 :
1447 4948 1592 5002 idem
1626 4945 1694 5001 de
1734 4952 1926 5000 nostro
1953 4941 2321 4996 Ambrosiano
2388 4940 2607 4996 dicitur.
2641 4941 2707 4996 Et
2739 4941 3000 5010 quoniam
3053 4943 3105 4997 in
3159 4944 3403 5001 Masiano
3435 4947 3472 5001 ii
3503 4945 3568 5000 V.
3613 4947 3677 5006 T.
3713 4949 3832 5004 libri

576 5054 824 5117 aderant,
857 5049 950 5118 qui
1009 5050 1063 5102 in
1098 5047 1462 5102 Ambrosiano
1495 5045 1712 5109 desunt,
1745 5042 1835 5097 ille
1866 5057 1919 5097 a.
1945 5039 2102 5094 Alex.
2131 5037 2259 5102 927,
2285 5037 2418 5092 Chr.
2449 5035 2554 5092 6l6
2581 5037 2783 5100 ﬁnitus,
2815 5039 3077 5108 primum,
3113 5038 3202 5092 hic
3239 5055 3368 5096 vero
3395 5055 3447 5095 a.
3493 5042 3651 5096 Alex.
3706 5039 3828 5108 9'28,

573 5147 706 5200 Chr.
744 5143 848 5197 6-17
871 5140 1156 5197 absolutus
1179 5143 1476 5198 secundum
1513 5143 1678 5196 unius
1710 5139 2069 5210 ejusdemque
2099 5135 2279 5206 operis
2301 5136 2555 5190 volumen
2581 5135 2937 5191 constituisse
2966 5135 3198 5189 videtur.

649 5233 754 5289 Sed
783 5233 849 5287 de
878 5239 1100 5284 auetore
1127 5229 1288 5299 hujus
1310 5231 1580 5286 versionis
1605 5229 1740 5283 nihil
1771 5229 1824 5282 in
1859 5235 2048 5283 nostro
2070 5225 2282 5292 codice,
2308 5225 2442 5279 nihil
2463 5223 2620 5293 apud
2651 5223 2882 5278 Masium
2929 5225 2994 5279 ad
3032 5227 3204 5296 ignoti
3241 5228 3478 5284 nominis
3509 5230 3594 5285 vel
3617 5231 3831 5299 conjec-

577 5339 756 5384 turam
781 5326 1015 5397 reperio.
1047 5324 1105 5379 ln
1133 5339 1189 5379 re
1217 5333 1326 5378 tam
1356 5321 1522 5377 veteri
1573 5331 1626 5376 et
1669 5321 1879 5378 incerta
1929 5319 2175 5389 opinioni
2206 5317 2289 5374 Cl.
2327 5317 2647 5373 Eichhornii
2684 5316 2906 5379 accedo,
2949 5318 3042 5386 qui
3083 5333 3214 5374 vero
3249 5323 3502 5391 propiora
3553 5323 3825 5392 colligens,

577 5441 814 5494 veroque
843 5422 1092 5494 proxima
1129 5433 1389 5488 sequens,
1435 5419 1735 5473 arbitratur
1779 5418 1880 5488 (l),
1934 5413 2185 5470 Paullum
2225 5413 2570 5468 Alexandriae
2615 5411 2964 5482 Episcopum,
3005 5411 3272 5468 versionis
3315 5411 3828 5484 Syriaco-llexapla-

581 5518 656 5574 ris
687 5515 775 5570 IV.
809 5516 927 5571 Lib.
961 5515 1186 5586 Regum,
1215 5513 1269 5566 in
1310 5510 1646 5566 Bibliotheca
1677 5507 1844 5579 Regia
1869 5505 2168 5562 Parisiensi
2196 5505 2479 5568 obvim,-et
2513 5519 2540 5556 a
2573 5517 2657 5556 me
2706 5501 2868 5555 etiam
2915 5501 3218 5572 descriptae,
3253 5513 3532 5558 auctorem
3581 5501 3680 5572 (‘2),
3713 5500 3826 5554 loco

653 5699 731 5769 (I)
771 5698 964 5769 Bcpert
1024 5699 1053 5750 7
1087 5697 1186 5753 Th.
1219 5713 1268 5764 p.

655 5762 730 5837 (2)
764 5762 939 5822 Brutis
970 5769 1188 5837 chrrl.
1221 5762 1272 5821 Β.
1317 5767 1419 5823 'l‘h.
1463 5781 1518 5836 ι).
1555 5762 1642 5818 85.
