2078 3730
162 158 229 189 2301
897 160 977 190 ΡΒᾸί

969 161 1094 190 EFATIO.
1720 170 1789 196 230'}

162 219 271 253 quidem
294 218 336 246 sui
363 217 485 244 nntncris
500 223 548 251 per
562 224 681 246 errorem
700 220 877 255 scriptorum,
895 230 948 249 non
975 231 1040 249 vero
1058 229 1173 257 persona
1193 223 1227 250 ad
1255 223 1334 251 fidem
1360 225 1491 252 lectorum
1520 226 1656 253 diversum
1674 226 1758 255 fuisse
1775 237 1789 255 a

162 263 257 291 Paullo
271 263 342 291 'I'elae
366 263 511 298 Episcopo,
529 265 573 291 cui
602 266 733 294 Assemau
752 268 903 294 versionem
926 268 996 295 LXX
1023 270 1200 304 interpretum
1217 272 1287 305 apud
1316 271 1399 307 Syros
1419 279 1452 299 ex
1467 277 1541 300 certo
1562 273 1665 306 tribuit,
1690 275 1789 310 cuique

161 314 188 335 et
204 316 253 336 nos
268 308 417 335 Masianam
435 313 463 335 et
480 308 689 338 Ambrosiauam
708 320 740 338 ex
758 312 891 346 probabili
909 314 1079 340 tribuendam
1097 319 1234 348 putamus.
1252 315 1342 350 {Eque
1365 319 1492 353 ambigua
1519 325 1561 347 est
1581 321 1684 349 codicis
1702 308 1788 350 nostri

161 359 239 385 aetas.
251 362 315 405 qua:
328 359 417 381 tamen
436 354 508 405 si
534 356 683 385 litterarum
699 360 791 394 specie
815 366 842 388 et
864 360 950 388 forma
968 363 1127 389 :rstimanda
1156 363 1219 395 erit,
1236 371 1317 398 supra
1344 368 1474 394 sarculum
1502 373 1627 396 octavum
1646 372 1789 405 repetenda

164 399 278 426 videtur.
295 397 401 426 Certius
414 402 455 425 est
469 398 541 427 illius
558 409 665 435 nomen,
684 403 730 437 qui
750 403 831 437 hujus
845 405 949 431 codicis
961 412 993 431 ex
1010 405 1073 432 Asia
1096 406 1122 432 in
1137 397 1464 441 Europanttransrcrcndi
1483 413 1599 439 consilio
1615 419 1641 440 et
1659 397 1790 441 beneficio

160 448 276 483 gratiam
291 446 459 481 posteritatis
479 446 579 473 inierit.
599 446 751 475 Cardinalis
768 453 810 475 est
828 449 1010 482 Borronmus,
1034 450 1076 477 vir
1099 451 1249 486 singularis
1266 455 1391 489 exempli,
1410 456 1467 489 qui,
1496 457 1548 484 alia
1580 459 1693 486 orientis
1722 468 1791 494 pra:-

163 496 337 524 slantissima
356 499 385 522 ut
400 499 517 526 taceam,
539 495 589 522 hoc
605 496 754 530 exemplar,
776 496 892 523 ctenobii
906 496 1057 528 CbaIdaici,
1075 499 1160 525 sacris
1176 498 1217 526 St.
1241 499 1333 527 Maria:
1347 501 1477 532 faciendis
1496 506 1522 532 in
1541 506 1688 535 solitudine
1700 508 1791 535 Sehit‘

161 545 209 572 tim
226 543 356 577 dedicati,
372 544 493 578 priscum
519 541 678 569 thesaurum
695 561 702 573 ,
719 548 751 568 ex
778 540 896 575 JEgypto
926 542 953 568 in
970 541 1159 569 Ambrosiana:
1183 542 1359 572 Bibliotheca:
1383 553 1575 577 ornamentum
1596 551 1791 579 liberalissime

159 592 339 625 comparavit.
1379 604 1381 606 .

195 637 314 672 lmagine
334 636 436 664 codicis
449 635 533 662 nostri
545 634 663 661 breviter
674 640 814 668 expressa,
828 634 963 668 sequitur.
979 640 1006 661 ut
1035 634 1069 662 de
1090 634 1185 662 Latina
1205 641 1299 663 nostra
1316 639 1442 666 versione
1455 642 1550 674 paucis
1571 643 1673 677 dicant,
1694 644 1721 670 in
1738 652 1789 678 qua

161 683 349 717 componenda
376 682 461 716 Syrus
486 680 621 714 interpres
638 679 705 706 mihi
732 679 784 706 fuit
803 680 939 714 eXrntplo.
957 679 1194 712 Quemadmodum
1222 681 1267 708 ille
1281 682 1404 710 Graecum
1429 687 1550 722 vestigiis
1568 693 1679 716 secutus
1703 695 1755 720 ρει,
1774 697 1790 716 a

160 730 359 760 consuetudine
374 730 414 756 sui
434 728 568 755 sermonis
592 728 670 763 longe
693 728 834 758 recedens,
852 728 888 755 ita
904 736 953 762 ego
975 727 1085 763 Syrum,
1102 729 1129 755 in
1147 729 1241 756 eadem
1259 738 1299 763 re,
1321 733 1406 766 magis
1426 739 1499 761 recte
1514 735 1629 769 legendi.
1649 744 1730 770 quam
1747 744 1792 763 or-

161 784 224 805 nate
237 777 358 804 vertendi
371 777 505 802 rationem
519 780 668 810 spectante.
682 776 704 802 si
720 777 809 802 minus
823 775 918 802 Latine
931 776 1102 807 imitandum,
1118 781 1207 803 tamen
1223 778 1406 805 aemulandum
1421 783 1486 810 mihi
1499 784 1639 818 proposui.
1656 784 1684 810 Si
1698 789 1788 810 autem

160 827 268 854 difficile
293 830 345 856 est,
361 824 400 852 rei
419 824 564 859 proximat,
590 825 778 852 diIiicilIimum
797 825 863 851 Inibi
880 825 940 857 fuit,
961 825 1150 852 remotissima:
1164 826 1372 854 similitudinem
1390 836 1422 855 ex
1438 836 1502 855 vero
1522 828 1656 863 cIIingcre,
1673 833 1698 854 et
1712 835 1792 854 voces

161 875 299 910 Syriacas,
326 880 386 908 qua:
410 871 518 898 licentia
537 871 695 899 vestustatis
711 870 926 904 o!»scur:e,copia
953 870 1184 904 significationum
1214 871 1359 906 ambiguae,
1382 877 1409 899 ct
1433 880 1483 907 pro
1502 874 1628 900 orientali
1655 874 1790 900 scribendi

161 928 269 956 genere,
285 921 357 947 inter
370 923 495 946 nostrum
506 923 533 945 et
544 916 782 950 Hieroglyphicum
794 915 893 946 medio,
905 916 932 941 in
949 916 1021 942 notis
1034 916 1184 949 prmscrtim
1199 921 1226 942 ct
1238 921 1316 943 extra
1332 917 1429 944 seriem
1443 920 1576 946 orationis
1590 920 1665 946 vario
1682 920 1789 954 legendi

159 975 186 996 et
200 966 392 1003 interpretandi
407 964 521 993 arbitrio
535 963 659 990 obuoxize
675 966 749 993 sunt,
765 962 877 988 totidem
894 961 999 988 Latinis
1014 962 1136 995 ejusdem
1152 962 1192 988 vis
1204 967 1229 988 et
1246 964 1390 996 potestatis
1403 964 1614 999 cxprimcre(I).
1632 964 1677 990 Sic
1692 964 1789 990 barum

159 1021 320 1043 caussarum
340 1019 447 1039 errores
462 1017 528 1036 mea:
547 1008 678 1039 inscitim,
694 1007 815 1041 reliquos
831 1015 906 1038 vero,
927 1015 996 1041 quos
1010 1007 1221 1034 transcribendo
1237 1009 1372 1041 commisi,
1394 1015 1419 1036 ct
1437 1017 1506 1044 quos
1529 1014 1682 1044 suspectos,
1702 1010 1790 1036 maui-

161 1063 256 1093 festos,
274 1064 347 1087 metu
362 1059 459 1086 iterum
473 1055 581 1083 errandi
596 1063 648 1081 non
660 1054 778 1085 correxi,
799 1061 865 1081 mea:
878 1054 991 1081 incuria:
1008 1055 1122 1084 tribues.
1142 1060 1169 1082 et
1182 1063 1243 1081 cum
1261 1055 1322 1081 illos
1337 1061 1445 1090 propter
1463 1056 1500 1083 rei
1514 1056 1713 1087 difﬁcultatem,
1729 1061 1787 1083 tum

161 1109 211 1135 hos
227 1111 338 1142 propter
356 1103 484 1138 temporis
501 1101 527 1128 in
543 1100 621 1135 copia
637 1099 741 1126 codicis
756 1098 879 1126 facienda
896 1099 1054 1126 brevitatem
1071 1100 1227 1127 excusabis.
1242 1099 1368 1126 Profecto
1388 1108 1440 1127 non
1466 1106 1570 1128 tantum
1586 1110 1598 1128 a
1616 1110 1669 1134 uie,
1688 1102 1734 1135 qui
1752 1102 1791 1135 ip-

162 1161 223 1181 sum
233 1153 355 1180 codicem
384 1157 433 1176 nec
450 1153 539 1178 antea.
556 1149 670 1180 urgente
687 1152 746 1171 meo
768 1145 794 1170 in
806 1144 937 1171 orientem
955 1144 1061 1177 itinere,
1075 1150 1160 1171 totum
1175 1153 1236 1172 cum
1248 1151 1341 1172 uestro
1353 1147 1498 1180 exemplari
1513 1146 1668 1174 conferendi
1685 1153 1790 1180 tempus

160 1201 255 1232 habui,
270 1207 320 1226 nec
331 1199 387 1233 jam
402 1205 434 1223 ex
451 1200 526 1230 parte
541 1192 699 1220 consulendi
717 1192 889 1219 oecasionem
909 1191 1008 1224 habeo,
1024 1192 1187 1226 postulabis,
1201 1198 1331 1226 quantum
1350 1193 1385 1219 ab
1405 1199 1499 1219 eorum
1514 1192 1610 1219 studiis
1623 1197 1649 1219 et
1663 1193 1789 1228 ingeniis,

161 1247 261 1281 quibus
278 1245 360 1278 hujus
378 1242 522 1275 utriusque
537 1241 645 1267 fortuna
657 1239 814 1274 contigerit,
829 1239 1010 1273 exspectabis.

195 1293 236 1320 Ad
249 1292 377 1319 uitiatum
389 1290 422 1317 de
436 1288 539 1316 codicis
554 1287 640 1313 nostri
657 1294 721 1318 usu,
734 1286 780 1320 qui
797 1285 893 1311 melius
906 1293 921 1311 a
931 1285 988 1312 suis
1004 1284 1097 1315 rebus,
1119 1291 1200 1318 quant
1217 1284 1318 1311 nostris
1334 1285 1425 1312 verbis
1439 1285 1658 1318 cognoscmdus,
1677 1285 1791 1320 integri--

161 1341 208 1368 lati
227 1339 353 1367 Ilebraiei
371 1342 461 1365 textus
477 1340 568 1363 vetera
582 1335 750 1366 testimonia,
768 1335 841 1361 vitiis
858 1334 928 1360 LXX
945 1335 1121 1368 interpretum
1135 1341 1204 1360 nova
1217 1333 1346 1365 remedia,
1357 1339 1385 1361 et
1401 1342 1463 1361 cum
1482 1333 1682 1360 Moutfauconis
1700 1333 1789 1360 Hexa-

160 1388 212 1422 plis
228 1391 283 1413 tum
296 1384 416 1420 Syriacis
427 1383 646 1410 Nomenclaturis
660 1388 759 1416 magna
779 1381 946 1408 incrementa
961 1382 988 1407 in
1005 1380 1094 1407 fronte
1106 1380 1249 1415 promittit,
1268 1381 1332 1407 etin
1351 1389 1458 1408 recessu
1486 1381 1568 1413 fovet,
1586 1382 1669 1407 multa
1688 1380 1788 1422 habeo0

160 1439 221 1466 quae
235 1430 363 1462 dicerem,
381 1429 431 1455 nisi
448 1429 586 1463 proposita
603 1426 750 1454 voluminis
766 1430 792 1453 et
806 1426 885 1460 pretii
902 1425 1060 1459 magnitudo
1077 1426 1143 1452 mihi
1162 1431 1235 1452 esset
1250 1426 1457 1460 impedimento.
1474 1426 1557 1462 Igitur
1572 1435 1633 1454 cum
1650 1435 1682 1453 ex
1707 1427 1790 1452 inuu-

161 1478 243 1506 meris
257 1476 387 1504 nonnulla
403 1475 485 1509 hujus
507 1473 641 1501 versionis
665 1473 735 1503 loca,
751 1480 811 1506 qua:
827 1471 861 1498 ab
875 1471 1020 1506 Hexaplari
1049 1476 1106 1498 tum
1137 1471 1338 1499 Montfauconis
1366 1473 1446 1506 opere
1475 1478 1530 1500 tum
1549 1473 1642 1500 Grabii
1670 1472 1789 1499 editione

161 1531 258 1551 vocum
282 1526 309 1550 et
325 1523 465 1557 signorum
488 1529 613 1552 numero,
633 1520 719 1548 forma
734 1523 761 1546 et
775 1520 834 1546 loco
844 1518 983 1551 differunt,
1000 1518 1103 1546 ali'atim
1122 1519 1257 1554 explicare
1276 1527 1329 1546 non
1346 1520 1436 1552 liceat,
1463 1528 1494 1547 ea
1516 1521 1542 1547 in
1559 1528 1718 1555 opportunae
1732 1520 1783 1547 coi-

162 1569 270 1596 lationis
284 1568 388 1602 copiam
413 1571 441 1594 et
464 1567 520 1593 veri
545 1574 575 1593 ac
591 1566 650 1593 falsi
677 1565 823 1592 discrimen
840 1564 1000 1591 nominatim
1022 1565 1125 1592 citasse
1150 1564 1256 1599 juvabit
1282 1573 1296 1592 c
1316 1564 1382 1592 solis
1404 1564 1512 1593 duobus
1529 1566 1606 1593 libris
1625 1573 1695 1600 quos
1716 1574 1789 1593 nunc

161 1616 278 1643 edimus.

196 1661 297 1689 Jerem.
313 1661 370 1688 1.8.
384 1660 415 1686 Il.
432 1660 475 1686 Π.
488 1659 532 1685 ‘29.
550 1657 593 1685 III.
610 1658 637 1685 5.
655 1657 700 1685 IV.
717 1658 741 1684 I.
760 1656 791 1683 V.
812 1656 856 1683 I5.
877 1656 919 1683 I6.
934 1656 979 1682 26.

965 1657 979 1682 ἱ.
997 1655 1038 1683 Vl.
1056 1657 1082 1683 2.
1099 1656 1139 1683 15.
1160 1656 1205 1683 ΞΞ.
1221 1657 1272 1683 VII.
1291 1657 1333 1685 I0.
1350 1657 1392 1685 II.
1409 1658 1477 1685 VIII.
1489 1659 1516 1686 2.
1533 1659 1558 1686 7.
1578 1659 1618 1686 I9.
1636 1659 1679 1686 lX.
1693 1659 1738 1686 26.
1752 1659 1785 1686 X.

161 1706 188 1734 9.
205 1707 248 1734 I8.
264 1705 334 1732 XIII.
349 1706 391 1732 I0.
407 1704 522 1731 XIV.I5.
541 1704 584 1731 I5.
599 1702 658 1730 XV.
671 1703 714 1730 II.
731 1701 801 1729 XVI.
816 1702 843 1729 4.
863 1701 957 1729 XVIII.
975 1702 1020 1728 20.
1037 1702 1082 1729 2?».
1100 1702 1170 1729 XIX.
1188 1704 1231 1729 Il.
1248 1703 1320 1730 XXI.
1338 1705 1364 1731 5.
1379 1704 1459 1732 XXII.
1477 1706 1518 1732 I8.
1530 1705 1574 1733 29.
1590 1706 1633 1733 50.
1653 1706 1744 1733 XXIII.
1760 1706 1787 1734 8.

164 1754 206 1780 IO.
221 1753 317 1781 XXIX.
335 1753 377 1780 15.
399 1752 518 1779 XXXIII.
546 1752 586 1778 I6.
604 1750 712 1778 XXXV.
730 1750 757 1778 5.
775 1750 895 1778 XXXVI.
910 1750 937 1777 Ι.
958 1749 1026 1777 XLI.
1045 1751 1072 1777 9.
1089 1750 1131 1778 I5.
1147 1750 1261 1778 XLVIII.
1286 1752 1327 1778 I5.
1347 1753 1438 1780 50.45.
1455 1752 1571 1781 chcch.
1590 1753 1619 1780 V.
1636 1754 1678 1781 I5.
1696 1754 1739 1781 VI.
1759 1755 1786 1782 6.

162 1799 188 1825 9.
208 1799 250 1826 I0.
262 1796 342 1826 XVII.
359 1799 403 1825 20.
418 1798 461 1825 21.
477 1797 568 1825 XVIII.
584 1798 609 1825 4.
629 1797 671 1825 LI.
687 1798 714 1825 6.

198 1888 379 1927 (_I)__Gra1cum
396 1888 541 1927 articulum
558 1888 770 1927 praepositivum,
797 1897 876 1927 quem
898 1889 1128 1927 Origenesrtextui
1154 1891 1302 1918 LXXvirali
1321 1891 1467 1926 aliquando
1490 1892 1631 1927 praemisso
1655 1893 1787 1919 asterisco

162 1922 384 1959 mldiditxnoster
398 1930 445 1956 per
456 1923 578 1959 litteram
600 1922 701 1950 Lomad
716 1922 859 1958 expreésit,
876 1922 960 1959 qualn
981 1926 1102 1959 Norbcrg
1126 1934 1173 1959 per
1187 1928 1232 1958 ad,
1250 1927 1290 1954 vel
1308 1927 1341 1958 is,
1356 1922 1398 1959 ea,
1423 1928 1460 1957 id,
1476 1922 1603 1958 réddidit,
1623 1935 1672 1955 nos
1690 1928 1786 1955 litteris

161 1958 263 1997 Graecis
276 1957 378 1998 Latium
392 1958 510 1998 versioni
529 1958 713 1998 inscr-nimus;
731 1959 802 1998 quod
817 1957 917 1987 rectius
930 1967 990 1988 esse
1009 1961 1066 1996 ipse
1082 1957 1185 1990 codicis
1203 1963 1290 1989 editor
1307 1957 1424 1998 ingenue
1441 1962 1531 1991 fassus
1556 1967 1596 1990 est
1611 1970 1639 1990 se
1661 1963 1783 1990 animad-

160 1992 276 2020 vertisse
289 1993 421 2027 impresso
436 1993 492 2027 jam
504 2000 584 2027 opere
596 2001 656 2020 suo.
674 1992 771 2021 Drach.

298 2886 429 2916 Parum“
445 2887 499 2916 (in.
522 2889 603 2917 XVI.
1584 2895 1625 2926 '73
