4102 6278
357 388 496 449 230ῒί

361 607 477 655 tent
508 607 697 669 gentes
731 600 860 652 deos
890 613 1043 661 suos,
1078 612 1133 652 et
1161 598 1214 650 hi
1250 614 1357 652 non
1389 610 1512 654 sunt
1549 600 1651 657 Dii.
1688 599 1930 669 Populus

362 702 541 746 autem
574 705 730 744 meus
760 690 832 759 (c)
878 690 1106 744 mutavit
1148 690 1377 760 gloriam
1427 707 1580 745 suam
1634 693 1686 746 in
1742 693 1815 757 id,
1864 708 1929 745 ex

360 798 471 852 quo
514 782 649 835 nihil
677 781 781 835 sibi
817 781 1136 849 proderunt.
1185 780 1271 836 12.
1305 783 1380 852 (ά)
1414 781 1703 851 Obstupuit
1733 783 1929 837 malum

361 888 526 941 super
562 874 683 935 hoc,
720 884 772 926 et
813 872 1027 925 borruit
1069 874 1138 942 (ε)
1173 874 1517 928 vehementer
1543 875 1928 936 abumlautius,

361 964 497 1017 dicit
530 962 817 1017 Dominus.
856 962 942 1015 15.
981 961 1118 1027 Quia
1153 964 1263 1017 duo
1304 974 1358 1018 et
1391 966 1531 1020 mala
1581 964 1705 1019 fecit
1755 981 1931 1035 popu-

361 1054 449 1107 lus
497 1068 650 1106 meus
698 1072 710 1106 :
751 1068 838 1106 me
898 1052 1303 1122 dereliquerunt
1334 1055 1535 1110 fontem
1587 1072 1741 1126 aqua:
1778 1059 1931 1120 vivas,

363 1144 428 1212 (Γ)
460 1153 508 1197 et
544 1143 798 1197 foderunt
820 1144 922 1197 sibi
958 1144 1245 1207 cisternas,
1292 1148 1360 1215 Ἀ(
1413 1148 1681 1201 ciSternas
1732 1148 1754 1215 1
1804 1162 1934 1201 con-

362 1236 565 1289 fractas
616 1234 757 1296 illas,
809 1252 930 1305 quae
964 1252 1068 1289 non
1104 1250 1336 1305 possunt
1379 1253 1573 1306 aquam
1632 1253 1690 1293 αε-
1757 1240 1933 1293 couti-

362 1342 493 1382 uere
528 1327 550 1393 1
588 1326 674 1380 14.
708 1325 845 1379 Num
884 1343 1074 1384 servus
1128 1343 1191 1383 -ι-
1240 1338 1323 1383 est
1368 1330 1391 1396 1
1444 1329 1627 1393 Israel,
1667 1339 1760 1385 aut
1793 1331 1934 1386 titius

362 1417 601 1471 familias
632 1426 713 1472 est
755 1417 869 1487 (g)?
912 1435 1083 1487 quare
1120 1418 1295 1472 factus
1339 1429 1419 1474 est
1463 1419 1538 1489 (It)
1574 1420 1625 1473 in
1659 1419 1934 1488 praedam?

364 1509 452 1563 15.
493 1508 667 1578 Super
700 1525 825 1563 eum
874 1510 936 1578 (ἱ)
982 1510 1261 1564 ulularunt
1311 1510 1518 1573 leones,
1566 1519 1621 1564 et
1670 1509 1937 1565 dederunt

363 1616 551 1653 vocem
586 1610 766 1666 sitam,
799 1602 890 1669 qui
943 1612 1247 1670 posuerunt
1278 1610 1476 1655 terram
1510 1602 1630 1671 ejus
1661 1602 1732 1673 (k)
1762 1604 1814 1656 in
1846 1618 1935 1658 so-

362 1693 644 1747 litudinem
686 1704 785 1746 :et
814 1693 976 1747 urbes
1028 1694 1148 1761 ejus
1198 1693 1262 1762 (ι)
1312 1695 1630 1762 exstirpatze
1682 1705 1830 1760 sunt,
1869 1710 1935 1749 eo

363 1786 511 1854 quod
544 1801 652 1839 non
685 1786 994 1839 habitentur
1032 1788 1151 1854 tm).
1199 1787 1288 1841 16.
1322 1786 1499 1840 Etiam
1539 1786 1632 1840 ﬁlii
1672 1786 1934 1855 Memphis

363 1891 416 1932 et
451 1877 692 1946 Tahphis
728 1876 805 1945 (ιι)
845 1885 1219 1944 cognoverunt
1276 1888 1349 1941 te,
1392 1886 1446 1931 et
1494 1877 1781 1931 illuserunt
1814 1876 1929 1929 tibi.

363 1966 555 2021 Nonne
608 1968 723 2021 haec
770 1965 896 2021 fecit
939 1966 1033 2020 tibi
1076 1966 1228 2029 illud,
1264 1966 1411 2035 quod
1453 1966 1791 2035 dereliquisti
1825 1981 1931 2028 me,

366 2059 455 2112 17.
483 2059 611 2112 dicit
631 2058 702 2126 (ο)
726 2056 989 2112 Dominus
1020 2055 1162 2112 Deus
1190 2067 1336 2122 tuus,
1365 2061 1429 2123 3K
1452 2056 1506 2110 in
1539 2066 1781 2127 tempore
1809 2070 1932 2109 cum

367 2149 570 2205 abduxi
612 2149 744 2203 tein
789 2150 871 2203 via
908 2149 970 2217 1?
1003 2149 1090 2203 18.
1123 2148 1188 2203 Ει
1234 2165 1381 2204 nunc
1425 2150 1555 2218 quid
1594 2148 1711 2212 tibi,
1750 2158 1802 2201 et
1839 2148 1936 2202 viae

366 2239 609 2311 IEgypti,
642 2247 701 2293 ut
747 2239 902 2293 bibas
949 2254 1145 2309 aquam
1176 2237 1249 2307 (p)
1280 2238 1499 2293 Gihun?
1547 2238 1614 2291 Et
1654 2238 1783 2308 quid
1817 2237 1934 2300 tibi,

367 2342 421 2386 et
480 2334 581 2384 viae
630 2330 1005 2399 Assyriorum,
1055 2339 1111 2382 ut
1160 2330 1316 2383 bibas
1366 2345 1564 2399 aquam
1609 2328 1936 2383 fluminum?

370 2424 458 2480 19.
491 2421 792 2491 Castigabit
816 2431 867 2475 te
893 2421 965 2490 (q)
1004 2420 1254 2486 defectio,
1289 2421 1356 2488 (ν)
1399 2431 1454 2475 et
1485 2421 1692 2474 malitia
1728 2429 1818 2473 tua
1849 2435 1938 2472 ar-

369 2524 497 2583 guet
549 2526 617 2567 te.
666 2514 732 2567 Et
788 2512 946 2579 scito,
999 2522 1053 2567 et
1101 2514 1242 2579 vide,
1282 2516 1349 2582 ὴ(
1391 2515 1535 2583 quod
1587 2515 1787 2567 malum
1830 2514 1939 2579 1et

369 2621 615 2660 amarum
655 2604 748 2658 tibi
783 2603 935 2667 illud,
979 2604 1125 2673 quod
1160 2604 1513 2673 dereliqueris
1549 2604 1615 2672 (ε)
1668 2620 1775 2668 me,
1808 2603 1939 2657 dicit

371 2697 634 2753 Dominus
660 2697 800 2750 Deus
836 2704 1000 2749 tuus:
1032 2695 1096 2766 (ι)
1126 2705 1180 2749 et
1213 2710 1319 2749 non
1365 2696 1500 2749 mihi
1549 2696 1849 2762 eomplacui
1884 2697 1935 2749 in

370 2798 443 2850 te,
474 2787 607 2841 dicit
637 2785 900 2839 Dominus
934 2784 1078 2839 Deus
1124 2796 1284 2851 tuus;
1335 2786 1427 2839 9.0.
1465 2784 1723 2853 quoniam
1773 2800 1801 2836 a
1838 2798 1938 2837 sae-

369 2880 495 2933 culo
517 2876 833 2945 confregisti
861 2876 1049 2946 jugum
1085 2884 1260 2939 tuum,
1292 2883 1345 2929 et
1384 2874 1461 2945 (u)
1501 2873 1781 2943 disrupisti
1820 2875 1941 2927 vin-

371 2971 490 3025 cula
515 2978 628 3033 tua,
657 2977 712 3022 et
738 2968 921 3023 dixisti
949 2986 963 3021 :
996 2966 1114 3021 Non
1135 2967 1308 3021 colam
1340 2967 1620 3022 servitium
1671 2967 1767 3021 tibi
1792 2980 1858 3006 ω
1892 2967 1939 3033 1,

372 3062 466 3115 sed
499 3061 588 3114 ibo
618 3074 779 3128 super
824 3073 1043 3113 omnem
1102 3059 1295 3113 collem
1328 3057 1624 3121 excelsum,
1662 3066 1716 3117 et
1756 3058 1943 3113 subter

373 3168 536 3207 omne
584 3152 789 3221 lignum
821 3152 1167 3213 umbrosum,
1207 3150 1279 3204 ibi
1314 3148 1394 3219 (ac)
1429 3148 1712 3204 lasciviam
1746 3149 1800 3202 in
1831 3147 1943 3203 for-
1969 3179 2012 3237 ο

374 3244 644 3297 nicatioue
670 3253 739 3283 ω
767 3256 885 3295 mea
922 3240 969 3306 1.
998 3241 1088 3294 21.
1127 3239 1238 3309 Ego
1287 3249 1466 3293 autem
1495 3240 1730 3310 plautavi
1772 3248 1823 3293 te
1862 3238 1939 3309 (y)

374 3333 538 3388 vitem
576 3332 838 3387 ferentem
876 3330 1084 3383 fructus
1128 3342 1345 3381 onmem
1382 3342 1563 3379 veram
1613 3345 1626 3381 :
1665 3329 1940 3396 quomodo

373 3438 637 3479 conversa
675 3437 734 3476 es
785 3424 852 3487 ῖς(
894 3420 1026 3472 mihi
1057 3418 1079 3484 1
1118 3418 1170 3469 in
1210 3416 1628 3471 amaritudinem
1659 3417 1785 3470 vitis
1811 3416 1942 3470 alica

376 3516 485 3571 na?
507 3514 601 3567 ἓξ)...
643 3511 698 3566 Si
748 3510 946 3565 laveris
980 3518 1031 3562 te
1078 3508 1243 3571 nitro,
1280 3519 1333 3563 et
1368 3507 1816 3577 multiplicaveris
1845 3506 1941 3559 tibi

376 3608 613 3662 radicem
639 3604 1040 3675 puriticantem,
1074 3600 1146 3669 (ι)
1186 3600 1454 3654 maculata
1485 3613 1545 3653 es
1573 3601 1629 3652 in
1665 3598 1949 3667 injustitiis

377 3698 487 3752 tuis
518 3711 700 3750 coram
734 3709 842 3759 me,
880 3692 1010 3747 dicit
1039 3694 1105 3758 >ε<
1137 3691 1396 3745 Dominus
1439 3689 1703 3744 Dominus
1759 3688 1806 3756 1.
1854 3689 1946 3743 23.

376 3786 663 3854 Quomodo
690 3786 826 3841 dicis
861 3801 874 3837 ;
908 3781 1024 3836 Non
1053 3783 1260 3851 polluta
1291 3798 1434 3844 sum,
1463 3789 1662 3848 etpost
1690 3779 1820 3834 Baal
1840 3795 1947 3833 non

377 3876 688 3932 ambulavi?
720 3873 855 3928 Vide
886 3873 1004 3927 vias
1040 3880 1162 3926 tuas
1204 3872 1279 3943 (a)
1312 3872 1364 3925 in
1406 3870 1695 3939 sep'ulcris,
1743 3880 1797 3926 et
1854 3885 1944 3923 co-

377 3982 599 4038 gnosce,
631 3966 758 4035 quid
780 3964 974 4019 feceris
1001 3963 1097 4033 (b).
1132 3960 1356 4031 Vesperi
1387 3976 1518 4015 voce
1546 3976 1644 4014 sua
1681 3961 1941 4013 ululavit:

375 4060 469 4113 24.
522 4057 645 4112 Vias
694 4071 824 4111 suas
881 4054 1128 4109 dilatavit
1176 4068 1342 4127 super
1375 4067 1546 4122 aquas
1581 4051 1939 4106 solitudinis:

379 4152 433 4204 in
461 4148 849 4219 cupiditatibus
881 4146 1077 4199 animae
1111 4159 1223 4199 suae
1271 4142 1340 4212 (c)
1388 4143 1708 4212 respiravit:
1748 4141 1945 4194 tradita

379 4251 515 4297 est:
573 4239 696 4310 quis
751 4247 1030 4293 convertet
1072 4236 1233 4292 eam?
1281 4232 1502 4296 Omnes,
1555 4235 1648 4302 qui
1698 4244 1949 4302 quaerunt

378 4347 522 4395 eam,
556 4346 663 4384 non
693 4329 1068 4399 fatigabuntur
1105 4346 1117 4380 :
1164 4328 1243 4396 (ά)
1277 4327 1330 4378 in
1365 4325 1669 4379 humilitate
1715 4325 1835 4393 ejus
1864 4340 1950 4379 re-

380 4424 591 4493 perient
622 4437 762 4476 eam.
794 4421 883 4474 25.
952 4422 1021 4489 (ε)
1081 4421 1277 4474 Averte
1307 4419 1493 4487 pedem
1528 4428 1677 4471 tuum
1705 4433 1735 4470 a
1769 4416 1836 4487 (Ῑ)
1866 4417 1950 4470 via

383 4515 540 4579 dura,
582 4523 635 4570 et
676 4523 863 4583 guttur
896 4522 1048 4567 tuum
1087 4528 1117 4567 a
1148 4512 1256 4566 siti.
1294 4513 1385 4566 Illa
1439 4521 1618 4565 autem
1669 4511 1824 4574 dixit,
1874 4511 1949 4579 (gl

458 4779 529 4847 (c)
570 4776 657 4843 A.,
694 4777 923 4830 mutavit
951 4775 1177 4847 gloriam
1206 4846 1211 4847 γ
1238 4790 1391 4847 suam
1438 4775 1491 4828 in
1547 4790 1651 4847 non
1692 4775 1859 4847 _utile.

388 4918 474 4982 8.,
510 4918 813 4986 rugierunt.
892 4915 963 4984 (k)
1006 4914 1211 4979 Α.,ῑ8.,
1250 4920 1300 4967 in
1333 4916 1793 4986 depravationem.

436 5055 574 5111 ihor.
651 5057 725 5125 (q)
768 5055 994 5125 Reliqui,
1024 5055 1227 5125 malitia
1267 5064 1376 5107 tua.

1629 392 1942 452 JEREMIA‘J
1986 392 2213 453 CAPUT
2255 390 2338 449 lll.

356 519 590 573 menter,
622 517 676 561 et
701 508 896 574 videte,
923 508 966 563 si
1000 508 1140 563 facta
1177 509 1286 563 sint
1312 511 1512 565 similia
1550 532 1560 565 :
1596 513 1687 566 11.
1723 512 1777 566 Si
1812 529 1928 566 mu-
1960 518 2003 573 Α
2037 509 2272 565 Viriliter
2309 525 2463 579 agam

1896 4915 1958 4985 (Ι)
1999 4917 2089 4977 Α..
2124 4915 2423 4972 combusta:
2450 4928 2595 4973 sunt.
2624 4915 2708 4983 8.,
2744 4915 2969 4976 vastata:
3004 4915 3151 4977 sunt.

413 4990 468 5056 η)
514 4983 985 5056 d.,'confringunt
1016 4986 1111 5037 tibi
1155 4986 1425 5038 cranium.
1481 4983 1778 5056 8.,-ευριπ
1818 4983 2088 5040 eranium.

1456 5054 1527 5122 (r)
1566 5053 1631 5105 Et
1667 5056 1881 5108 aversio
1919 5064 2031 5110 tua.

3459 392 3604 451 i306

2506 526 2523 564 :
2573 512 2701 580 quia
2754 510 2962 569 amavit
2992 511 3220 577 alienos,
3259 520 3311 566 et
3344 522 3468 580 post
3509 526 3601 566 eos

2036 602 2354 656 ambulavit.
2388 600 2478 655 26.
2527 601 2598 655 llt
2648 602 2821 671 pudor
2849 601 3007 668 furis,
3036 616 3159 655 cum
3192 609 3381 669 captus
3415 598 3600 661 fuerit,

2036 693 2110 745 ita
2149 691 2225 760 (Ii)
2282 693 2605 746 erubescent
2639 691 2732 745 ﬁlii
2763 691 3000 756 lsraelis,
3038 691 3162 759 ipsi,
3207 699 3261 745 et
3306 706 3459 758 reges
3505 704 3600 744 eo—

2034 799 2178 850 rum,
2217 792 2268 837 et
2296 783 2570 852 principes
2602 797 2816 848 eorum,
2854 790 2908 835 et
2940 782 3252 837 sacerdotes
3292 796 3505 843 eorum,
3552 789 3602 834 et

2034 876 2308 942 prophetas
2340 890 2551 929 eorum.
2589 873 2682 928 27.
2739 874 3006 927 Dixerunt
3050 873 3217 942 ligno,
3259 872 3414 937 Quod
3449 880 3603 940 pater

2035 980 2191 1019 meus
2214 980 2274 1019 es
2309 974 2363 1018 tu
2405 982 2417 1017 :
2450 975 2504 1019 et
2526 964 2713 1032 lapidi,
2742 964 2820 1017 Tu
2851 963 3108 1032 peperisti
3139 978 3245 1017 me.
3284 963 3349 1015 Et
3380 977 3606 1016 conver-

2034 1064 2217 1109 terunt
2247 1056 2312 1109 ad
2340 1071 2427 1109 me
2456 1065 2625 1123 terga,
2659 1064 2712 1108 et
2748 1070 2854 1109 non
2890 1054 3059 1109 facies
3087 1069 3239 1109 suas.
3286 1052 3352 1106 Et
3378 1056 3432 1108 in
3468 1061 3605 1108 tem-

2035 1160 2165 1214 pore
2192 1146 2461 1199 malorum
2489 1160 2713 1199 suorum
2741 1146 2926 1200 dicent
2967 1162 2981 1198 :
3016 1144 3188 1214 Surge
3214 1153 3269 1198 et
3298 1160 3452 1199 serva
3480 1161 3600 1199 nos.

2035 1236 2129 1290 28.
2164 1233 2233 1289 Et
2263 1236 2355 1289 ubi
2384 1245 2511 1290 sunt
2540 1236 2615 1290 dii
2649 1237 2749 1303 tui,
2782 1251 2920 1303 quos
2964 1234 3143 1290 fecisti
3190 1236 3327 1290 tibi?
3373 1236 3419 1290 si
3477 1252 3604 1289 sur-

2034 1338 2181 1398 gent,
2218 1336 2273 1380 et
2312 1328 2620 1381 liberabunt
2652 1336 2703 1382 te
2736 1329 2787 1381 in
2836 1337 3080 1396 tempore
3111 1327 3435 1383 humilitatis
3465 1326 3608 1381 tuae?

2035 1419 2173 1485 Quia
2195 1418 2495 1473 secundum
2523 1434 2812 1472 numerum
2848 1419 3064 1473 urbium
3098 1431 3316 1473 tuarum
3348 1429 3507 1474 erant
3528 1419 3605 1472 dii

2036 1514 2139 1575 tui,
2168 1512 2306 1567 Juda
2346 1530 2360 1565 :
2392 1521 2445 1566 et
2489 1512 2785 1566 secundum
2822 1527 3109 1566 numerum
3142 1513 3351 1565 viarum
3382 1510 3607 1566 Jerusa-

2035 1606 2139 1660 lem
2174 1604 2554 1659 sacrificarunt
2583 1603 2746 1657 Baali.
2775 1603 2864 1658 29.
2899 1602 3079 1668 Quare
3118 1605 3179 1674 (ἰ)
3212 1604 3497 1674 loquimini
3538 1606 3605 1658 ad

2036 1697 2159 1749 me?
2188 1695 2394 1751 Omnes
2424 1710 2518 1749 vos
2555 1695 2719 1762 impie
2744 1695 2955 1764 egistis,
2991 1704 3046 1748 et
3068 1710 3258 1750 omnes
3288 1710 3381 1750 vos
3409 1695 3609 1764 injuste

2035 1787 2224 1858 egistis
2262 1788 2315 1840 in
2353 1800 2462 1848 me,
2490 1787 2624 1841 dicit
2653 1787 2935 1841 Dominus.
2978 1787 3067 1840 50.
3098 1785 3320 1841 Frustra
3366 1789 3607 1857 percussi

2037 1881 2180 1935 ﬁlios
2202 1889 2444 1933 vestros:
2467 1878 2531 1948 (‘)
2559 1895 2663 1932 non
2686 1880 2985 1948 recepistis.
3007 1878 3377 1948 Devoravit(k)
3396 1882 3609 1948 gladius

2040 1968 2330 2037 prophetas
2351 1978 2586 2029 vestros,
2638 1976 2696 2020 ut
2737 1968 2821 2020 leo
2864 1968 3075 2033 delens,
3103 1976 3156 2019 et
3185 1982 3293 2020 non
3320 1969 3604 2023 timuistis.

2036 2058 2124 2112 51.
2162 2058 2360 2111 Audite
2413 2058 2636 2109 verbum
2692 2057 2908 2110 Domini
2949 2076 2961 2109 :
3003 2071 3066 2111 σε·
3101 2058 3215 2112 hac
3258 2058 3390 2111 dicit
3423 2058 3607 2113 Domi-

2038 2164 2142 2202 nus
2180 2147 2201 2214 1
2244 2166 2255 2200 ;
2290 2146 2430 2201 Num
2461 2147 2698 2202 solitudo
2723 2147 2900 2201 factus
2929 2163 3048 2201 sum
3082 2146 3288 2212 lsraeli,
3321 2158 3416 2203 aut
3464 2156 3608 2203 terra

2039 2223 2101 2308 (ἰ)
2136 2238 2378 2293 inculta?
2423 2239 2683 2308 quoniam
2721 2239 2977 2294 dixelunt
3006 2240 3237 2309 populus
3264 2256 3421 2296 meus
3458 2258 3471 2293 :
3510 2241 3607 2311 (m)

2038 2330 2157 2383 Non
2193 2330 2423 2398 subjecti
2458 2330 2688 2394 erimus,
2738 2346 2913 2399 neque
2944 2332 3225 2384 veniemus
3275 2333 3511 2402 amplius
3544 2336 3611 2387 ad

2040 2432 2109 2475 te.
2148 2420 2235 2477 52.
2269 2420 2407 2473 Num
2436 2420 2790 2475 obliviscetur
2820 2426 2899 2489 (ui
2929 2436 3128 2490 sponsa
3166 2424 3471 2477 ornamenti
3502 2426 3611 2488 sui,

2041 2512 2114 2581 (ο)
2158 2521 2212 2565 et
2254 2513 2411 2580 virgo
2455 2521 2708 2571 ornatus.
2752 2512 2845 2579 qui
2878 2526 3044 2579 super
3072 2522 3291 2579 pectore
3319 2515 3476 2583 ejus?
3509 2515 3615 2569 Po-

2042 2605 2203 2673 pulus
2233 2605 2414 2659 autem
2447 2620 2605 2659 meus
2635 2603 2838 2658 oblitus
2885 2612 2966 2657 est
3017 2603 3119 2655 mei
3167 2603 3383 2667 diebus,
3414 2606 3615 2673 quibus

2041 2710 2149 2747 non
2205 2702 2289 2747 est
2326 2708 2609 2748 numerus.
2668 2693 2757 2748 35.
2802 2692 2878 2761 (p)
2924 2691 3078 2757 Quod
3127 2694 3363 2761 amplius
3407 2698 3610 2750 bonum

2041 2784 2227 2838 animo
2264 2784 2433 2853 ﬁnges
2463 2785 2515 2837 in
2549 2784 2653 2838 viis
2687 2784 2795 2837 tuis
2837 2783 2915 2853 (q)
2969 2784 3037 2837 ad
3081 2784 3429 2852 quarendam
3473 2785 3613 2841 dile-

2041 2876 2318 2930 ctionem?
2373 2875 2489 2930 Non
2545 2875 2750 2929 factum
2783 2883 2867 2929 est
2916 2875 3025 2939 ita;
3085 2875 3154 2944 (r)
3190 2875 3286 2929 sed
3335 2876 3499 2930 etiam
3553 2885 3614 2932 tu

2044 2967 2184 3021 male
2220 2966 2415 3030 fecisti,
2452 2975 2514 3021 ut
2544 2965 2953 3021 contaminares
2978 2966 3093 3020 vias
3125 2977 3288 3024 tuas:
3332 2968 3422 3021 51.
3461 2969 3531 3039 (ι)
3564 2979 3619 3023 et

2046 3060 2099 3112 in
2152 3060 2405 3115 manibus
2439 3061 2547 3116 tuis
2580 3061 2782 3115 inventi
2814 3070 2944 3115 sunt
2972 3063 3264 3131 sanguines
3308 3062 3615 3116 animarum

2047 3151 2113 3217 Ἀ(
2148 3166 2444 3219 pauperum
2478 3150 2501 3216 1
2528 3151 2923 3205 innocentium.
2955 3150 3073 3205 Non
3101 3152 3155 3204 in
3180 3150 3621 3221 pet-fossionibus

2049 3242 2230 3294 inverti
2268 3256 2386 3304 eos,
2414 3241 2507 3296 sed
2539 3256 2707 3309 super
2734 3242 2887 3297 omni
2917 3258 3145 3311 quercu.
3180 3242 3270 3295 35.
3308 3240 3372 3296 Et
3408 3243 3617 3306 dixisti,

2049 3334 2115 3398 χ(
2147 3330 2301 3396 Quod
2338 3333 2358 3399 1
2395 3331 2657 3386 innocens
2695 3347 2852 3399 sum;
2881 3332 2973 3386 sed
3006 3339 3309 3385 revertatur
3330 3328 3483 3384 furor
3501 3332 3620 3400 ejus

2049 3438 2076 3477 a
2105 3439 2209 3477 me.
2240 3422 2380 3477 Ecce
2408 3437 2511 3492 ego
2537 3423 2802 3490 judicium
2840 3421 3035 3476 faciam
3069 3421 3330 3475 adversus
3364 3432 3434 3487 te,
3459 3436 3622 3489 super

2049 3513 2196 3581 quod
2251 3512 2463 3574 dixisti,
2535 3513 2691 3578 Quod
2750 3528 2859 3566 non
2925 3512 3177 3581 peccavi;
3231 3511 3321 3565 56.
3357 3514 3618 3581 quoniam

2052 3604 2305 3673 sprevisti
2350 3606 2604 3670 multum,
2665 3603 2730 3657 ad
2777 3604 3081 3658 iterandum
3110 3604 3230 3657 vias
3276 3613 3415 3658 tuas.
3455 3601 3521 3656 Et
3552 3605 3622 3657 ab

2053 3692 2287 3764 IEgypto
2320 3697 2634 3759 erubesces,
2694 3704 2752 3748 ut
2797 3692 3063 3748 erubuisti
3112 3693 3180 3747 ab
3227 3694 3432 3759 Assur;
3484 3710 3625 3762 quo-

2053 3785 2197 3838 niam
2244 3795 2298 3839 et
2341 3785 2467 3840 hine
2520 3785 2720 3849 exibis,
2764 3795 2820 3839 et
2867 3799 3062 3839 manus
3109 3793 3214 3839 tua:
3261 3800 3425 3854 super
3458 3792 3624 3854 caput

2052 3887 2203 3931 tuum
2237 3895 2249 3929 :
2290 3878 2417 3946 quia
2462 3879 2662 3947 repulit
2709 3878 2974 3932 Dominus
3006 3893 3157 3947 spem
3193 3886 3364 3942 tuam,
3412 3889 3467 3933 et
3514 3895 3621 3932 non

2053 3983 2313 4036 prospere
2332 3984 2459 4038 ages
2488 3970 2539 4022 in
2564 3984 2646 4023 ea.

2123 4058 2257 4129 Cap.
2288 4058 2504 4113 ΙΙΙ.--1.
2525 4063 2591 4127 >κ
2614 4062 2849 4116 Dicendo
2882 4061 2906 4128 1
2937 4079 2950 4114 :
2990 4061 3049 4115 Si
3083 4059 3356 4115 dimiserit
3383 4060 3466 4113 vir
3488 4075 3626 4113 uxo-

2055 4165 2169 4204 rem
2195 4165 2375 4216 suam,
2408 4158 2463 4205 et
2498 4151 2903 4207 discesseritab
2934 4168 3020 4218 eo,
3044 4164 3100 4207 et
3136 4153 3276 4208 facta
3313 4153 3475 4206 fuerit
3508 4154 3629 4206 viro

2048 4240 2239 4304 alteri;
2268 4254 2397 4291 num
2428 4252 2490 4293 σε-
2524 4240 2848 4293 revertendo
2878 4240 2901 4307 1
2939 4250 3241 4296 revertetur
3264 4242 3330 4295 ad
3359 4257 3482 4295 eum
3512 4257 3632 4294 am-

2047 4330 2223 4397 plius?
2248 4328 2313 4398 (t)
2338 4326 2528 4384 Nonne
2562 4330 2754 4385 sordes
2782 4331 3159 4386 contrahendo
3188 4332 3522 4400 pollueretur
3546 4333 3628 4402 (ιι)

2050 4429 2191 4473 terra
2218 4419 2370 4473 haec?
2402 4421 2468 4473 Et
2512 4429 2567 4474 tu
2610 4429 2844 4475 scortata
2875 4437 2935 4475 es
2968 4422 3021 4475 iu
3071 4424 3385 4490 pastoribus
3417 4422 3626 4489 multis,

2049 4511 2488 4565 ctrevertebaris
2519 4512 2586 4564 ad
2618 4526 2722 4575 me,
2782 4511 2915 4565 dicit
2966 4511 3256 4567 Dominus.
3312 4512 3367 4566 2.
3424 4512 3630 4566 Attolle

696 4777 923 4857 mutavit
951 4775 1391 4857 gloriamlsuam
1438 4775 1491 4828 in
1547 4790 1651 4857 nep
1686 4775 1859 4857 “utile.
1918 4846 1927 4856 .

2041 4796 2044 4827 I
2084 4778 2174 4843 Α.,
2210 4749 2547 4857 S.,:pl'aude,
2599 4779 2821 4857 cretum,
2851 4796 3027 4857 super
3053 4781 3177 4857 hoc,
3209 4794 3265 4837 et
3293 4793 3462 4853 portae
3492 4788 3632 4857 ejus,

387 4843 708 4904 desolamini
746 4843 1113 4901 vehementer.
1194 4845 1261 4914 (c)
1305 4843 1492 4899 Terra.
1571 4845 1638 4914 (Ι)
1680 4843 1762 4909 8.,
1811 4843 2153 4901 exciderunt.

2251 4851 2328 4927 fg)
2367 4846 2556 4902 Jacob.
2631 4849 2712 4927 LII)
2757 4846 2943 4916 A.,.in
2977 4846 3361 4927 direptionem.
3400 4846 3634 4927 ι(ἱ)Ἀ.,

3261 4924 3356 4993 (m)
3400 4924 3635 4985 Rursus.

3287 4995 3368 5070 (ρ)
3406 4994 3635 5070 Reliqui,

3245 5064 3308 5135 (ι)
3337 5069 3423 5129 Α.,
3446 5078 3499 5121 et
3530 5064 3639 5123 non

2200 4990 2273 5057 (ο)
2314 4988 2406 5050 A.,
2439 4987 2521 5052 8.,
2556 4989 2821 5044 Dominus
2856 4990 2996 5045 Deus
3022 5000 3170 5048 tuus.

2114 5057 2180 5128 (ε)
2222 5058 2310 5121 Α.,
2353 5057 2433 5120 8.,
2468 5058 2757 5113 Dominum
2793 5059 2962 5114 Deum
2990 5073 3168 5116 tuum.

388 5131 553 5207 timor
578 5122 693 5207 mei;
714 5126 857 5207 apud
887 5122 969 5207 te,_
994 5126 1127 5207 dicit
1158 5124 1455 5207 Dominus,
1476 5122 1739 5207 Dominus
1770 5124 2088 5207 militiarum
2110 5122 2358 5207 (Reliqui,
2387 5129 2695 5198 virtutum).
2727 5128 2894 5207 S.,‘e_t
2923 5147 3030 5207 non
3054 5143 3136 5207 est
3160 5122 3325 5189 tim‘o'r
3359 5122 3463 5190 mei
3497 5122 3638 5207 apud

391 5209 461 5252 te.
540 5198 618 5264 (υ)
653 5196 744 5257 Α.,
770 5195 890 5259 Ί²Ιι.,
924 5196 1227 5250 abscidisti.

1304 5195 1383 5263 (az)
1422 5194 1513 5254 A.,
1550 5192 2148 5256 T11.,simu|exsistens
2172 5200 2222 5250 in
2260 5192 2439 5251 'strato
2467 5192 2745 5253 meretrix.

2832 5201 2886 5272 y)
2916 5202 3007 5262 Α..
3050 5203 3237 5270 Sorec,
3263 5216 3426 5258 totam
3453 5201 3638 5262 semen

390 5282 599 5347 verum.
680 5264 874 5351 (a)“S”
915 5265 1519 5351 pollutainiquitatibus
1754 5266 1966 5351 ((llj\A‘.,
2007 5264 2088 5351 8.,
2129 5267 2186 5351 in
2213 5268 2468 5351 vallibus.
2515 5269 2623 5351 ’μὴ
2664 5270 2756 5351 ᾼ.,
2799 5264 3141 5329 ᾶῖιοιιιεόιιιῆθ
3173 5264 3326 5339 levis,
3350 5276 3643 5351 implicaus

389 5339 506 5389 vias
539 5351 689 5391 suas.
738 5335 820 5398 8.,
855 5351 1078 5405 onager,
1127 5335 1350 5389 edoctus
1390 5338 1686 5405 desertum.

392 5407 677 5459 novilunio
721 5407 860 5475 ejus.
940 5403 1007 5473 (é)
1050 5405 1136 5475 ᾼ..
1185 5405 1400 5459 cohibe.
1510 5404 1577 5472 (Γ)
1617 5403 1683 5475 ᾼ.

390 5475 781 5544 pudefeceruut
808 5476 1033 5529 domum
1064 5474 1300 5529 lsraelis.

393 5542 524 5599 vitio
551 5546 745 5599 deesse
775 5546 1004 5615 videtur.
1109 5544 1178 5614 (It)
1219 5545 1308 5607 A.,
1341 5542 1429 5609 8.,
1450 5544 1663 5615 gladius
1690 5542 1887 5598 vester.

1785 5332 1856 5404 (c)
1896 5336 1985 5401 A.,
2032 5339 2193 5391 traxit
2222 5347 2464 5391 ventum.
2508 5332 2845 5404 SI,'odorata
2881 5352 2962 5397 est
2995 5352 3233 5397 ventum.

1744 5403 1829 5467 8.,
1876 5407 2286 5461 discalceatum.

1377 5444 1440 5559 ς’.)
1480 5444 1943 5559 acerrimae;

2041 5444 2286 5461 ibxululuo
2363 5444 2438 5478 κν]
2479 5444 2698 5464 ιιιιοιιιυι
2731 5444 2905 5480 δγῦιιιο
2954 5444 3038 5476 Ue,
3070 5444 3349 5481 αῖκιυιᾱη.
3432 5444 3506 5487 \Il’
3549 5444 3639 5479 ἐι..

2041 5477 2103 5559 ςς)
2122 5476 2236 5559 Yox
2266 5479 2900 5559 aziwma-digamma)»,
2927 5484 3014 5559 hic
3047 5485 3127 5536 vel
3157 5499 3299 5559 meo,
3325 5485 3408 5540 vel
3438 5488 3643 5543 υυιιὲρεε

2010 5547 2072 5619 (ι)
2098 5548 2481 5619 νΑ.,-εθτοιίη³
2527 5551 2579 5602 in
2608 5547 2879 5619 genitura.
2920 5549 3005 5614 8.,
3035 5547 3298 5607 serotina.

3341 5345 3419 5415 (ιι)
3459 5347 3549 5411 Α.,
3586 5349 3641 5401 iu

2363 5408 2438 5478 (g)
2479 5409 2698 5487 Abscidi
2722 5427 2905 5487 spem.
2930 5411 3038 5487 _S.,
3070 5408 3355 5487 aagrotavi.
3392 5408 3409 5487 ξ
3432 5416 3506 5487 (li)
3540 5408 3639 5479 Α..

3413 5561 3509 5623 (m)
3553 5564 3640 5621 .l.,

395 5616 751 5696 recessimus.-
775 5614 857 5678 S.,
896 5612 1266 5695 migraviuius.
1350 5612 1563 5696 (11).)!“
1594 5612 1875 5696 ‘S.,‘virgo.

2054 5612 2163 5679 Ἀ.,
2196 5616 2279 5696 8.,
2315 5627 2368 5672 et
2400 5612 2635 5696 sponsa:
2687 5620 2775 5696 χρ)
2815 5612 3034 5696 A._,_cur
3064 5623 3340 5696 benefacis
3379 5612 3641 5682 vitellum.

392 5684 467 5753 (q)
510 5684 593 5748 8.,
625 5686 692 5739 ad
721 5701 863 5747 eam,
898 5700 1004 5753 qua
1049 5686 1251 5753 qiueris
1274 5687 1465 5739 amari.

1544 5684 1615 5755 (r)
1656 5686 1746 5749 A.,
1781 5698 2000 5755 prOpter
2028 5686 2129 5741 hoc
2149 5689 2315 5743 etiam
2349 5684 2519 5746 malas
2542 5684 2795 5746 docuisti.

2874 5690 2943 5763 (ε)
2984 5698 3073 5764 Α.,
3106 5695 3190 5763 8.,
3227 5706 3280 5750 et
3303 5698 3357 5752 in
3388 5699 3488 5753 alis
3512 5700 3640 5753 tuis.

394 5757 460 5823 (ι)
502 5756 586 5817 Δ..
620 5770 801 5810 nonne
826 5755 1027 5810 factum
1052 5764 1135 5809 est
1159 5755 1436 5812 occidione
1463 5754 1839 5811 occideretur?
1912 5756 1987 5826 (ιι)
2018 5755 2227 5811 Mulier.
