2078 3730
272 158 341 185 23H

864 159 979 187 CUDEX
1000 159 1338 187 SYliO-HEXAPLARIS.

1833 162 1899 189 2742

271 217 400 244 retricnm
418 218 547 253 hospitali
568 223 650 246 sunt:
666 219 692 246 8.
708 219 772 254 equi
789 223 962 248 transeuntes
978 228 1059 255 super
1074 225 1096 251 Α
1112 228 1176 255 pore
1187 221 1217 255 (ἱ)
1236 219 1402 255 impletionis
1419 219 1545 253 prtecepti
1572 219 1689 250 messis;
1714 223 1741 246 et
1757 221 1897 247 custodivn

270 262 397 291 fmminas
409 266 442 298 Χ
461 265 539 292 tracti
558 265 569 298 ζ
590 265 653 292 facti
671 269 750 292 sunt:
769 267 959 301 unusquisque
983 275 1064 301 super

271 317 382 336 uxorem
400 311 516 344 proximi
531 312 574 338 sui
588 311 714 338 hinnivit.
727 311 753 337 9.
770 311 839 338 Num
856 319 937 346 super
953 312 996 339 his
1008 319 1063 339 non

271 355 399 385 visitabo.
422 356 489 382 dicit
515 356 666 384 Dominus?
684 361 731 383 aut
752 357 778 383 in
796 361 902 392 gentem
915 358 995 385 talem
1008 366 1062 385 non

270 399 416 426 ulciscatur
431 400 521 426 anima
535 401 612 427 mea?
624 400 667 428 10.
677 400 823 428 Ascendite
834 402 868 436 (δ)
881 400 963 436 super
974 407 1063 429 turres

269 445 339 478 o-jus,
353 449 380 471 et
393 445 562 472 demolimini
577 454 584 472 :
603 446 871 474 consummationem
890 454 954 474 vero
968 455 1003 474 ne
1026 446 1063 473 fa-

269 490 366 517 ciatis:
383 490 415 525 (t)
446 490 590 524 relinquite
617 492 804 518 sustentacula
833 492 903 526 ejus,
930 492 994 526 quia
1022 493 1062 527 (ιι)

269 533 376 561 Domini
389 540 470 567 Sunt;
490 535 530 561 ll.
546 537 676 569 quoniam
696 537 877 570 praevaricans
889 537 1062 571 prawaricata

268 584 310 606 est
324 580 351 606 in
367 587 410 606 me
426 581 524 608 domus
539 582 657 614 Israelis,
674 586 701 609 et
720 581 820 608 domus
839 581 926 613 Judaa,
941 583 974 615 >ε<
996 582 1064 609 dicit

268 624 402 652 Dominus
422 626 446 659 ζ.
468 627 511 652 l2.
527 626 576 653 Mei
589 627 630 653 liti
646 632 711 654 sunt
728 628 755 654 in
773 627 918 654 Dominum
937 635 968 655 -εν
982 636 1061 655 suum

271 671 295 703 ζ,
309 674 336 697 et
348 670 489 698 dixerunt:
503 671 543 706 (κ)
555 671 613 698 Non
630 677 694 699 sunt
707 673 774 701 haec.
791 680 844 698 non
858 673 966 698 venient
981 680 1063 706 super

267 722 320 742 nos
336 716 417 749 mala,
430 721 456 743 et
468 717 587 751 gladium
604 721 631 745 et
649 718 737 745 famen
757 725 811 744 non
827 718 981 744 videbimus
995 729 1000 744 :
1019 718 1060 744 l5.

269 760 406 794 propheta:
424 761 510 788 nostri
528 766 606 788 erant
622 762 648 788 in
675 766 798 794 ventum,
815 767 842 789 et
868 763 979 789 verbum
1009 762 1062 789 Do-

268 805 335 832 mini
351 814 404 832 non
422 812 480 833 erat
496 807 521 833 in
539 807 593 834 eis:
611 807 651 835 sic
668 808 713 834 ﬁet
733 808 783 835 eis.
800 808 843 835 M.
870 807 984 842 Propter
1012 808 1063 834 hoc

269 852 326 878 haec
341 852 408 879 dicit
430 852 560 880 Dominus
583 854 616 886 χ
634 853 705 880 Deus
721 854 732 887 ζ
753 854 945 888 omnipotens:
964 853 1018 880 Pro
1031 861 1063 880 eo

1116 267 1207 293 nobis.
1228 266 1273 293 25.
1290 265 1450 300 lniquitates
1473 269 1569 292 vestrae
1584 264 1752 292 deﬂexerunt
1776 266 1850 298 haec;
1877 272 1899 292 et

1115 315 1226 346 peccata
1252 315 1341 338 vestra
1370 310 1569 337 transtulerunt
1600 310 1671 337 bona
1699 318 1713 337 a
1740 310 1828 337 vobis.
1856 310 1897 337 26.

1115 358 1184 391 Quia
1197 359 1318 385 invenite
1341 360 1406 384 sunt
1433 357 1460 383 iu
1485 356 1585 390 populo
1602 363 1663 382 meo
1681 355 1855 389 impietates:
1876 361 1899 382 et

1115 404 1227 438 laqueos
1242 405 1275 436 )K
1298 408 1326 430 ut
1348 407 1404 429 rete
1418 402 1542 428 venantis
1567 402 1642 428 visco
1658 405 1810 428 statuerunt
1837 401 1848 435 ξ
1871 401 1898 427 ad

1114 449 1345 483 corrumpendum
1367 449 1452 477 viros.
1477 451 1503 474 et
1525 447 1729 473 conclusernnt.
1747 446 1792 473 27.
1814 445 1848 473 Ut
1865 446 1898 472 la-

1114 502 1202 529 queus
1216 500 1321 525 tensus,
1337 494 1383 529 qui
1400 494 1495 528 plenus
1513 494 1616 523 avium.
1640 493 1676 519 ita
1694 493 1792 519 domus
1809 500 1898 519 eorum

1114 541 1201 575 plena:
1215 539 1251 573 (It)
1268 539 1333 565 doli.
1350 538 1464 572 Propter
1479 538 1531 565 hoc
1543 537 1633 572 magni
1650 543 1807 568 evaserunt,
1823 543 1850 564 et
1866 538 1900 564 di-

1115 590 1156 613 tes
1184 588 1350 612 evaserunt:
1365 584 1411 611 28.
1428 586 1461 617 >ε<
1479 583 1639 618 impinguati
1667 587 1740 614 sunt,
1757 583 1900 610 insolentes

1114 631 1178 658 facti
1194 632 1227 663 Ἀ(
1242 634 1315 662 sunt,
1336 635 1363 657 et
1387 629 1552 664 transgressi
1568 633 1633 655 sunt
1650 628 1682 664 (Ι)
1701 629 1782 655 verba
1798 635 1857 655 mea
1874 628 1899 654 in

1115 676 1216 702 malum
1231 676 1254 709 ζ,
1267 675 1402 709 judicium
1414 682 1468 701 non
1483 674 1654 708 judicarunt,
1669 681 1758 708 neque
1767 673 1898 707 judicium

1115 720 1209 754 pupilli
1226 725 1300 746 recte
1320 719 1525 753 disposuerunt,
1542 722 1570 744 et
1593 717 1728 752 judicium
1753 717 1801 751 (γη)
1816 716 1900 743 vidua:

1116 772 1169 792 non
1189 764 1359 798 judicarunt.
1373 763 1419 790 29.
1436 762 1506 789 Num
1533 770 1615 797 super
1630 762 1673 788 his
1697 769 1751 788 non
1768 760 1901 788 visitabo?

1116 809 1180 837 dicit
1196 809 1343 836 Dominus:
1364 813 1410 834 aut
1425 808 1451 834 in
1467 811 1573 842 gentem
1590 807 1670 833 talem
1687 814 1741 833 non
1758 806 1901 832 ulciscatur

1116 856 1207 883 anima
1222 855 1302 882 mea?
1315 853 1358 881 50.
1375 855 1414 885 (η)
1434 853 1545 887 Stupor,
1560 857 1586 879 et
1598 852 1738 879 horribilia
1755 852 1825 878 facta
1840 856 1901 879 sunt

266 898 340 931 quod
362 899 443 925 locuti
460 899 526 925 estis
544 900 655 925 verbum
671 899 732 931 hoc,
752 907 816 926 ecce
831 907 881 934 ego
903 899 964 926 dedi
982 901 1063 926 verba
1083 907 1103 933 Β
1116 908 1198 935 super
1210 906 1291 928 terra.
1311 900 1355 926 51.
1373 899 1514 933 Propbctze
1524 898 1688 933 prophetarit
1703 897 1740 932 (ο)
1752 898 1856 932 iniqua,
1876 902 1901 923 et

268 949 326 968 mea
344 943 370 968 in
385 950 416 969 os
431 949 506 970 tuum
523 944 622 978 ignem,
635 948 662 970 et
685 944 815 978 populum
842 945 916 971 hunc
938 944 1020 979 ligna,
1036 949 1063 971 et

266 987 408 1014 devorabit
421 996 479 1015 cos.
497 988 541 1014 15.
561 989 629 1015 Ecce
646 996 696 1023 ego
710 989 816 1016 adduco
833 997 915 1023 super
926 996 974 1017 vos
997 997 1063 1023 gen-

267 1037 322 1059 tem
339 1040 372 1059 es
398 1033 557 1068 longinquo,
576 1034 674 1061 domus
696 1034 814 1066 lsraelis,
830 1034 896 1061 dicit
919 1034 1061 1065 Dominus,

267 1080 301 1112 χ
316 1087 382 1114 gens
406 1079 444 1114 (y)
473 1084 550 1107 vetus
573 1085 624 1113 est,
651 1087 728 1114 gens,
746 1087 808 1114 quae
823 1088 837 1106 a
856 1080 957 1107 saeculo
978 1085 1019 1107 est
1036 1080 1059 1114 ζ,

267 1133 343 1158 gt-ns,
356 1125 392 1160 (π.)
410 1126 488 1158 cujus
504 1133 557 1152 non
571 1126 666 1153 audies
682 1126 803 1160 linguam
818 1125 889 1160 ejus,
902 1126 935 1158 Ἀ(
951 1133 999 1152 nec
1012 1133 1061 1152 au-

266 1171 336 1204 dies,
354 1179 415 1206 qua:
438 1172 583 1206 loquatur:
610 1172 652 1198 l6.
675 1172 801 1205 pharetra
815 1171 886 1206 ejus,
914 1176 943 1198 ut
967 1172 1057 1206 sepul-

266 1225 343 1243 crum
361 1222 484 1252 apertum
505 1217 535 1250 ξε
558 1225 653 1245 omnes
665 1217 761 1250 fortes,
778 1222 804 1244 et
828 1217 972 1244 comedent
986 1225 1059 1244 mes-

267 1270 323 1289 sem
341 1268 471 1296 vestram,
492 1263 534 1289 Π.
554 1267 581 1289 et
594 1271 678 1298 panes
696 1268 813 1296 vestros,
831 1268 858 1290 et
870 1263 1013 1290 comedent
1030 1263 1061 1289 ti-

266 1308 318 1335 lios
334 1313 451 1340 vestros.
469 1312 496 1335 et
512 1308 581 1335 ﬁlias
595 1313 708 1339 vestras.
729 1312 756 1335 et
778 1308 922 1335 comedent
940 1308 978 1343 (ιι)
995 1314 1060 1335 oves

266 1357 380 1384 vestras,
405 1360 431 1380 et
454 1353 537 1381 boves
551 1358 666 1385 vestros,
682 1358 709 1380 et
732 1354 876 1381 comedent
899 1354 992 1381 vincas
1017 1362 1060 1381 ve-

266 1403 350 1428 stras.
366 1404 392 1425 ct
408 1399 485 1426 liceta
511 1404 614 1432 vestra,
629 1406 656 1426 et
669 1399 768 1426 oliveta
795 1406 825 1427 -t—
852 1399 964 1434 vestra:
980 1399 1017 1435 (ὁ)
1032 1404 1060 1427 et

267 1444 435 1471 triturabunt
449 1445 533 1472 urbes
550 1446 671 1472 munitas
683 1449 798 1476 vestras.
813 1453 896 1480 super
908 1446 1008 1480 quibus
1023 1446 1058 1479 (ι’)

267 1494 295 1517 ιιι
308 1490 422 1517 conﬁdis
439 1498 522 1525 super
538 1491 587 1519 eis.
605 1491 631 1518 in
648 1488 748 1526 gladio.
765 1491 808 1518 18.
831 1491 864 1519 Et
884 1492 936 1519 erit
962 1493 987 1519 in
1001 1493 1059 1520 die-

267 1537 318 1563 bus
330 1536 394 1568 illis,
412 1536 479 1563 dicit
495 1536 625 1564 Dominus
641 1544 672 1564 νι-
686 1537 757 1565 Deus
775 1542 838 1564 tuus
854 1537 879 1571 ζ,
891 1546 945 1565 non
960 1538 1057 1565 faciam

1115 947 1271 974 sacerdotes
1290 946 1481 980 applauserunl
1500 944 1628 970 manibus
1649 943 1724 970 suis:
1741 947 1769 969 et
1786 942 1901 977 populus

1113 999 1191 1018 meus
1201 991 1301 1018 amavit
1315 990 1404 1017 sic.Et
1412 989 1476 1024 quid
1490 988 1681 1019 facietisiniis,
1692 994 1751 1021 que
1764 993 1824 1022 post
1833 987 1902 1014 haec?

1147 1036 1214 1072 Cap.
1231 1036 1275 1064 Vl.
1292 1051 1327 1056 ——
1340 1036 1365 1063 L
1380 1034 1614 1066 Corroboramini,
1630 1033 1675 1060 ﬁlii
1690 1032 1842 1067 Benjarnin.
1864 1033 1902 1067 (p)

1112 1081 1146 1108 de
1161 1081 1250 1109 medio
1264 1080 1415 1108 Jerusalem
1427 1089 1434 1107 :
1447 1079 1511 1107 etin
1527 1079 1638 1106 Tbecua
1653 1077 1804 1112 signiﬁcate
1816 1078 1880 1104 tuba
1900 1100 1902 1102 .

1113 1127 1149 1162 (ιι)
1160 1131 1188 1154 et
1208 1134 1289 1162 super
1304 1125 1481 1153 Betheheretn
1494 1124 1582 1152 tollite
1596 1124 1721 1159 signum:
1746 1122 1810 1158 quia
1833 1123 1901 1149 mala

1112 1176 1311 1206 prospexerunt
1333 1171 1367 1198 ab
1381 1170 1518 1204 aquilone,
1533 1174 1560 1197 et
1573 1169 1703 1197 contritio
1724 1176 1823 1203 magna
1848 1169 1901 1195 ﬁet.

1111 1218 1137 1243 2.
1152 1219 1185 1250 Χ
1203 1221 1238 1250 (rt
1257 1216 1404 1243 Venustam
1417 1220 1444 1242 et.
1455 1215 1599 1242 delicatam
1619 1215 1643 1248 ζ.
1659 1214 1692 1241 Et
1705 1215 1832 1241 transibit
1847 1214 1899 1241 eel-

1111 1262 1203 1290 situdo
1219 1269 1246 1289 -t—
1266 1266 1311 1288 tua
1329 1261 1353 1294 ζ,
1372 1260 1426 1287 ﬁlia
1443 1259 1546 1288 Sionis.
1559 1261 1585 1287 5.
1602 1260 1631 1286 ln
1650 1267 1708 1286 eam
1733 1260 1842 1287 venient
1859 1267 1902 1294 pa~

1111 1314 1200 1336 stores
1213 1307 1245 1343 (ε)
1263 1312 1290 1334 et
1305 1314 1399 1342 greges
1412 1315 1507 1334 eorum
1521 1315 1526 1332 :
1552 1311 1579 1333 et
1595 1307 1676 1341 ﬁgent
1691 1313 1773 1340 super
1789 1313 1848 1332 eam
1863 1310 1902 1332 ta-

1111 1354 1257 1382 bernacula
1271 1354 1296 1380 in
1307 1353 1442 1380 circuitu:
1456 1358 1482 1380 et
1491 1358 1602 1388 paseent
1622 1353 1812 1387 unusquisque
1822 1360 1902 1379 manu

1111 1409 1171 1428 sua.
1196 1400 1224 1427 4.
1240 1399 1336 1427 Parate
1352 1407 1400 1426 vos
1420 1407 1503 1434 super
1524 1407 1583 1426 eam
1602 1399 1635 1426 ad
1651 1399 1768 1426 bellum:
1788 1399 1901 1433 surgite,

1110 1451 1137 1474 et
1151 1446 1330 1474 ascendamus
1350 1452 1431 1479 super
1443 1453 1502 1472 eam
1522 1445 1650 1472 meridie:
1673 1452 1712 1471 vae
1729 1444 1817 1476 nobis,
1837 1445 1901 1479 quia

1110 1491 1256 1519 declinavit
1273 1491 1331 1519 dies
1347 1511 1354 1523 ,
1371 1491 1435 1525 quia
1450 1490 1581 1517 deﬁciunt
1596 1490 1698 1517 umbrae
1715 1489 1747 1524 (ι)
1764 1497 1896 1523 vespere.

1110 1538 1136 1566 5.
1160 1537 1280 1572 Surgite,
1294 1541 1322 1564 et
1346 1537 1527 1564 ascendamus
1545 1538 1571 1564 in
1589 1542 1678 1568 nocte.
1696 1541 1722 1563 et
1747 1544 1904 1571 corrumpa-

267 1590 316 1610 vos
330 1582 357 1609 iu
373 1583 650 1610 consummationem.
668 1583 711 1610 l9.
733 1582 764 1610 Et
782 1583 845 1615 erit.
857 1584 967 1617 quando
982 1584 1058 1611 dixc-
1071 1588 1092 1615 (ς
1111 1592 1173 1611 mus
1190 1584 1228 1618 (ιι)
1244 1583 1420 1610 fundamenta
1436 1583 1508 1617 ejus.
1524 1584 1549 1610 6.
1564 1582 1633 1616 Quia
1651 1583 1707 1609 haec
1722 1583 1789 1610 dicit
1811 1582 1903 1610 Domi-

265 1627 336 1659 rilis,
355 1627 525 1662 Quapropter
542 1627 604 1655 fecit
622 1628 703 1655 nobis
724 1627 856 1655 Dominus
876 1628 947 1656 Deus
967 1632 1060 1655 noster

265 1673 323 1700 haec
340 1674 455 1700 omnia?
468 1680 495 1701 et
509 1675 582 1701 dices
599 1674 655 1701 cis:
684 1673 723 1708 (d)
748 1673 799 1701 Pro
820 1682 854 1700 co
868 1674 940 1709 quod
964 1674 1060 1701 dereli-

268 1719 368 1753 quistis
384 1726 436 1749 tne.
456 1724 483 1746 et
495 1719 618 1746 coluistis
638 1719 781 1746 servitium
796 1719 850 1747 diis
867 1720 902 1754 (e)
918 1720 1015 1748 alienis
1033 1721 1058 1747 iu

265 1768 338 1791 terra
358 1769 466 1797 vestra;
494 1765 531 1791 ita
549 1764 645 1791 celetis
662 1765 804 1791 servitium
831 1766 928 1792 alienis
942 1766 968 1792 in
988 1771 1059 1792 terra

266 1817 320 1836 non
338 1815 438 1836 vestra.
455 1810 500 1836 20.
518 1809 685 1837 Annunliate
701 1810 758 1837 ha-c
775 1811 801 1837 in
820 1810 934 1837 Domum
953 1811 1057 1843 Jacobi,

264 1859 292 1881 et
306 1855 434 1882 audiatur
447 1856 474 1882 in
491 1855 574 1882 domo
585 1854 672 1887 Judte,
690 1857 724 1889 )t(
744 1855 838 1882 dicens
856 1858 887 1890 ξι
902 1856 945 1882 2i.
961 1857 1059 1884 Audite

265 1900 349 1934 igitur
367 1901 434 1932 haec,
449 1901 547 1935 popule
565 1901 600 1936 (r)
612 1901 697 1932 fatue,
719 1905 746 1929 et
766 1902 826 1929 sine
840 1902 941 1929 corde:
957 1904 990 1937 >ς<
1007 1903 1057 1938 ipsi

268 1946 279 1978 ζ
297 1947 344 1980 qui
359 1947 431 1973 oculi
449 1947 501 1978 eis,
515 1952 542 1974 et
556 1955 609 1974 non
628 1948 729 1979 vident,
749 1956 829 1975 aures
843 1949 893 1981 eis,
909 1954 936 1976 et
949 1958 1002 1976 non
1015 1958 1058 1976 au-

265 1994 352 2020 diunt.
369 1993 414 2019 22.
432 1994 471 2019 An
489 2001 532 2020 me
542 2001 594 2020 non
611 1994 752 2025 tintebitis,
765 1994 832 2021 dicit
844 1994 996 2022 Dominus?
1010 2000 1059 2022 aut

265 2046 280 2065 a
298 2038 367 2066 facie
382 2047 440 2066 mea
458 2039 644 2067 ernbescetis?
660 2039 706 2073 qui
722 2040 814 2073 posuit
833 2048 943 2067 arenam
961 2042 1053 2068 termi-

264 2092 330 2112 num
347 2085 426 2116 mari,
444 2085 482 2120 (g)
501 2090 664 2119 praceptum
678 2090 821 2117 wternnm,
845 2091 872 2112 et
893 2095 946 2113 non
966 2092 1057 2113 trans-

265 2130 402 2165 gredietur
416 2130 499 2156 illud:
515 2134 543 2156 et
559 2129 712 2156 turbabitur
727 2133 754 2156 et
772 2138 824 2157 non
839 2131 954 2165 poterit:
969 2137 995 2158 et
1007 2132 1056 2158 da~

265 2175 332 2202 bunt
349 2183 446 2202 sonum
476 2175 575 2202 ﬁnctus
594 2175 664 2208 ejus.
687 2179 715 2201 et
739 2182 792 2202 non
822 2176 1056 2210 transgredientur

264 2222 341 2248 illud.
359 2222 405 2248 23.
425 2221 529 2256 Populo
549 2228 640 2248 autem
664 2221 728 2248 huic
748 2220 849 2248 factum
872 2227 915 2248 est
931 2230 979 2249 cor
995 2230 1056 2256 per-

264 2269 374 2295 suaderi
389 2269 522 2300 nescium,
539 2268 577 2302 (Ιι)
593 2272 620 2294 et
641 2275 694 2294 non
712 2268 857 2294 obcdiens:
875 2268 1051 2299 deﬁexerunt.
1072 2257 1093 2284 θ

264 2320 291 2341 et
304 2315 449 2347 abierunt;
463 2314 507 2341 2A.
525 2322 574 2341 nec
586 2314 713 2340 dixerunt
727 2314 753 2340 in
768 2314 850 2341 corde
867 2323 933 2341 suo:
951 2314 1054 2341 Timca-

263 2366 327 2386 mus
351 2367 423 2386 nunc
445 2358 589 2386 Dominum
617 2358 701 2386 Deum
731 2364 865 2391 nostrum,
887 2361 932 2395 qui
954 2360 1001 2387 dat
1020 2368 1051 2387 -κ-

265 2405 345 2433 nobis
362 2405 503 2439 :pluviam
525 2405 713 2439 tempestivam
726 2409 753 2431 et
769 2406 929 2439 scrotinam,
949 2407 974 2433 in
988 2412 1052 2434 tem-

301 2508 336 2544 (s)
362 2509 408 2539 Α..
426 2515 508 2542 super
525 2517 629 2537 muros.

265 2543 325 2578 ipse
352 2544 414 2571 est?
440 2545 477 2578 (υ)
504 2543 549 2575 Α.,
579 2544 701 2571 robusta.
720 2544 761 2576 S.,
790 2544 879 2571 fortis.
905 2545 941 2578 (ι)

667 2508 699 2543 (ι)
719 2508 829 2536 Portate
846 2514 1027 2537 commeatus.
1062 2509 1102 2544 (α)
1121 2511 1166 2541 Λ.,

973 2544 1092 2579 Reliqui,
1120 2546 1199 2579 cujus
1223 2553 1276 2572 nou
1307 2552 1467 2579 cognosces.
1489 2545 1533 2578 (α).
1552 2545 1611 2579 .4.L
1622 2543 1663 2575 8.,
1682 2551 1789 2578 gregem
1811 2548 1905 2570 tuum.

1112 1638 1164 1657 nus
1179 1630 1309 1656 virtutum
1323 1639 1330 1655 :
1346 1629 1447 1656 Caedite
1461 1629 1532 1663 ligna
1551 1630 1621 1664 ejus.
1637 1629 1745 1655 eﬂ'unde
1763 1636 1845 1663 super
1855 1627 1901 1655 Je-

1112 1675 1229 1702 rusalem
1243 1675 1282 1708 (π)
1300 1675 1391 1701 robur.
1413 1676 1445 1708 3K
1463 1674 1524 1701 Haec
1543 1674 1554 1707 ζ
1572 1674 1628 1708 ipsa
1642 1674 1740 1700 civitas
1761 1673 1876 1700 mendax
1894 1681 1900 1697 :

1111 1721 1149 1756 (ν)
1165 1721 1255 1748 otnnis
1278 1720 1470 1755 (1)0ppressio
1486 1720 1513 1746 in
1528 1727 1568 1747 ea.
1595 1720 1620 1746 7.
1639 1719 1672 1746 Ut
1692 1719 1819 1754 frigidam
1838 1718 1903 1744 facit

1110 1767 1228 1794 cisterna
1256 1773 1356 1800 aquam
1373 1773 1462 1797 suam,
1477 1765 1512 1792 ita
1531 1764 1656 1800 frigidam
1676 1765 1739 1791 facit
1769 1764 1900 1791 malitiam

1110 1819 1198 1840 suam.
1239 1812 1389 1847 Impietas,
1431 1816 1459 1838 et
1500 1811 1610 1838 miseria
1651 1810 1778 1837 audietur
1808 1810 1836 1836 in
1869 1817 1901 1835 ea

1109 1866 1191 1892 super
1224 1857 1320 1884 faciem
1352 1856 1390 1891 (η)
1419 1856 1479 1891 ejus
1516 1864 1633 1891 semper.
1667 1855 1765 1883 Dolore
1797 1860 1826 1882 et
1853 1854 1902 1881 ﬁa-

1110 1905 1180 1940 gcllo
1191 1903 1216 1930 8.
1232 1902 1376 1936 erudieris,
1390 1902 1552 1935 Jerusalem,
1565 1910 1599 1929 ne
1615 1901 1722 1928 recedat
1738 1901 1830 1927 anima
1841 1908 1899 1927 mea

1110 1958 1124 1976 a
1144 1954 1178 1980 te,
1195 1956 1249 1976 non
1266 1948 1363 1976 faciam
1376 1955 1402 1975 te
1416 1953 1515 1975 terram
1527 1956 1579 1974 non
1595 1947 1729 1982 perviam,
1741 1946 1833 1981 qualis
1843 1953 1898 1972 non

1111 1996 1286 2022 habitabitur.
1303 1995 1330 2022 9.
1345 1994 1414 2027 Quia
1430 1993 1486 2021 haec
1500 1994 1566 2021 dicit
1589 1992 1721 2020 Dominus
1751 1992 1901 2018 virtutum:

1110 2040 1265 2071 liacemate,
1284 2044 1432 2070 racemate,
1444 2043 1474 2065 ut
1485 2038 1602 2069 vineam,
1623 2038 1754 2072 reliquias
1771 2037 1901 2063 lsraelis:

1108 2087 1258 2113 convertite
1273 2094 1333 2118 vos,
1358 2090 1386 2113 ut
1403 2085 1585 2112 vindemiator
1599 2091 1681 2118 super
1696 2085 1792 2111 cistam
1810 2090 1900 2109 suam.

1110 2131 1152 2158 10.
1178 2132 1217 2158 Ad
1246 2139 1326 2166 quem
1355 2131 1463 2166 loquar,
1482 2135 1509 2157 ct
1529 2130 1714 2160 contestabor,
1736 2133 1764 2155 et
1787 2127 1905 2155 audiet?

1108 2177 1177 2204 Ecce
1201 2177 1399 2204 iucircumcisaa
1421 2184 1502 2203 aures
1526 2184 1634 2207 eorum,
1658 2181 1684 2201 et
1709 2181 1763 2201 non
1786 2177 1904 2208 possunt

1108 2222 1212 2249 audire.
1232 2222 1300 2249 Ecce
1313 2222 1425 2249 verbum
1453 2221 1560 2248 Domini
1576 2220 1676 2247 factum
1694 2223 1737 2246 est
1749 2219 1789 2246 eis
1805 2219 1831 2244 in
1850 2225 1903 2251 op-

1109 2268 1247 2303 probrium
1259 2277 1265 2294 :
1279 2268 1339 2295 Nan
1354 2269 1445 2295 volent
1463 2267 1556 2295 audire
1571 2267 1648 2293 illud.
1666 2267 1709 2293 ll.
1727 2265 1764 2300 (ὁ)
1780 2266 1812 2292 Ει
1824 2265 1902 2292 furo-

1109 2322 1165 2340 rem
1177 2321 1265 2341 meum
1280 2313 1399 2348 implevi,
1418 2314 1454 2348 (ε)
1466 2318 1492 2340 et
1505 2312 1627 2344 cohibui,
1641 2317 1668 2339 et
1684 2312 1825 2338 cousumsi
1840 2319 1903 2338 eos.

1107 2359 1250 2387 Eﬁundam
1264 2368 1345 2394 super
1362 2367 1462 2394 pueros
1478 2367 1492 2386 a
1510 2358 1589 2390 foris,
1610 2363 1637 2385 et
1651 2365 1733 2392 super
1746 2364 1902 2390 congrega-

1107 2406 1207 2433 tionem
1224 2406 1262 2440 (d)
1273 2406 1404 2440 juvenum
1417 2406 1516 2438 simul;
1531 2405 1595 2439 quia
1608 2404 1647 2431 vir
1664 2408 1690 2431 et
1702 2411 1772 2430 uxor
1790 2403 1905 2437 capien~

1196 2518 1248 2537 non
1267 2509 1384 2542 Domini,
1418 2509 1457 2543 (ιτ)
1479 2509 1523 2540 Α..
1551 2516 1606 2535 non
1638 2508 1705 2543 ipse.
1733 2508 1779 2539 8.,
1805 2515 1903 2535 annon

263 2577 292 2606 et
308 2580 389 2618 boves
402 2577 472 2605 tuos.
501 2579 538 2614 (ὸ)
556 2578 588 2605 Ει
602 2578 725 2606 ftedabit.
748 2579 783 2640 («1:2
801 2578 865 2606 Vos.
898 2577 997 2620 (d)_A._,
1018 2577 1055 2606 Tit

265 2619 375 2640 mentis.
413 2614 450 2640 (ai
466 2613 513 2640 Α..
532 2619 674 2640 statutum.
708 2615 746 2640 (It)
789 2634 808 2640 ..
837 2613 879 2640 S..
894 2619 922 2640 et
943 2620 1060 2640 ll’l‘llalIS.

1111 2577 1355 2613 luemadmodutn.‘
1372 2580 1406 2613 (e)
1419 2578 1517 2606 Falsis.
1538 2579 1571 2613 if)
1593 2577 1634 2610 S.,
1651 2577 1743 2611 stulte.
1759 2583 1786 2605 et
1802 2585 1906 2612 expers

1116 2616 1122 2640 i
1141 2617 1187 2640 Α..
1209 2614 1250 2640 8..
1267 2615 1426 2640 sentitnana:
1453 2614 1547 2640 statuti
1570 2615 1678 2640 messis.
1706 2614 1754 2640 uni
1781 2613 1904 2640 custodit

265 2614 375 2640 mentis.
413 2614 450 2648 (g)
466 2613 513 2646 Α.,
532 2619 674 2642 statutum.
708 2615 746 2648 (Ιι)

801 2634 808 2646 ,
837 2613 879 2644 8.,
894 2613 1065 2641 έῐίῐνίιειιιε.
1091 2615 1122 2648 (i)
1141 2617 1187 2645 Α..
1209 2614 1250 2646 8.,
1267 2615 1426 2648 septimana:
1453 2614 1547 2640 statuti
1570 2615 1678 2645 messis,
1706 2614 1754 2646 qui
1781 2613 1904 2640 custodit

264 2648 404 2692 nobis.\(ltz
476 2649 621 2692 illqsionis.
635 2649 677 2692 8‘...
690 2649 860 2692 insidiarum.
877 2649 908 2684 (ι)
921 2648 1068 2692 Iudicium.
1086 2650 1132 2692 (ut)
1149 2649 1474 2692 A..I§.,Ipattperum.r(n)l
1490 2650 1534 2692 {LA
1550 2650 1699 2692 corruptio.
1715 2648 1757 2692 Si,
1769 2649 1905 2692 qorlnmis:

265 2684 314 2710 tio.
331 2683 369 2718 (ο)
385 2683 474 2711 Falsa.
488 2685 525 2718 (ρ)
539 2684 572 2719 in
596 2684 695 2711 medio.
712 2685 750 2719 (ᾳ)
766 2685 812 2719 Ατ,
834 2689 861 2711 et
877 2692 959 2718 super
974 2685 1086 2711 domum
1101 2683 1218 2711 (lat'meli
1232 2683 1336 2712 elevate
1352 2684 1449 2719 facem.
1467 2684 1500 2718 (r)
1516 2683 1556 2715 8.,
1579 2689 1701 2710 venusta:
1725 2688 1753 2710 et
1774 2683 1904 2719 delicatae

266 2716 418 2754 assimilavi
436 2716 520 2746 ﬁliam
534 2718 637 2746 Sionis.
657 2719 692 2754 (δ)
709 2716 755 2750 AI",
781 2718 823 2750 S.,
840 2724 867 2745 ct
884 2716 990 2754 stabula
1012 2726 1058 2745 cor

1111 2739 1117 2746 .
1141 2720 1172 2754 (ι)
1191 2719 1258 2746 Diei.
1274 2719 1314 2752 (υ)
1330 2718 1376 2750 Α..
1392 2718 1432 2750 S.,
1450 2716 1558 2752 palatia.
1576 2719 1615 2752 ix)
1638 2720 1781 2753 Aggerem.
1801 2716 1904 2754 (308..

267 2752 336 2788 ipsa,
349 2761 411 2788 quae
427 2758 481 2781 tota
494 2754 572 2788 plena
586 2759 627 2781 est
646 2752 775 2781 in'medio
786 2761 847 2781 suo.
864 2753 902 2788 (ε)
922 2753 964 2786 S.,
981 2752 1174 2788 oppressioues
1191 2755 1217 2781 in
1236 2755 1325 2781 medio
1342 2754 1418 2787 ejus:
1435 2759 1465 2781 ut
1482 2759 1571 2780 servat
1587 2752 1689 2788 puteus
1697 2761 1796 2787 aquam
1820 2752 1900 2788 frigi-

266 2787 332 2824 dam
346 2789 382 2824 in_
394 2796 434 2820 se,
449 2789 484 2814 ita
498 2787 620 2824 servavit
636 2788 734 2824 frigus,
761 2787 900 2824 malitiam;
914 2789 974 2822 ejus
989 2787 1160 2824 audiverunt.
1189 2790 1227 2823 (η)
1241 2793 1285 2821 Α..
1303 2797 1401 2816 meam.

1428 2789 1465 2823 (ὁ)
1486 2790 1530 2819 Α..
1544 2786 1605 2821 ΤΙιξ,
1624 2786 1729 2823 furoris
1741 2794 1832 2814 autem
1845 2786 1907 2814 Do-

268 2822 345 2859 mini.
363 2822 405 2854 S.,
422 2828 449 2850 et
464 2829 496 2850 ex
509 2823 548 2859 ira
562 2822 787 2859 Dourini‘repleta
804 2827 855 2859 est,
866 2823 999 2859 laboravit
1016 2823 1141 2852 tolerare.
1156 2824 1191 2859 (c)
1205 2825 1252 2857 Α.,
1268 2824 1397 2859 fatigatus
1416 2822 1476 2851 sum
1492 2824 1618 2852 tolerare.
1635 2823 1676 2855 8.,
1694 2822 1825 2858 fatigatus
1836 2828 1907 2849 sum

270 2856 389 2884 tolerans
404 2865 464 2891 ego.
494 2857 532 2892 (ἀ)
550 2858 595 2890 Α.,
616 2857 677 2891 ΤΙι.,
693 2856 932 2898 cencordantium.

144 3204 183 3268 τί]

128 3268 143 3288 ,κέ

88 3304 113 3332 Hr‘
116 3288 127 3304 ί,

76 3332 87 3344 ,.
