  <div class='ocr_page' id='page_1' title='image "/cluster/home/n/w/nwhite01/storage/ocr_20150623/16 pt.2/mdp.39015078384370/531.png"; bbox 0 0 2078 3730; ppageno 0'>
   <div class='ocr_carea' id='block_1_1' title="bbox 253 117 324 146">
    <p class='ocr_par' dir='ltr' id='par_1_1' title="bbox 253 117 324 146">
     <span class='ocr_line' id='line_1_1' title="bbox 253 117 324 146; baseline -0.028 0"><span class='ocrx_word' id='word_1_1' title='bbox 253 117 324 146; x_wconf 53' lang='grc' dir='ltr'><strong>επις</strong></span> 
     </span>
    </p>
   </div>
   <div class='ocr_carea' id='block_1_2' title="bbox 844 121 1317 150">
    <p class='ocr_par' dir='ltr' id='par_1_2' title="bbox 844 121 1317 150">
     <span class='ocr_line' id='line_1_2' title="bbox 844 121 1317 150; baseline 0.002 -1"><span class='ocrx_word' id='word_1_2' title='bbox 844 121 957 149; x_wconf 75' lang='lat' dir='ltr'><strong>CODEX</strong></span> <span class='ocrx_word' id='word_1_3' title='bbox 980 121 1224 150; x_wconf 71' lang='lat' dir='ltr'><strong>SYRO-HEXAPL</strong></span> <span class='ocrx_word' id='word_1_4' title='bbox 1233 123 1317 150; x_wconf 58' lang='grc' dir='ltr'><strong>λαις.</strong></span> 
     </span>
    </p>
   </div>
   <div class='ocr_carea' id='block_1_3' title="bbox 1815 126 1889 152">
    <p class='ocr_par' dir='ltr' id='par_1_3' title="bbox 1815 126 1889 152">
     <span class='ocr_line' id='line_1_3' title="bbox 1815 126 1889 152; baseline 0 0"><span class='ocrx_word' id='word_1_5' title='bbox 1815 126 1889 152; x_wconf 71' lang='grc'><strong>2516</strong></span> 
     </span>
    </p>
   </div>
   <div class='ocr_carea' id='block_1_4' title="bbox 256 177 1888 217">
    <p class='ocr_par' dir='ltr' id='par_1_4' title="bbox 256 177 1888 217">
     <span class='ocr_line' id='line_1_4' title="bbox 256 177 1888 217; baseline 0.004 -14"><span class='ocrx_word' id='word_1_6' title='bbox 256 178 360 204; x_wconf 69' lang='lat' dir='ltr'><strong>faciunt</strong></span> <span class='ocrx_word' id='word_1_7' title='bbox 383 177 408 204; x_wconf 91' lang='lat' dir='ltr'><strong>in</strong></span> <span class='ocrx_word' id='word_1_8' title='bbox 432 178 546 205; x_wconf 88' lang='lat' dir='ltr'><strong>urbibus</strong></span> <span class='ocrx_word' id='word_1_9' title='bbox 570 177 648 206; x_wconf 67' lang='lat' dir='ltr'><strong>Judaa</strong></span> <span class='ocrx_word' id='word_1_10' title='bbox 661 198 667 209; x_wconf 85' lang='grc'><em>,</em></span> <span class='ocrx_word' id='word_1_11' title='bbox 691 182 718 205; x_wconf 84' lang='lat' dir='ltr'><strong>et</strong></span> <span class='ocrx_word' id='word_1_12' title='bbox 743 179 768 206; x_wconf 89' lang='lat' dir='ltr'><strong>in</strong></span> <span class='ocrx_word' id='word_1_13' title='bbox 794 180 845 207; x_wconf 79' lang='lat' dir='ltr'><strong>viis</strong></span> <span class='ocrx_word' id='word_1_14' title='bbox 872 180 1044 207; x_wconf 82' lang='lat' dir='ltr'><strong>Jerusalem?</strong></span> <span class='ocrx_word' id='word_1_15' title='bbox 1059 184 1078 211; x_wconf 72' lang='grc' dir='ltr'>Α</span> <span class='ocrx_word' id='word_1_16' title='bbox 1096 180 1154 207; x_wconf 84' lang='lat' dir='ltr'><strong>Filii</strong></span> <span class='ocrx_word' id='word_1_17' title='bbox 1171 180 1251 213; x_wconf 82' lang='lat' dir='ltr'><strong>Num,</strong></span> <span class='ocrx_word' id='word_1_18' title='bbox 1266 181 1312 207; x_wconf 89' lang='lat' dir='ltr'><strong>sed</strong></span> <span class='ocrx_word' id='word_1_19' title='bbox 1329 181 1375 208; x_wconf 87' lang='lat' dir='ltr'><strong>sed</strong></span> <span class='ocrx_word' id='word_1_20' title='bbox 1393 181 1424 215; x_wconf 86' lang='lat'><strong>(‘)</strong></span> <span class='ocrx_word' id='word_1_21' title='bbox 1443 181 1521 208; x_wconf 84' lang='lat' dir='ltr'><strong>vallis</strong></span> <span class='ocrx_word' id='word_1_22' title='bbox 1536 181 1575 217; x_wconf 83' lang='lat' dir='ltr'><strong>(a)</strong></span> <span class='ocrx_word' id='word_1_23' title='bbox 1599 182 1774 209; x_wconf 85' lang='lat' dir='ltr'><strong>occisorum:</strong></span> <span class='ocrx_word' id='word_1_24' title='bbox 1795 189 1821 211; x_wconf 86' lang='lat' dir='ltr'><strong>ct</strong></span> <span class='ocrx_word' id='word_1_25' title='bbox 1843 192 1888 212; x_wconf 80' lang='lat' dir='ltr'><strong>se-</strong></span> 
     </span>
    </p>
   </div>
   <div class='ocr_carea' id='block_1_5' title="bbox 256 224 1042 260">
    <p class='ocr_par' dir='ltr' id='par_1_5' title="bbox 256 224 1042 260">
     <span class='ocr_line' id='line_1_5' title="bbox 256 224 1042 260; baseline 0.004 -10"><span class='ocrx_word' id='word_1_26' title='bbox 256 224 299 250; x_wconf 81' lang='grc'><strong>18.</strong></span> <span class='ocrx_word' id='word_1_27' title='bbox 325 224 384 250; x_wconf 79' lang='lat' dir='ltr'><strong>Filii</strong></span> <span class='ocrx_word' id='word_1_28' title='bbox 410 231 504 251; x_wconf 78' lang='lat' dir='ltr'><strong>eorum</strong></span> <span class='ocrx_word' id='word_1_29' title='bbox 525 225 658 258; x_wconf 84' lang='lat' dir='ltr'><strong>colligunt</strong></span> <span class='ocrx_word' id='word_1_30' title='bbox 679 225 763 259; x_wconf 72' lang='lat' dir='ltr'><strong>ligna,</strong></span> <span class='ocrx_word' id='word_1_31' title='bbox 789 230 815 252; x_wconf 90' lang='lat' dir='ltr'><strong>ct</strong></span> <span class='ocrx_word' id='word_1_32' title='bbox 839 231 929 260; x_wconf 88' lang='lat' dir='ltr'><strong>patres</strong></span> <span class='ocrx_word' id='word_1_33' title='bbox 948 234 1042 253; x_wconf 86' lang='lat' dir='ltr'><strong>eorum</strong></span> 
     </span>
    </p>
   </div>
   <div class='ocr_carea' id='block_1_6' title="bbox 256 269 1045 305">
    <p class='ocr_par' dir='ltr' id='par_1_6' title="bbox 256 269 1045 305">
     <span class='ocr_line' id='line_1_6' title="bbox 256 269 1045 305; baseline 0.005 -10"><span class='ocrx_word' id='word_1_34' title='bbox 256 269 426 296; x_wconf 75' lang='lat' dir='ltr'><strong>succendunt</strong></span> <span class='ocrx_word' id='word_1_35' title='bbox 441 270 474 303; x_wconf 53' lang='grc' dir='ltr'><em>Χ</em></span> <span class='ocrx_word' id='word_1_36' title='bbox 492 270 579 305; x_wconf 74' lang='lat' dir='ltr'><strong>ignem</strong></span> <span class='ocrx_word' id='word_1_37' title='bbox 593 270 616 303; x_wconf 83' lang='lat'><strong>1,</strong></span> <span class='ocrx_word' id='word_1_38' title='bbox 630 275 657 297; x_wconf 92' lang='lat' dir='ltr'><strong>et</strong></span> <span class='ocrx_word' id='word_1_39' title='bbox 673 271 799 298; x_wconf 87' lang='lat' dir='ltr'><strong>mulieres</strong></span> <span class='ocrx_word' id='word_1_40' title='bbox 814 279 909 299; x_wconf 89' lang='lat' dir='ltr'><strong>eorum</strong></span> <span class='ocrx_word' id='word_1_41' title='bbox 926 273 963 305; x_wconf 86' lang='grc' dir='ltr'><strong>(η)</strong></span> <span class='ocrx_word' id='word_1_42' title='bbox 980 273 1045 299; x_wconf 82' lang='lat' dir='ltr'><strong>stib—</strong></span> 
     </span>
    </p>
   </div>
   <div class='ocr_carea' id='block_1_7' title="bbox 256 316 1045 352">
    <p class='ocr_par' dir='ltr' id='par_1_7' title="bbox 256 316 1045 352">
     <span class='ocr_line' id='line_1_7' title="bbox 256 316 1045 352; baseline 0.006 -11"><span class='ocrx_word' id='word_1_43' title='bbox 256 316 334 349; x_wconf 83' lang='lat' dir='ltr'><strong>igunt</strong></span> <span class='ocrx_word' id='word_1_44' title='bbox 350 323 467 343; x_wconf 81' lang='lat' dir='ltr'><strong>massam</strong></span> <span class='ocrx_word' id='word_1_45' title='bbox 479 338 485 348; x_wconf 86' lang='lat'><strong>,</strong></span> <span class='ocrx_word' id='word_1_46' title='bbox 502 317 534 343; x_wconf 88' lang='lat' dir='ltr'><strong>ad</strong></span> <span class='ocrx_word' id='word_1_47' title='bbox 554 316 707 343; x_wconf 87' lang='lat' dir='ltr'><strong>faciendmn</strong></span> <span class='ocrx_word' id='word_1_48' title='bbox 731 318 869 352; x_wconf 87' lang='lat' dir='ltr'><strong>placentas</strong></span> <span class='ocrx_word' id='word_1_49' title='bbox 886 319 922 352; x_wconf 81' lang='lat'><strong>(0)</strong></span> <span class='ocrx_word' id='word_1_50' title='bbox 942 319 1045 346; x_wconf 75' lang='lat' dir='ltr'><strong>militia:</strong></span> 
     </span>
    </p>
   </div>
   <div class='ocr_carea' id='block_1_8' title="bbox 256 362 1043 395">
    <p class='ocr_par' dir='ltr' id='par_1_8' title="bbox 256 362 1043 395">
     <span class='ocr_line' id='line_1_8' title="bbox 256 362 1043 395; baseline 0.004 -7"><span class='ocrx_word' id='word_1_51' title='bbox 256 362 317 388; x_wconf 65' lang='lat' dir='ltr'><strong>coeli</strong></span> <span class='ocrx_word' id='word_1_52' title='bbox 336 371 342 388; x_wconf 78' lang='grc' dir='ltr'>ε</span> <span class='ocrx_word' id='word_1_53' title='bbox 360 367 385 388; x_wconf 81' lang='lat' dir='ltr'><strong>et</strong></span> <span class='ocrx_word' id='word_1_54' title='bbox 406 363 524 389; x_wconf 85' lang='lat' dir='ltr'><strong>libarunt</strong></span> <span class='ocrx_word' id='word_1_55' title='bbox 541 363 668 390; x_wconf 87' lang='lat' dir='ltr'><strong>libamina</strong></span> <span class='ocrx_word' id='word_1_56' title='bbox 684 364 735 390; x_wconf 89' lang='lat' dir='ltr'><strong>diis</strong></span> <span class='ocrx_word' id='word_1_57' title='bbox 754 364 862 395; x_wconf 90' lang='lat' dir='ltr'><strong>alienis,</strong></span> <span class='ocrx_word' id='word_1_58' title='bbox 878 369 905 390; x_wconf 90' lang='lat' dir='ltr'><strong>ut</strong></span> <span class='ocrx_word' id='word_1_59' title='bbox 924 366 955 391; x_wconf 82' lang='lat' dir='ltr'><strong>ad</strong></span> <span class='ocrx_word' id='word_1_60' title='bbox 975 366 1043 392; x_wconf 89' lang='lat' dir='ltr'><strong>iram</strong></span> 
     </span>
    </p>
   </div>
   <div class='ocr_carea' id='block_1_9' title="bbox 258 408 1043 444">
    <p class='ocr_par' dir='ltr' id='par_1_9' title="bbox 258 408 1043 444">
     <span class='ocr_line' id='line_1_9' title="bbox 258 408 1043 444; baseline 0.004 -11"><span class='ocrx_word' id='word_1_61' title='bbox 258 412 405 441; x_wconf 84' lang='lat' dir='ltr'><strong>provocent</strong></span> <span class='ocrx_word' id='word_1_62' title='bbox 421 416 472 434; x_wconf 87' lang='lat' dir='ltr'><strong>me.</strong></span> <span class='ocrx_word' id='word_1_63' title='bbox 491 409 533 435; x_wconf 81' lang='grc'><strong>19.</strong></span> <span class='ocrx_word' id='word_1_64' title='bbox 552 408 620 435; x_wconf 76' lang='lat' dir='ltr'><strong>Num</strong></span> <span class='ocrx_word' id='word_1_65' title='bbox 638 417 680 436; x_wconf 93' lang='lat' dir='ltr'><strong>me</strong></span> <span class='ocrx_word' id='word_1_66' title='bbox 693 409 741 443; x_wconf 85' lang='lat' dir='ltr'><strong>ipsi</strong></span> <span class='ocrx_word' id='word_1_67' title='bbox 755 410 788 436; x_wconf 87' lang='lat' dir='ltr'><strong>ad</strong></span> <span class='ocrx_word' id='word_1_68' title='bbox 804 411 870 436; x_wconf 85' lang='lat' dir='ltr'><strong>iram</strong></span> <span class='ocrx_word' id='word_1_69' title='bbox 883 415 1043 444; x_wconf 73' lang='lat' dir='ltr'><strong>provocant.</strong></span> 
     </span>
    </p>
   </div>
   <div class='ocr_carea' id='block_1_10' title="bbox 257 453 1046 489">
    <p class='ocr_par' dir='ltr' id='par_1_10' title="bbox 257 453 1046 489">
     <span class='ocr_line' id='line_1_10' title="bbox 257 453 1046 489; baseline 0.004 -10"><span class='ocrx_word' id='word_1_70' title='bbox 257 454 322 480; x_wconf 90' lang='lat' dir='ltr'><strong>dicit</strong></span> <span class='ocrx_word' id='word_1_71' title='bbox 341 453 491 480; x_wconf 79' lang='lat' dir='ltr'><strong>Dominus?</strong></span> <span class='ocrx_word' id='word_1_72' title='bbox 518 462 607 481; x_wconf 80' lang='lat' dir='ltr'><strong>nonne</strong></span> <span class='ocrx_word' id='word_1_73' title='bbox 630 456 802 489; x_wconf 78' lang='lat' dir='ltr'><strong>semctipsos,</strong></span> <span class='ocrx_word' id='word_1_74' title='bbox 830 460 860 482; x_wconf 89' lang='lat' dir='ltr'><strong>ut</strong></span> <span class='ocrx_word' id='word_1_75' title='bbox 883 456 1046 483; x_wconf 70' lang='lat' dir='ltr'><strong>erubescant</strong></span> 
     </span>
    </p>
   </div>
   <div class='ocr_carea' id='block_1_11' title="bbox 258 500 1045 535">
    <p class='ocr_par' dir='ltr' id='par_1_11' title="bbox 258 500 1045 535">
     <span class='ocr_line' id='line_1_11' title="bbox 258 500 1045 535; baseline 0.003 -9"><span class='ocrx_word' id='word_1_76' title='bbox 258 500 342 527; x_wconf 67' lang='lat' dir='ltr'><strong>facies</strong></span> <span class='ocrx_word' id='word_1_77' title='bbox 357 501 469 527; x_wconf 82' lang='lat' dir='ltr'><strong>eorum?</strong></span> <span class='ocrx_word' id='word_1_78' title='bbox 483 501 527 527; x_wconf 71' lang='lat'><strong>‘20.</strong></span> <span class='ocrx_word' id='word_1_79' title='bbox 549 500 661 535; x_wconf 76' lang='lat' dir='ltr'><strong>Propter</strong></span> <span class='ocrx_word' id='word_1_80' title='bbox 680 502 730 529; x_wconf 87' lang='lat' dir='ltr'><strong>hoc</strong></span> <span class='ocrx_word' id='word_1_81' title='bbox 749 503 805 529; x_wconf 73' lang='lat' dir='ltr'><strong>haec</strong></span> <span class='ocrx_word' id='word_1_82' title='bbox 821 502 886 529; x_wconf 86' lang='lat' dir='ltr'><strong>dicit</strong></span> <span class='ocrx_word' id='word_1_83' title='bbox 901 503 934 535; x_wconf 54' lang='grc' dir='ltr'><strong>δέ(</strong></span> <span class='ocrx_word' id='word_1_84' title='bbox 952 502 1045 529; x_wconf 89' lang='lat' dir='ltr'><strong>Domi-</strong></span> 
     </span>
    </p>
   </div>
   <div class='ocr_carea' id='block_1_12' title="bbox 258 546 1047 582">
    <p class='ocr_par' dir='ltr' id='par_1_12' title="bbox 258 546 1047 582">
     <span class='ocr_line' id='line_1_12' title="bbox 258 546 1047 582; baseline 0.004 -12"><span class='ocrx_word' id='word_1_85' title='bbox 258 554 308 572; x_wconf 85' lang='lat' dir='ltr'><strong>nus</strong></span> <span class='ocrx_word' id='word_1_86' title='bbox 324 546 333 579; x_wconf 73' lang='grc' dir='ltr'>ζ</span> <span class='ocrx_word' id='word_1_87' title='bbox 349 555 356 573; x_wconf 89' lang='grc'>;</span> <span class='ocrx_word' id='word_1_88' title='bbox 376 546 445 573; x_wconf 85' lang='lat' dir='ltr'><strong>Ecce</strong></span> <span class='ocrx_word' id='word_1_89' title='bbox 461 546 498 572; x_wconf 87' lang='lat' dir='ltr'><strong>ira</strong></span> <span class='ocrx_word' id='word_1_90' title='bbox 513 551 538 573; x_wconf 90' lang='lat' dir='ltr'><strong>et</strong></span> <span class='ocrx_word' id='word_1_91' title='bbox 557 546 633 573; x_wconf 91' lang='lat' dir='ltr'><strong>furor</strong></span> <span class='ocrx_word' id='word_1_92' title='bbox 649 555 725 574; x_wconf 88' lang='lat' dir='ltr'><strong>meus</strong></span> <span class='ocrx_word' id='word_1_93' title='bbox 743 548 779 582; x_wconf 76' lang='grc' dir='ltr'><strong>(ρ)</strong></span> <span class='ocrx_word' id='word_1_94' title='bbox 802 547 950 574; x_wconf 78' lang='lat' dir='ltr'><strong>effunditur</strong></span> <span class='ocrx_word' id='word_1_95' title='bbox 965 556 1047 581; x_wconf 83' lang='lat' dir='ltr'><strong>super</strong></span> 
     </span>
    </p>
   </div>
   <div class='ocr_carea' id='block_1_13' title="bbox 258 592 1044 628">
    <p class='ocr_par' dir='ltr' id='par_1_13' title="bbox 258 592 1044 628">
     <span class='ocr_line' id='line_1_13' title="bbox 258 592 1044 628; baseline 0.005 -11"><span class='ocrx_word' id='word_1_96' title='bbox 258 592 348 618; x_wconf 87' lang='lat' dir='ltr'><strong>locum</strong></span> <span class='ocrx_word' id='word_1_97' title='bbox 366 593 447 624; x_wconf 89' lang='lat' dir='ltr'><strong>hunc,</strong></span> <span class='ocrx_word' id='word_1_98' title='bbox 462 598 488 619; x_wconf 88' lang='lat' dir='ltr'><strong>et</strong></span> <span class='ocrx_word' id='word_1_99' title='bbox 504 601 585 628; x_wconf 83' lang='lat' dir='ltr'><strong>Super</strong></span> <span class='ocrx_word' id='word_1_100' title='bbox 599 594 734 623; x_wconf 78' lang='lat' dir='ltr'><strong>homines.</strong></span> <span class='ocrx_word' id='word_1_101' title='bbox 754 598 781 620; x_wconf 90' lang='lat' dir='ltr'><strong>et</strong></span> <span class='ocrx_word' id='word_1_102' title='bbox 805 601 886 627; x_wconf 84' lang='lat' dir='ltr'><strong>super</strong></span> <span class='ocrx_word' id='word_1_103' title='bbox 910 593 1044 627; x_wconf 84' lang='lat' dir='ltr'><strong>jumenta.</strong></span> 
     </span>
    </p>
   </div>
   <div class='ocr_carea' id='block_1_14' title="bbox 258 639 1047 673">
    <p class='ocr_par' dir='ltr' id='par_1_14' title="bbox 258 639 1047 673">
     <span class='ocr_line' id='line_1_14' title="bbox 258 639 1047 673; baseline 0.001 -10"><span class='ocrx_word' id='word_1_104' title='bbox 258 642 285 663; x_wconf 89' lang='lat' dir='ltr'><strong>et</strong></span> <span class='ocrx_word' id='word_1_105' title='bbox 299 646 380 672; x_wconf 83' lang='lat' dir='ltr'><strong>super</strong></span> <span class='ocrx_word' id='word_1_106' title='bbox 396 646 476 665; x_wconf 87' lang='lat' dir='ltr'><strong>omne</strong></span> <span class='ocrx_word' id='word_1_107' title='bbox 491 639 592 673; x_wconf 78' lang='lat' dir='ltr'><strong>lignum</strong></span> <span class='ocrx_word' id='word_1_108' title='bbox 609 639 677 673; x_wconf 79' lang='lat' dir='ltr'><strong>agri,</strong></span> <span class='ocrx_word' id='word_1_109' title='bbox 693 644 719 665; x_wconf 90' lang='lat' dir='ltr'><strong>et</strong></span> <span class='ocrx_word' id='word_1_110' title='bbox 733 647 814 673; x_wconf 84' lang='lat' dir='ltr'><strong>super</strong></span> <span class='ocrx_word' id='word_1_111' title='bbox 825 647 920 665; x_wconf 87' lang='lat' dir='ltr'><strong>omnes</strong></span> <span class='ocrx_word' id='word_1_112' title='bbox 937 640 972 673; x_wconf 72' lang='grc' dir='ltr'><strong>(ᾳ)</strong></span> <span class='ocrx_word' id='word_1_113' title='bbox 985 646 1047 672; x_wconf 88' lang='lat' dir='ltr'><strong>pro-</strong></span> 
     </span>
    </p>
   </div>
   <div class='ocr_carea' id='block_1_15' title="bbox 258 685 1044 718">
    <p class='ocr_par' dir='ltr' id='par_1_15' title="bbox 258 685 1044 718">
     <span class='ocr_line' id='line_1_15' title="bbox 258 685 1044 718; baseline 0.001 -9"><span class='ocrx_word' id='word_1_114' title='bbox 258 688 355 710; x_wconf 89' lang='lat' dir='ltr'><strong>ventus</strong></span> <span class='ocrx_word' id='word_1_115' title='bbox 374 689 470 711; x_wconf 77' lang='lat' dir='ltr'><strong>tcrrze:</strong></span> <span class='ocrx_word' id='word_1_116' title='bbox 489 690 514 711; x_wconf 82' lang='lat' dir='ltr'><strong>et</strong></span> <span class='ocrx_word' id='word_1_117' title='bbox 537 685 706 718; x_wconf 71' lang='lat' dir='ltr'><strong>incendetur,</strong></span> <span class='ocrx_word' id='word_1_118' title='bbox 726 690 752 712; x_wconf 89' lang='lat' dir='ltr'><strong>et</strong></span> <span class='ocrx_word' id='word_1_119' title='bbox 773 693 826 712; x_wconf 93' lang='lat' dir='ltr'><strong>non</strong></span> <span class='ocrx_word' id='word_1_120' title='bbox 846 685 1044 718; x_wconf 76' lang='lat' dir='ltr'><strong>exstinguctur.</strong></span> 
     </span>
    </p>
   </div>
   <div class='ocr_carea' id='block_1_16' title="bbox 258 727 1045 763">
    <p class='ocr_par' dir='ltr' id='par_1_16' title="bbox 258 727 1045 763">
     <span class='ocr_line' id='line_1_16' title="bbox 258 727 1045 763; baseline 0.001 -9"><span class='ocrx_word' id='word_1_121' title='bbox 258 728 303 754; x_wconf 70' lang='lat'><strong>2|.</strong></span> <span class='ocrx_word' id='word_1_122' title='bbox 323 727 384 755; x_wconf 60' lang='lat'><strong>&quot;£0</strong></span> <span class='ocrx_word' id='word_1_123' title='bbox 395 729 461 755; x_wconf 82' lang='lat' dir='ltr'><strong>dicit</strong></span> <span class='ocrx_word' id='word_1_124' title='bbox 479 729 609 757; x_wconf 75' lang='lat' dir='ltr'><strong>Dominus</strong></span> <span class='ocrx_word' id='word_1_125' title='bbox 625 732 657 763; x_wconf 66' lang='grc' dir='ltr'><strong>&gt;ε&lt;</strong></span> <span class='ocrx_word' id='word_1_126' title='bbox 672 731 801 757; x_wconf 81' lang='lat' dir='ltr'><strong>virtutum</strong></span> <span class='ocrx_word' id='word_1_127' title='bbox 821 729 892 757; x_wconf 84' lang='lat' dir='ltr'><strong>Deus</strong></span> <span class='ocrx_word' id='word_1_128' title='bbox 911 729 1045 762; x_wconf 79' lang='lat' dir='ltr'><strong>lst&#39;aelis1:</strong></span> 
     </span>
    </p>
   </div>
   <div class='ocr_carea' id='block_1_17' title="bbox 262 774 1046 810">
    <p class='ocr_par' dir='ltr' id='par_1_17' title="bbox 262 774 1046 810">
     <span class='ocr_line' id='line_1_17' title="bbox 262 774 1046 810; baseline 0.001 -10"><span class='ocrx_word' id='word_1_129' title='bbox 262 774 422 802; x_wconf 77' lang='lat' dir='ltr'><strong>Ilolocausta</strong></span> <span class='ocrx_word' id='word_1_130' title='bbox 437 781 525 802; x_wconf 84' lang='lat' dir='ltr'><strong>vestra</strong></span> <span class='ocrx_word' id='word_1_131' title='bbox 539 780 702 810; x_wconf 66' lang='lat' dir='ltr'><strong>congregato</strong></span> <span class='ocrx_word' id='word_1_132' title='bbox 715 784 775 802; x_wconf 84' lang='lat' dir='ltr'><strong>cuin</strong></span> <span class='ocrx_word' id='word_1_133' title='bbox 788 776 929 803; x_wconf 81' lang='lat' dir='ltr'><strong>sacrificiis</strong></span> <span class='ocrx_word' id='word_1_134' title='bbox 938 775 1046 805; x_wconf 81' lang='lat' dir='ltr'><strong>vestris,</strong></span> 
     </span>
    </p>
   </div>
   <div class='ocr_carea' id='block_1_18' title="bbox 259 821 1045 855">
    <p class='ocr_par' dir='ltr' id='par_1_18' title="bbox 259 821 1045 855">
     <span class='ocr_line' id='line_1_18' title="bbox 259 821 1045 855; baseline -0.001 -9"><span class='ocrx_word' id='word_1_135' title='bbox 259 824 286 847; x_wconf 88' lang='lat' dir='ltr'><strong>et</strong></span> <span class='ocrx_word' id='word_1_136' title='bbox 304 821 438 847; x_wconf 87' lang='lat' dir='ltr'><strong>comedite</strong></span> <span class='ocrx_word' id='word_1_137' title='bbox 454 829 587 848; x_wconf 82' lang='lat' dir='ltr'><strong>carnem:</strong></span> <span class='ocrx_word' id='word_1_138' title='bbox 611 821 654 847; x_wconf 56' lang='grc' dir='ltr'><strong>η.</strong></span> <span class='ocrx_word' id='word_1_139' title='bbox 683 821 746 855; x_wconf 85' lang='lat' dir='ltr'><strong>quia</strong></span> <span class='ocrx_word' id='word_1_140' title='bbox 773 829 827 847; x_wconf 90' lang='lat' dir='ltr'><strong>non</strong></span> <span class='ocrx_word' id='word_1_141' title='bbox 857 821 966 847; x_wconf 86' lang='lat' dir='ltr'><strong>locutus</strong></span> <span class='ocrx_word' id='word_1_142' title='bbox 985 827 1045 846; x_wconf 97' lang='lat' dir='ltr'><strong>smn</strong></span> 
     </span>
    </p>
   </div>
   <div class='ocr_carea' id='block_1_19' title="bbox 259 866 1048 902">
    <p class='ocr_par' dir='ltr' id='par_1_19' title="bbox 259 866 1048 902">
     <span class='ocr_line' id='line_1_19' title="bbox 259 866 1048 902; baseline 0 -10"><span class='ocrx_word' id='word_1_143' title='bbox 259 867 292 893; x_wconf 90' lang='lat' dir='ltr'><strong>ad</strong></span> <span class='ocrx_word' id='word_1_144' title='bbox 308 872 399 901; x_wconf 81' lang='lat' dir='ltr'><strong>patres</strong></span> <span class='ocrx_word' id='word_1_145' title='bbox 420 872 535 898; x_wconf 77' lang='lat' dir='ltr'><strong>vestros,</strong></span> <span class='ocrx_word' id='word_1_146' title='bbox 563 875 651 901; x_wconf 88' lang='lat' dir='ltr'><strong>neque</strong></span> <span class='ocrx_word' id='word_1_147' title='bbox 675 868 788 902; x_wconf 73' lang='lat' dir='ltr'><strong>pra-cepi</strong></span> <span class='ocrx_word' id='word_1_148' title='bbox 811 867 851 894; x_wconf 88' lang='lat' dir='ltr'><strong>eis</strong></span> <span class='ocrx_word' id='word_1_149' title='bbox 875 867 901 893; x_wconf 92' lang='lat' dir='ltr'><strong>in</strong></span> <span class='ocrx_word' id='word_1_150' title='bbox 918 866 971 898; x_wconf 88' lang='lat' dir='ltr'><strong>die,</strong></span> <span class='ocrx_word' id='word_1_151' title='bbox 995 873 1048 900; x_wconf 84' lang='lat' dir='ltr'><strong>quo</strong></span> 
     </span>
    </p>
   </div>
   <div class='ocr_carea' id='block_1_20' title="bbox 259 913 1047 949">
    <p class='ocr_par' dir='ltr' id='par_1_20' title="bbox 259 913 1047 949">
     <span class='ocr_line' id='line_1_20' title="bbox 259 913 1047 949; baseline -0.003 -9"><span class='ocrx_word' id='word_1_152' title='bbox 259 915 339 941; x_wconf 86' lang='lat' dir='ltr'><strong>eduxi</strong></span> <span class='ocrx_word' id='word_1_153' title='bbox 356 922 401 941; x_wconf 87' lang='lat' dir='ltr'><strong>eos</strong></span> <span class='ocrx_word' id='word_1_154' title='bbox 417 922 448 941; x_wconf 79' lang='lat' dir='ltr'><strong>ex</strong></span> <span class='ocrx_word' id='word_1_155' title='bbox 472 919 543 941; x_wconf 85' lang='lat' dir='ltr'><strong>terra</strong></span> <span class='ocrx_word' id='word_1_156' title='bbox 563 914 682 949; x_wconf 62' lang='lat' dir='ltr'><strong>Egypti,</strong></span> <span class='ocrx_word' id='word_1_157' title='bbox 698 915 731 941; x_wconf 87' lang='lat' dir='ltr'><strong>de</strong></span> <span class='ocrx_word' id='word_1_158' title='bbox 744 916 777 947; x_wconf 67' lang='grc' dir='ltr'><strong>&gt;ε&lt;</strong></span> <span class='ocrx_word' id='word_1_159' title='bbox 794 914 876 941; x_wconf 76' lang='lat' dir='ltr'><strong>verbo</strong></span> <span class='ocrx_word' id='word_1_160' title='bbox 892 913 900 947; x_wconf 69' lang='grc' dir='ltr'>ζ</span> <span class='ocrx_word' id='word_1_161' title='bbox 916 913 1047 940; x_wconf 86' lang='lat' dir='ltr'><strong>holocau-</strong></span> 
     </span>
    </p>
   </div>
   <div class='ocr_carea' id='block_1_21' title="bbox 260 959 1047 992">
    <p class='ocr_par' dir='ltr' id='par_1_21' title="bbox 260 959 1047 992">
     <span class='ocr_line' id='line_1_21' title="bbox 260 959 1047 992; baseline -0.004 -6"><span class='ocrx_word' id='word_1_162' title='bbox 260 964 376 991; x_wconf 84' lang='lat' dir='ltr'><strong>storntn,</strong></span> <span class='ocrx_word' id='word_1_163' title='bbox 393 966 419 987; x_wconf 78' lang='lat' dir='ltr'><strong>et</strong></span> <span class='ocrx_word' id='word_1_164' title='bbox 435 961 560 987; x_wconf 86' lang='lat' dir='ltr'><strong>sacrificii</strong></span> <span class='ocrx_word' id='word_1_165' title='bbox 578 969 583 985; x_wconf 76' lang='grc' dir='ltr'>ε</span> <span class='ocrx_word' id='word_1_166' title='bbox 600 960 644 986; x_wconf 73' lang='grc'><strong>25.</strong></span> <span class='ocrx_word' id='word_1_167' title='bbox 666 960 711 986; x_wconf 80' lang='lat' dir='ltr'><strong>scd</strong></span> <span class='ocrx_word' id='word_1_168' title='bbox 730 960 752 986; x_wconf 88' lang='lat' dir='ltr'><strong>si</strong></span> <span class='ocrx_word' id='word_1_169' title='bbox 771 960 884 985; x_wconf 79' lang='lat' dir='ltr'><strong>verbum</strong></span> <span class='ocrx_word' id='word_1_170' title='bbox 909 959 960 985; x_wconf 88' lang='lat' dir='ltr'><strong>hoc</strong></span> <span class='ocrx_word' id='word_1_171' title='bbox 977 965 1047 992; x_wconf 67' lang='lat' dir='ltr'><strong>pra:-</strong></span> 
     </span>
    </p>
   </div>
   <div class='ocr_carea' id='block_1_22' title="bbox 260 1004 1048 1039">
    <p class='ocr_par' dir='ltr' id='par_1_22' title="bbox 260 1004 1048 1039">
     <span class='ocr_line' id='line_1_22' title="bbox 260 1004 1048 1039; baseline -0.004 -7"><span class='ocrx_word' id='word_1_172' title='bbox 260 1006 317 1039; x_wconf 82' lang='lat' dir='ltr'><strong>ccpi</strong></span> <span class='ocrx_word' id='word_1_173' title='bbox 331 1007 380 1035; x_wconf 90' lang='lat' dir='ltr'><strong>eis,</strong></span> <span class='ocrx_word' id='word_1_174' title='bbox 395 1005 488 1032; x_wconf 84' lang='lat' dir='ltr'><strong>dicens</strong></span> <span class='ocrx_word' id='word_1_175' title='bbox 502 1015 508 1031; x_wconf 89' lang='lat'><strong>:</strong></span> <span class='ocrx_word' id='word_1_176' title='bbox 524 1005 622 1032; x_wconf 83' lang='lat' dir='ltr'><strong>Audite</strong></span> <span class='ocrx_word' id='word_1_177' title='bbox 641 1013 733 1032; x_wconf 90' lang='lat' dir='ltr'><strong>vocem</strong></span> <span class='ocrx_word' id='word_1_178' title='bbox 751 1013 850 1036; x_wconf 84' lang='lat' dir='ltr'><strong>meam,</strong></span> <span class='ocrx_word' id='word_1_179' title='bbox 867 1009 894 1031; x_wconf 89' lang='lat' dir='ltr'><strong>et</strong></span> <span class='ocrx_word' id='word_1_180' title='bbox 910 1012 957 1031; x_wconf 90' lang='lat' dir='ltr'><strong>cro</strong></span> <span class='ocrx_word' id='word_1_181' title='bbox 972 1004 1048 1030; x_wconf 87' lang='lat' dir='ltr'><strong>vobis</strong></span> 
     </span>
    </p>
   </div>
   <div class='ocr_carea' id='block_1_23' title="bbox 261 1051 1049 1085">
    <p class='ocr_par' dir='ltr' id='par_1_23' title="bbox 261 1051 1049 1085">
     <span class='ocr_line' id='line_1_23' title="bbox 261 1051 1049 1085; baseline -0.001 -8"><span class='ocrx_word' id='word_1_182' title='bbox 261 1051 287 1077; x_wconf 95' lang='lat' dir='ltr'><strong>in</strong></span> <span class='ocrx_word' id='word_1_183' title='bbox 309 1051 402 1080; x_wconf 83' lang='lat' dir='ltr'><strong>Deum,</strong></span> <span class='ocrx_word' id='word_1_184' title='bbox 421 1055 447 1077; x_wconf 88' lang='lat' dir='ltr'><strong>et</strong></span> <span class='ocrx_word' id='word_1_185' title='bbox 463 1058 512 1077; x_wconf 89' lang='lat' dir='ltr'><strong>vos</strong></span> <span class='ocrx_word' id='word_1_186' title='bbox 534 1051 611 1078; x_wconf 81' lang='lat' dir='ltr'><strong>erilis</strong></span> <span class='ocrx_word' id='word_1_187' title='bbox 634 1051 699 1077; x_wconf 91' lang='lat' dir='ltr'><strong>mihi</strong></span> <span class='ocrx_word' id='word_1_188' title='bbox 723 1051 748 1077; x_wconf 92' lang='lat' dir='ltr'><strong>in</strong></span> <span class='ocrx_word' id='word_1_189' title='bbox 769 1051 898 1085; x_wconf 86' lang='lat' dir='ltr'><strong>populum</strong></span> <span class='ocrx_word' id='word_1_190' title='bbox 920 1060 927 1077; x_wconf 91' lang='lat'>:</span> <span class='ocrx_word' id='word_1_191' title='bbox 948 1055 975 1077; x_wconf 89' lang='lat' dir='ltr'><strong>et</strong></span> <span class='ocrx_word' id='word_1_192' title='bbox 991 1057 1049 1076; x_wconf 82' lang='lat' dir='ltr'><strong>am-</strong></span> 
     </span>
    </p>
   </div>
   <div class='ocr_carea' id='block_1_24' title="bbox 262 1097 1049 1132">
    <p class='ocr_par' dir='ltr' id='par_1_24' title="bbox 262 1097 1049 1132">
     <span class='ocr_line' id='line_1_24' title="bbox 262 1097 1049 1132; baseline -0.001 -8"><span class='ocrx_word' id='word_1_193' title='bbox 262 1098 351 1124; x_wconf 89' lang='lat' dir='ltr'><strong>bulate</strong></span> <span class='ocrx_word' id='word_1_194' title='bbox 363 1098 389 1124; x_wconf 92' lang='lat' dir='ltr'><strong>in</strong></span> <span class='ocrx_word' id='word_1_195' title='bbox 403 1097 530 1125; x_wconf 78' lang='lat' dir='ltr'><strong>omnibus</strong></span> <span class='ocrx_word' id='word_1_196' title='bbox 546 1098 597 1124; x_wconf 79' lang='lat' dir='ltr'><strong>viis</strong></span> <span class='ocrx_word' id='word_1_197' title='bbox 614 1098 691 1129; x_wconf 87' lang='lat' dir='ltr'><strong>meis,</strong></span> <span class='ocrx_word' id='word_1_198' title='bbox 711 1098 738 1124; x_wconf 95' lang='lat' dir='ltr'><strong>in</strong></span> <span class='ocrx_word' id='word_1_199' title='bbox 758 1098 791 1124; x_wconf 84' lang='lat' dir='ltr'><strong>iis</strong></span> <span class='ocrx_word' id='word_1_200' title='bbox 811 1105 879 1132; x_wconf 86' lang='lat' dir='ltr'><strong>quas</strong></span> <span class='ocrx_word' id='word_1_201' title='bbox 895 1104 1049 1132; x_wconf 69' lang='lat' dir='ltr'><strong>prteccpero</strong></span> 
     </span>
    </p>
   </div>
   <div class='ocr_carea' id='block_1_25' title="bbox 260 1143 1048 1176">
    <p class='ocr_par' dir='ltr' id='par_1_25' title="bbox 260 1143 1048 1176">
     <span class='ocr_line' id='line_1_25' title="bbox 260 1143 1048 1176; baseline 0 -7"><span class='ocrx_word' id='word_1_202' title='bbox 260 1145 388 1176; x_wconf 74' lang='lat' dir='ltr'><strong>vobis,ut</strong></span> <span class='ocrx_word' id='word_1_203' title='bbox 403 1144 471 1170; x_wconf 85' lang='lat' dir='ltr'><strong>bene</strong></span> <span class='ocrx_word' id='word_1_204' title='bbox 489 1144 524 1171; x_wconf 87' lang='lat' dir='ltr'><strong>sit</strong></span> <span class='ocrx_word' id='word_1_205' title='bbox 543 1144 629 1170; x_wconf 83' lang='lat' dir='ltr'><strong>vobis.</strong></span> <span class='ocrx_word' id='word_1_206' title='bbox 653 1144 696 1170; x_wconf 67' lang='grc' dir='ltr'><strong>Ἡ.</strong></span> <span class='ocrx_word' id='word_1_207' title='bbox 718 1143 749 1170; x_wconf 84' lang='lat' dir='ltr'><strong>Et</strong></span> <span class='ocrx_word' id='word_1_208' title='bbox 767 1151 820 1170; x_wconf 90' lang='lat' dir='ltr'><strong>non</strong></span> <span class='ocrx_word' id='word_1_209' title='bbox 838 1144 1001 1170; x_wconf 86' lang='lat' dir='ltr'><strong>audiverunt</strong></span> <span class='ocrx_word' id='word_1_210' title='bbox 1015 1144 1048 1176; x_wconf 73' lang='grc' dir='ltr'>&gt;κ</span> 
     </span>
    </p>
   </div>
   <div class='ocr_carea' id='block_1_26' title="bbox 261 1189 1048 1224">
    <p class='ocr_par' dir='ltr' id='par_1_26' title="bbox 261 1189 1048 1224">
     <span class='ocr_line' id='line_1_26' title="bbox 261 1189 1048 1224; baseline -0.003 -8"><span class='ocrx_word' id='word_1_211' title='bbox 261 1198 303 1216; x_wconf 89' lang='lat' dir='ltr'><strong>me</strong></span> <span class='ocrx_word' id='word_1_212' title='bbox 319 1190 340 1223; x_wconf 87' lang='lat'><strong>1,</strong></span> <span class='ocrx_word' id='word_1_213' title='bbox 359 1197 445 1224; x_wconf 87' lang='lat' dir='ltr'><strong>neque</strong></span> <span class='ocrx_word' id='word_1_214' title='bbox 460 1189 494 1224; x_wconf 84' lang='lat' dir='ltr'><strong>(r)</strong></span> <span class='ocrx_word' id='word_1_215' title='bbox 509 1190 624 1216; x_wconf 81' lang='lat' dir='ltr'><strong>attendit</strong></span> <span class='ocrx_word' id='word_1_216' title='bbox 640 1190 713 1217; x_wconf 85' lang='lat' dir='ltr'><strong>auris</strong></span> <span class='ocrx_word' id='word_1_217' title='bbox 731 1197 841 1221; x_wconf 88' lang='lat' dir='ltr'><strong>eorum;</strong></span> <span class='ocrx_word' id='word_1_218' title='bbox 863 1190 908 1216; x_wconf 89' lang='lat' dir='ltr'><strong>sed</strong></span> <span class='ocrx_word' id='word_1_219' title='bbox 924 1189 1048 1215; x_wconf 89' lang='lat' dir='ltr'><strong>ambula-</strong></span> 
     </span>
    </p>
   </div>
   <div class='ocr_carea' id='block_1_27' title="bbox 260 1234 1048 1270">
    <p class='ocr_par' dir='ltr' id='par_1_27' title="bbox 260 1234 1048 1270">
     <span class='ocr_line' id='line_1_27' title="bbox 260 1234 1048 1270; baseline -0.001 -9"><span class='ocrx_word' id='word_1_220' title='bbox 260 1236 359 1261; x_wconf 86' lang='lat' dir='ltr'><strong>runtin</strong></span> <span class='ocrx_word' id='word_1_221' title='bbox 376 1235 587 1270; x_wconf 78' lang='lat' dir='ltr'><strong>cogitationibus</strong></span> <span class='ocrx_word' id='word_1_222' title='bbox 606 1235 696 1262; x_wconf 84' lang='lat' dir='ltr'><strong>cordis</strong></span> <span class='ocrx_word' id='word_1_223' title='bbox 716 1235 758 1261; x_wconf 84' lang='lat' dir='ltr'><strong>sui</strong></span> <span class='ocrx_word' id='word_1_224' title='bbox 777 1235 851 1266; x_wconf 89' lang='lat' dir='ltr'><strong>mali,</strong></span> <span class='ocrx_word' id='word_1_225' title='bbox 864 1239 890 1261; x_wconf 92' lang='lat' dir='ltr'><strong>et</strong></span> <span class='ocrx_word' id='word_1_226' title='bbox 905 1234 967 1261; x_wconf 82' lang='lat' dir='ltr'><strong>facti</strong></span> <span class='ocrx_word' id='word_1_227' title='bbox 985 1239 1048 1261; x_wconf 90' lang='lat' dir='ltr'><strong>sunt</strong></span> 
     </span>
    </p>
   </div>
   <div class='ocr_carea' id='block_1_28' title="bbox 260 1280 1050 1313">
    <p class='ocr_par' dir='ltr' id='par_1_28' title="bbox 260 1280 1050 1313">
     <span class='ocr_line' id='line_1_28' title="bbox 260 1280 1050 1313; baseline -0.001 -7"><span class='ocrx_word' id='word_1_228' title='bbox 260 1285 422 1313; x_wconf 83' lang='lat' dir='ltr'><strong>retrorsum,</strong></span> <span class='ocrx_word' id='word_1_229' title='bbox 440 1285 466 1307; x_wconf 90' lang='lat' dir='ltr'><strong>et</strong></span> <span class='ocrx_word' id='word_1_230' title='bbox 483 1289 535 1307; x_wconf 91' lang='lat' dir='ltr'><strong>non</strong></span> <span class='ocrx_word' id='word_1_231' title='bbox 554 1280 617 1308; x_wconf 88' lang='lat' dir='ltr'><strong>facti</strong></span> <span class='ocrx_word' id='word_1_232' title='bbox 631 1286 695 1308; x_wconf 90' lang='lat' dir='ltr'><strong>sunt</strong></span> <span class='ocrx_word' id='word_1_233' title='bbox 708 1285 878 1312; x_wconf 81' lang='lat' dir='ltr'><strong>antrorsum,</strong></span> <span class='ocrx_word' id='word_1_234' title='bbox 896 1281 941 1308; x_wconf 71' lang='lat'><strong>25.</strong></span> <span class='ocrx_word' id='word_1_235' title='bbox 958 1288 989 1307; x_wconf 77' lang='lat' dir='ltr'><strong>ex</strong></span> <span class='ocrx_word' id='word_1_236' title='bbox 1006 1280 1050 1306; x_wconf 87' lang='lat' dir='ltr'><strong>die</strong></span> 
     </span>
    </p>
   </div>
   <div class='ocr_carea' id='block_1_29' title="bbox 260 1326 1050 1361">
    <p class='ocr_par' dir='ltr' id='par_1_29' title="bbox 260 1326 1050 1361">
     <span class='ocr_line' id='line_1_29' title="bbox 260 1326 1050 1361; baseline 0 -10"><span class='ocrx_word' id='word_1_237' title='bbox 260 1333 316 1359; x_wconf 85' lang='lat' dir='ltr'><strong>quo</strong></span> <span class='ocrx_word' id='word_1_238' title='bbox 335 1326 436 1360; x_wconf 78' lang='lat' dir='ltr'><strong>egressi</strong></span> <span class='ocrx_word' id='word_1_239' title='bbox 453 1330 516 1353; x_wconf 90' lang='lat' dir='ltr'><strong>sunt</strong></span> <span class='ocrx_word' id='word_1_240' title='bbox 534 1331 624 1360; x_wconf 76' lang='lat' dir='ltr'><strong>patres</strong></span> <span class='ocrx_word' id='word_1_241' title='bbox 639 1334 733 1353; x_wconf 84' lang='lat' dir='ltr'><strong>eorum</strong></span> <span class='ocrx_word' id='word_1_242' title='bbox 749 1334 780 1352; x_wconf 69' lang='lat' dir='ltr'><strong>ev</strong></span> <span class='ocrx_word' id='word_1_243' title='bbox 799 1331 871 1353; x_wconf 85' lang='lat' dir='ltr'><strong>terra</strong></span> <span class='ocrx_word' id='word_1_244' title='bbox 889 1326 1009 1361; x_wconf 63' lang='lat' dir='ltr'><strong>Egypti,</strong></span> <span class='ocrx_word' id='word_1_245' title='bbox 1023 1330 1050 1352; x_wconf 93' lang='lat' dir='ltr'><strong>et</strong></span> 
     </span>
    </p>
   </div>
   <div class='ocr_carea' id='block_1_30' title="bbox 246 1371 1049 1406">
    <p class='ocr_par' dir='ltr' id='par_1_30' title="bbox 246 1371 1049 1406">
     <span class='ocr_line' id='line_1_30' title="bbox 246 1371 1049 1406; baseline -0.002 -8"><span class='ocrx_word' id='word_1_246' title='bbox 246 1379 349 1406; x_wconf 44' lang='lat' dir='ltr'><strong>,usque</strong></span> <span class='ocrx_word' id='word_1_247' title='bbox 372 1373 399 1398; x_wconf 88' lang='lat' dir='ltr'><strong>itt</strong></span> <span class='ocrx_word' id='word_1_248' title='bbox 426 1372 497 1398; x_wconf 88' lang='lat' dir='ltr'><strong>diem</strong></span> <span class='ocrx_word' id='word_1_249' title='bbox 523 1372 605 1399; x_wconf 88' lang='lat' dir='ltr'><strong>hunc.</strong></span> <span class='ocrx_word' id='word_1_250' title='bbox 626 1371 657 1398; x_wconf 81' lang='lat' dir='ltr'><strong>Et</strong></span> <span class='ocrx_word' id='word_1_251' title='bbox 684 1371 745 1399; x_wconf 88' lang='lat' dir='ltr'><strong>misi</strong></span> <span class='ocrx_word' id='word_1_252' title='bbox 766 1372 799 1398; x_wconf 83' lang='lat' dir='ltr'><strong>ad</strong></span> <span class='ocrx_word' id='word_1_253' title='bbox 820 1379 867 1398; x_wconf 86' lang='lat' dir='ltr'><strong>vos</strong></span> <span class='ocrx_word' id='word_1_254' title='bbox 883 1379 977 1397; x_wconf 88' lang='lat' dir='ltr'><strong>omnes</strong></span> <span class='ocrx_word' id='word_1_255' title='bbox 993 1378 1049 1397; x_wconf 88' lang='lat' dir='ltr'><strong>ser-</strong></span> 
     </span>
    </p>
   </div>
   <div class='ocr_carea' id='block_1_31' title="bbox 262 1415 1050 1454">
    <p class='ocr_par' dir='ltr' id='par_1_31' title="bbox 262 1415 1050 1454">
     <span class='ocr_line' id='line_1_31' title="bbox 262 1415 1050 1454; baseline 0.001 -13"><span class='ocrx_word' id='word_1_256' title='bbox 262 1425 310 1444; x_wconf 91' lang='lat' dir='ltr'><strong>vos</strong></span> <span class='ocrx_word' id='word_1_257' title='bbox 327 1425 402 1444; x_wconf 89' lang='lat' dir='ltr'><strong>meos</strong></span> <span class='ocrx_word' id='word_1_258' title='bbox 416 1417 571 1451; x_wconf 80' lang='lat' dir='ltr'><strong>prophetas,</strong></span> <span class='ocrx_word' id='word_1_259' title='bbox 585 1417 627 1444; x_wconf 84' lang='lat' dir='ltr'><strong>die</strong></span> <span class='ocrx_word' id='word_1_260' title='bbox 643 1417 677 1451; x_wconf 76' lang='lat' dir='ltr'><strong>(s)</strong></span> <span class='ocrx_word' id='word_1_261' title='bbox 690 1422 716 1444; x_wconf 91' lang='lat' dir='ltr'><strong>et</strong></span> <span class='ocrx_word' id='word_1_262' title='bbox 729 1424 825 1443; x_wconf 91' lang='lat' dir='ltr'><strong>mane:</strong></span> <span class='ocrx_word' id='word_1_263' title='bbox 841 1421 868 1443; x_wconf 90' lang='lat' dir='ltr'><strong>et</strong></span> <span class='ocrx_word' id='word_1_264' title='bbox 883 1416 954 1454; x_wconf 82' lang='lat' dir='ltr'><strong>misi,</strong></span> <span class='ocrx_word' id='word_1_265' title='bbox 966 1415 1010 1442; x_wconf 79' lang='lat'><strong>‘26.</strong></span> <span class='ocrx_word' id='word_1_266' title='bbox 1022 1420 1050 1442; x_wconf 86' lang='lat' dir='ltr'><strong>et</strong></span> 
     </span>
    </p>
   </div>
   <div class='ocr_carea' id='block_1_32' title="bbox 263 1463 1050 1496">
    <p class='ocr_par' dir='ltr' id='par_1_32' title="bbox 263 1463 1050 1496">
     <span class='ocr_line' id='line_1_32' title="bbox 263 1463 1050 1496; baseline 0 -8"><span class='ocrx_word' id='word_1_267' title='bbox 263 1471 316 1489; x_wconf 87' lang='lat' dir='ltr'><strong>non</strong></span> <span class='ocrx_word' id='word_1_268' title='bbox 357 1463 520 1490; x_wconf 79' lang='lat' dir='ltr'><strong>audiverunt</strong></span> <span class='ocrx_word' id='word_1_269' title='bbox 543 1471 596 1496; x_wconf 92' lang='lat' dir='ltr'><strong>me,</strong></span> <span class='ocrx_word' id='word_1_270' title='bbox 618 1467 645 1490; x_wconf 85' lang='lat' dir='ltr'><strong>et</strong></span> <span class='ocrx_word' id='word_1_271' title='bbox 675 1471 727 1490; x_wconf 86' lang='lat' dir='ltr'><strong>non</strong></span> <span class='ocrx_word' id='word_1_272' title='bbox 762 1463 937 1490; x_wconf 88' lang='lat' dir='ltr'><strong>attcndcrunt</strong></span> <span class='ocrx_word' id='word_1_273' title='bbox 970 1469 1050 1489; x_wconf 81' lang='lat' dir='ltr'><strong>aures</strong></span> 
     </span>
    </p>
   </div>
   <div class='ocr_carea' id='block_1_33' title="bbox 262 1509 1049 1544">
    <p class='ocr_par' dir='ltr' id='par_1_33' title="bbox 262 1509 1049 1544">
     <span class='ocr_line' id='line_1_33' title="bbox 262 1509 1049 1544; baseline -0.001 -9"><span class='ocrx_word' id='word_1_274' title='bbox 262 1517 366 1536; x_wconf 90' lang='lat' dir='ltr'><strong>eorum:</strong></span> <span class='ocrx_word' id='word_1_275' title='bbox 380 1514 406 1536; x_wconf 91' lang='lat' dir='ltr'><strong>et</strong></span> <span class='ocrx_word' id='word_1_276' title='bbox 421 1509 584 1536; x_wconf 87' lang='lat' dir='ltr'><strong>indurarunt</strong></span> <span class='ocrx_word' id='word_1_277' title='bbox 600 1509 630 1544; x_wconf 85' lang='grc' dir='ltr'><strong>(ι)</strong></span> <span class='ocrx_word' id='word_1_278' title='bbox 647 1510 778 1536; x_wconf 85' lang='lat' dir='ltr'><strong>cervicem</strong></span> <span class='ocrx_word' id='word_1_279' title='bbox 797 1517 874 1536; x_wconf 93' lang='lat' dir='ltr'><strong>suam</strong></span> <span class='ocrx_word' id='word_1_280' title='bbox 895 1509 955 1543; x_wconf 91' lang='lat' dir='ltr'><strong>plus</strong></span> <span class='ocrx_word' id='word_1_281' title='bbox 969 1516 1049 1542; x_wconf 89' lang='lat' dir='ltr'><strong>qttam</strong></span> 
     </span>
    </p>
   </div>
   <div class='ocr_carea' id='block_1_34' title="bbox 263 1553 1050 1588">
    <p class='ocr_par' dir='ltr' id='par_1_34' title="bbox 263 1553 1050 1588">
     <span class='ocr_line' id='line_1_34' title="bbox 263 1553 1050 1588; baseline 0 -9"><span class='ocrx_word' id='word_1_282' title='bbox 263 1559 355 1588; x_wconf 87' lang='lat' dir='ltr'><strong>patres</strong></span> <span class='ocrx_word' id='word_1_283' title='bbox 372 1562 477 1581; x_wconf 89' lang='lat' dir='ltr'><strong>eorttm.</strong></span> <span class='ocrx_word' id='word_1_284' title='bbox 495 1553 539 1580; x_wconf 77' lang='lat'><strong>‘27.</strong></span> <span class='ocrx_word' id='word_1_285' title='bbox 566 1554 598 1581; x_wconf 88' lang='lat' dir='ltr'><strong>Et</strong></span> <span class='ocrx_word' id='word_1_286' title='bbox 622 1555 697 1581; x_wconf 69' lang='lat' dir='ltr'><strong>dices</strong></span> <span class='ocrx_word' id='word_1_287' title='bbox 723 1554 763 1581; x_wconf 88' lang='lat' dir='ltr'><strong>eis</strong></span> <span class='ocrx_word' id='word_1_288' title='bbox 787 1561 942 1581; x_wconf 82' lang='lat' dir='ltr'><strong>sermonem</strong></span> <span class='ocrx_word' id='word_1_289' title='bbox 967 1553 1050 1585; x_wconf 91' lang='lat' dir='ltr'><strong>hunc,</strong></span> 
     </span>
    </p>
   </div>
   <div class='ocr_carea' id='block_1_35' title="bbox 264 1600 1052 1635">
    <p class='ocr_par' dir='ltr' id='par_1_35' title="bbox 264 1600 1052 1635">
     <span class='ocr_line' id='line_1_35' title="bbox 264 1600 1052 1635; baseline 0 -9"><span class='ocrx_word' id='word_1_290' title='bbox 264 1602 298 1635; x_wconf 45' lang='grc' dir='ltr'><em>χ</em></span> <span class='ocrx_word' id='word_1_291' title='bbox 319 1605 345 1626; x_wconf 83' lang='lat' dir='ltr'><strong>et</strong></span> <span class='ocrx_word' id='word_1_292' title='bbox 362 1608 416 1627; x_wconf 89' lang='lat' dir='ltr'><strong>non</strong></span> <span class='ocrx_word' id='word_1_293' title='bbox 433 1600 544 1627; x_wconf 89' lang='lat' dir='ltr'><strong>audient</strong></span> <span class='ocrx_word' id='word_1_294' title='bbox 568 1605 603 1632; x_wconf 85' lang='lat' dir='ltr'><strong>te,</strong></span> <span class='ocrx_word' id='word_1_295' title='bbox 630 1605 658 1627; x_wconf 88' lang='lat' dir='ltr'><strong>et</strong></span> <span class='ocrx_word' id='word_1_296' title='bbox 685 1601 796 1627; x_wconf 87' lang='lat' dir='ltr'><strong>vocabis</strong></span> <span class='ocrx_word' id='word_1_297' title='bbox 814 1608 872 1633; x_wconf 89' lang='lat' dir='ltr'><strong>eos,</strong></span> <span class='ocrx_word' id='word_1_298' title='bbox 888 1604 914 1626; x_wconf 91' lang='lat' dir='ltr'><strong>et</strong></span> <span class='ocrx_word' id='word_1_299' title='bbox 934 1608 987 1626; x_wconf 91' lang='lat' dir='ltr'><strong>non</strong></span> <span class='ocrx_word' id='word_1_300' title='bbox 1009 1607 1052 1626; x_wconf 87' lang='lat' dir='ltr'><strong>re—</strong></span> 
     </span>
    </p>
   </div>
   <div class='ocr_carea' id='block_1_36' title="bbox 264 1645 1053 1680">
    <p class='ocr_par' dir='ltr' id='par_1_36' title="bbox 264 1645 1053 1680">
     <span class='ocr_line' id='line_1_36' title="bbox 264 1645 1053 1680; baseline 0 -8"><span class='ocrx_word' id='word_1_301' title='bbox 264 1646 437 1679; x_wconf 75' lang='lat' dir='ltr'><strong>spondebunt</strong></span> <span class='ocrx_word' id='word_1_302' title='bbox 452 1647 512 1677; x_wconf 84' lang='lat' dir='ltr'><strong>tibi,</strong></span> <span class='ocrx_word' id='word_1_303' title='bbox 524 1646 568 1673; x_wconf 74' lang='lat'><strong>‘28.</strong></span> <span class='ocrx_word' id='word_1_304' title='bbox 583 1651 609 1673; x_wconf 89' lang='lat' dir='ltr'><strong>et</strong></span> <span class='ocrx_word' id='word_1_305' title='bbox 625 1646 699 1673; x_wconf 77' lang='lat' dir='ltr'><strong>diccs</strong></span> <span class='ocrx_word' id='word_1_306' title='bbox 714 1647 754 1673; x_wconf 89' lang='lat' dir='ltr'><strong>eis</strong></span> <span class='ocrx_word' id='word_1_307' title='bbox 772 1646 782 1680; x_wconf 74' lang='grc' dir='ltr'>ζ</span> <span class='ocrx_word' id='word_1_308' title='bbox 798 1655 804 1673; x_wconf 80' lang='lat'><strong>2</strong></span> <span class='ocrx_word' id='word_1_309' title='bbox 821 1645 883 1673; x_wconf 74' lang='lat' dir='ltr'><strong>[hcc</strong></span> <span class='ocrx_word' id='word_1_310' title='bbox 899 1654 976 1680; x_wconf 80' lang='lat' dir='ltr'><strong>gens,</strong></span> <span class='ocrx_word' id='word_1_311' title='bbox 993 1653 1053 1680; x_wconf 73' lang='lat' dir='ltr'><strong>qua:</strong></span> 
     </span>
    </p>
   </div>
   <div class='ocr_carea' id='block_1_37' title="bbox 266 1692 1052 1726">
    <p class='ocr_par' dir='ltr' id='par_1_37' title="bbox 266 1692 1052 1726">
     <span class='ocr_line' id='line_1_37' title="bbox 266 1692 1052 1726; baseline 0.001 -9"><span class='ocrx_word' id='word_1_312' title='bbox 266 1699 318 1718; x_wconf 93' lang='lat' dir='ltr'><strong>non</strong></span> <span class='ocrx_word' id='word_1_313' title='bbox 335 1693 438 1719; x_wconf 77' lang='lat' dir='ltr'><strong>audivit</strong></span> <span class='ocrx_word' id='word_1_314' title='bbox 453 1700 545 1719; x_wconf 88' lang='lat' dir='ltr'><strong>vocem</strong></span> <span class='ocrx_word' id='word_1_315' title='bbox 561 1692 665 1718; x_wconf 87' lang='lat' dir='ltr'><strong>Domini</strong></span> <span class='ocrx_word' id='word_1_316' title='bbox 685 1692 730 1719; x_wconf 88' lang='lat' dir='ltr'><strong>Dei</strong></span> <span class='ocrx_word' id='word_1_317' title='bbox 747 1700 854 1724; x_wconf 84' lang='lat' dir='ltr'><strong>eorum,</strong></span> <span class='ocrx_word' id='word_1_318' title='bbox 872 1700 960 1726; x_wconf 89' lang='lat' dir='ltr'><strong>neque</strong></span> <span class='ocrx_word' id='word_1_319' title='bbox 975 1699 1052 1719; x_wconf 87' lang='lat' dir='ltr'><strong>rece-</strong></span> 
     </span>
    </p>
   </div>
   <div class='ocr_carea' id='block_1_38' title="bbox 266 1738 1050 1772">
    <p class='ocr_par' dir='ltr' id='par_1_38' title="bbox 266 1738 1050 1772">
     <span class='ocr_line' id='line_1_38' title="bbox 266 1738 1050 1772; baseline 0.003 -9"><span class='ocrx_word' id='word_1_320' title='bbox 266 1738 304 1771; x_wconf 89' lang='lat' dir='ltr'><strong>pit</strong></span> <span class='ocrx_word' id='word_1_321' title='bbox 318 1738 489 1772; x_wconf 84' lang='lat' dir='ltr'><strong>disciplinam</strong></span> <span class='ocrx_word' id='word_1_322' title='bbox 504 1748 510 1764; x_wconf 94' lang='lat'><strong><em>:</em></strong></span> <span class='ocrx_word' id='word_1_323' title='bbox 528 1738 624 1765; x_wconf 66' lang='lat' dir='ltr'><strong>defecit</strong></span> <span class='ocrx_word' id='word_1_324' title='bbox 639 1738 714 1769; x_wconf 88' lang='lat' dir='ltr'><strong>fides,</strong></span> <span class='ocrx_word' id='word_1_325' title='bbox 727 1739 760 1772; x_wconf 68' lang='grc' dir='ltr'><strong>&gt;ε&lt;</strong></span> <span class='ocrx_word' id='word_1_326' title='bbox 773 1743 800 1764; x_wconf 91' lang='lat' dir='ltr'><strong>et</strong></span> <span class='ocrx_word' id='word_1_327' title='bbox 815 1739 920 1765; x_wconf 87' lang='lat' dir='ltr'><strong>sublata</strong></span> <span class='ocrx_word' id='word_1_328' title='bbox 933 1743 974 1765; x_wconf 84' lang='lat' dir='ltr'><strong>cst</strong></span> <span class='ocrx_word' id='word_1_329' title='bbox 991 1739 1001 1772; x_wconf 72' lang='grc' dir='ltr'>ζ</span> <span class='ocrx_word' id='word_1_330' title='bbox 1019 1747 1050 1766; x_wconf 80' lang='lat' dir='ltr'><strong>ex</strong></span> 
     </span>
    </p>
   </div>
   <div class='ocr_carea' id='block_1_39' title="bbox 266 1783 1051 1819">
    <p class='ocr_par' dir='ltr' id='par_1_39' title="bbox 266 1783 1051 1819">
     <span class='ocr_line' id='line_1_39' title="bbox 266 1783 1051 1819; baseline 0.003 -10"><span class='ocrx_word' id='word_1_331' title='bbox 266 1792 312 1810; x_wconf 81' lang='lat' dir='ltr'><strong>ore</strong></span> <span class='ocrx_word' id='word_1_332' title='bbox 328 1792 435 1811; x_wconf 78' lang='lat' dir='ltr'><strong>eorum.</strong></span> <span class='ocrx_word' id='word_1_333' title='bbox 451 1784 495 1811; x_wconf 72' lang='grc'><strong>29.</strong></span> <span class='ocrx_word' id='word_1_334' title='bbox 515 1784 552 1819; x_wconf 83' lang='grc' dir='ltr'><em>(ιι)</em></span> <span class='ocrx_word' id='word_1_335' title='bbox 573 1783 666 1811; x_wconf 92' lang='lat' dir='ltr'><strong>Toude</strong></span> <span class='ocrx_word' id='word_1_336' title='bbox 690 1790 772 1818; x_wconf 91' lang='lat' dir='ltr'><strong>caput</strong></span> <span class='ocrx_word' id='word_1_337' title='bbox 793 1789 880 1817; x_wconf 90' lang='lat' dir='ltr'><strong>tuum,</strong></span> <span class='ocrx_word' id='word_1_338' title='bbox 897 1790 924 1812; x_wconf 89' lang='lat' dir='ltr'><strong>ct</strong></span> <span class='ocrx_word' id='word_1_339' title='bbox 941 1786 1051 1819; x_wconf 85' lang='lat' dir='ltr'><strong>projice,</strong></span> 
     </span>
    </p>
   </div>
   <div class='ocr_carea' id='block_1_40' title="bbox 266 1830 1055 1864">
    <p class='ocr_par' dir='ltr' id='par_1_40' title="bbox 266 1830 1055 1864">
     <span class='ocr_line' id='line_1_40' title="bbox 266 1830 1055 1864; baseline 0.001 -9"><span class='ocrx_word' id='word_1_340' title='bbox 266 1834 292 1855; x_wconf 87' lang='lat' dir='ltr'><strong>et</strong></span> <span class='ocrx_word' id='word_1_341' title='bbox 311 1837 388 1856; x_wconf 85' lang='lat' dir='ltr'><strong>sume</strong></span> <span class='ocrx_word' id='word_1_342' title='bbox 403 1837 484 1863; x_wconf 90' lang='lat' dir='ltr'><strong>super</strong></span> <span class='ocrx_word' id='word_1_343' title='bbox 498 1830 567 1856; x_wconf 93' lang='lat' dir='ltr'><strong>labia</strong></span> <span class='ocrx_word' id='word_1_344' title='bbox 585 1834 629 1856; x_wconf 87' lang='lat' dir='ltr'><strong>tua</strong></span> <span class='ocrx_word' id='word_1_345' title='bbox 646 1830 875 1862; x_wconf 85' lang='lat' dir='ltr'><strong>lamentationem;</strong></span> <span class='ocrx_word' id='word_1_346' title='bbox 888 1830 950 1863; x_wconf 88' lang='lat' dir='ltr'><strong>quia</strong></span> <span class='ocrx_word' id='word_1_347' title='bbox 965 1837 1055 1864; x_wconf 84' lang='lat' dir='ltr'><strong>repro-</strong></span> 
     </span>
    </p>
   </div>
   <div class='ocr_carea' id='block_1_41' title="bbox 269 1875 1055 1910">
    <p class='ocr_par' dir='ltr' id='par_1_41' title="bbox 269 1875 1055 1910">
     <span class='ocr_line' id='line_1_41' title="bbox 269 1875 1055 1910; baseline 0.003 -10"><span class='ocrx_word' id='word_1_348' title='bbox 269 1875 341 1902; x_wconf 83' lang='lat' dir='ltr'><strong>bavit</strong></span> <span class='ocrx_word' id='word_1_349' title='bbox 367 1875 508 1906; x_wconf 75' lang='lat' dir='ltr'><strong>Dominus,</strong></span> <span class='ocrx_word' id='word_1_350' title='bbox 534 1880 561 1901; x_wconf 86' lang='lat' dir='ltr'><strong>et</strong></span> <span class='ocrx_word' id='word_1_351' title='bbox 587 1876 684 1909; x_wconf 85' lang='lat' dir='ltr'><strong>repulit</strong></span> <span class='ocrx_word' id='word_1_352' title='bbox 705 1875 906 1910; x_wconf 79' lang='lat' dir='ltr'><strong>generationem</strong></span> <span class='ocrx_word' id='word_1_353' title='bbox 928 1875 977 1910; x_wconf 73' lang='lat' dir='ltr'><strong>(ac),</strong></span> <span class='ocrx_word' id='word_1_354' title='bbox 994 1884 1055 1910; x_wconf 64' lang='lat' dir='ltr'><strong>quae</strong></span> 
     </span>
    </p>
   </div>
   <div class='ocr_carea' id='block_1_42' title="bbox 268 1921 1053 1956">
    <p class='ocr_par' dir='ltr' id='par_1_42' title="bbox 268 1921 1053 1956">
     <span class='ocr_line' id='line_1_42' title="bbox 268 1921 1053 1956; baseline 0.001 -9"><span class='ocrx_word' id='word_1_355' title='bbox 268 1921 333 1947; x_wconf 84' lang='lat' dir='ltr'><strong>facit</strong></span> <span class='ocrx_word' id='word_1_356' title='bbox 345 1921 418 1948; x_wconf 75' lang='lat' dir='ltr'><strong>lucc:</strong></span> <span class='ocrx_word' id='word_1_357' title='bbox 432 1921 475 1948; x_wconf 75' lang='lat'><strong>&#39;50.</strong></span> <span class='ocrx_word' id='word_1_358' title='bbox 488 1922 550 1955; x_wconf 89' lang='lat' dir='ltr'><strong>quia</strong></span> <span class='ocrx_word' id='word_1_359' title='bbox 561 1921 895 1956; x_wconf 64' lang='lat' dir='ltr'><strong>fecerunlfiliiJudaaquod</strong></span> <span class='ocrx_word' id='word_1_360' title='bbox 908 1923 1008 1949; x_wconf 89' lang='lat' dir='ltr'><strong>malum</strong></span> <span class='ocrx_word' id='word_1_361' title='bbox 1016 1922 1053 1956; x_wconf 63' lang='grc' dir='ltr'><em>(ει)</em></span> 
     </span>
    </p>
   </div>
   <div class='ocr_carea' id='block_1_43' title="bbox 268 1965 1054 1997">
    <p class='ocr_par' dir='ltr' id='par_1_43' title="bbox 268 1965 1054 1997">
     <span class='ocr_line' id='line_1_43' title="bbox 268 1965 1054 1997; baseline 0.005 -8"><span class='ocrx_word' id='word_1_362' title='bbox 268 1971 362 1990; x_wconf 86' lang='lat' dir='ltr'><strong>coram</strong></span> <span class='ocrx_word' id='word_1_363' title='bbox 380 1971 433 1996; x_wconf 89' lang='lat' dir='ltr'><strong>me,</strong></span> <span class='ocrx_word' id='word_1_364' title='bbox 451 1965 517 1991; x_wconf 85' lang='lat' dir='ltr'><strong>dicit</strong></span> <span class='ocrx_word' id='word_1_365' title='bbox 535 1965 676 1997; x_wconf 86' lang='lat' dir='ltr'><strong>Dominus,</strong></span> <span class='ocrx_word' id='word_1_366' title='bbox 695 1966 896 1993; x_wconf 72' lang='lat' dir='ltr'><strong>constituerunt</strong></span> <span class='ocrx_word' id='word_1_367' title='bbox 910 1966 1054 1994; x_wconf 89' lang='lat' dir='ltr'><strong>abomina-</strong></span> 
     </span>
    </p>
   </div>
   <div class='ocr_carea' id='block_1_44' title="bbox 269 2010 1054 2045">
    <p class='ocr_par' dir='ltr' id='par_1_44' title="bbox 269 2010 1054 2045">
     <span class='ocr_line' id='line_1_44' title="bbox 269 2010 1054 2045; baseline 0.005 -10"><span class='ocrx_word' id='word_1_368' title='bbox 269 2010 356 2036; x_wconf 83' lang='lat' dir='ltr'><strong>tioncs</strong></span> <span class='ocrx_word' id='word_1_369' title='bbox 380 2018 444 2037; x_wconf 90' lang='lat' dir='ltr'><strong>suas</strong></span> <span class='ocrx_word' id='word_1_370' title='bbox 466 2010 493 2036; x_wconf 92' lang='lat' dir='ltr'><strong>in</strong></span> <span class='ocrx_word' id='word_1_371' title='bbox 521 2010 611 2042; x_wconf 86' lang='lat' dir='ltr'><strong>domo,</strong></span> <span class='ocrx_word' id='word_1_372' title='bbox 636 2018 688 2045; x_wconf 88' lang='lat' dir='ltr'><strong>qtta</strong></span> <span class='ocrx_word' id='word_1_373' title='bbox 710 2011 863 2038; x_wconf 89' lang='lat' dir='ltr'><strong>invocatum</strong></span> <span class='ocrx_word' id='word_1_374' title='bbox 891 2016 933 2039; x_wconf 91' lang='lat' dir='ltr'><strong>est</strong></span> <span class='ocrx_word' id='word_1_375' title='bbox 956 2020 1054 2039; x_wconf 92' lang='lat' dir='ltr'><strong>nomen</strong></span> 
     </span>
    </p>
   </div>
   <div class='ocr_carea' id='block_1_45' title="bbox 269 2058 1054 2092">
    <p class='ocr_par' dir='ltr' id='par_1_45' title="bbox 269 2058 1054 2092">
     <span class='ocr_line' id='line_1_45' title="bbox 269 2058 1054 2092; baseline 0.004 -9"><span class='ocrx_word' id='word_1_376' title='bbox 269 2064 358 2084; x_wconf 89' lang='lat' dir='ltr'><strong>meum</strong></span> <span class='ocrx_word' id='word_1_377' title='bbox 378 2064 460 2092; x_wconf 89' lang='lat' dir='ltr'><strong>super</strong></span> <span class='ocrx_word' id='word_1_378' title='bbox 470 2065 512 2089; x_wconf 85' lang='lat' dir='ltr'><strong>ea,</strong></span> <span class='ocrx_word' id='word_1_379' title='bbox 532 2062 560 2084; x_wconf 89' lang='lat' dir='ltr'><strong>ttt</strong></span> <span class='ocrx_word' id='word_1_380' title='bbox 577 2058 728 2092; x_wconf 80' lang='lat' dir='ltr'><strong>polluerent</strong></span> <span class='ocrx_word' id='word_1_381' title='bbox 741 2066 800 2085; x_wconf 89' lang='lat' dir='ltr'><strong>eam</strong></span> <span class='ocrx_word' id='word_1_382' title='bbox 814 2068 821 2085; x_wconf 90' lang='lat'>:</span> <span class='ocrx_word' id='word_1_383' title='bbox 836 2060 879 2086; x_wconf 83' lang='grc'><strong>51.</strong></span> <span class='ocrx_word' id='word_1_384' title='bbox 895 2064 922 2086; x_wconf 81' lang='lat' dir='ltr'><strong>et</strong></span> <span class='ocrx_word' id='word_1_385' title='bbox 935 2060 1054 2087; x_wconf 71' lang='lat' dir='ltr'><strong>mdiiica-</strong></span> 
     </span>
    </p>
   </div>
   <div class='ocr_carea' id='block_1_46' title="bbox 268 2102 1054 2137">
    <p class='ocr_par' dir='ltr' id='par_1_46' title="bbox 268 2102 1054 2137">
     <span class='ocr_line' id='line_1_46' title="bbox 268 2102 1054 2137; baseline 0.004 -9"><span class='ocrx_word' id='word_1_386' title='bbox 268 2106 332 2128; x_wconf 91' lang='lat' dir='ltr'><strong>runt</strong></span> <span class='ocrx_word' id='word_1_387' title='bbox 341 2102 377 2136; x_wconf 66' lang='grc' dir='ltr'><strong>(ι)</strong></span> <span class='ocrx_word' id='word_1_388' title='bbox 389 2110 463 2129; x_wconf 88' lang='lat' dir='ltr'><strong>aram</strong></span> <span class='ocrx_word' id='word_1_389' title='bbox 476 2103 653 2137; x_wconf 89' lang='lat' dir='ltr'><strong>Thaphethis,</strong></span> <span class='ocrx_word' id='word_1_390' title='bbox 664 2111 724 2137; x_wconf 63' lang='lat' dir='ltr'><strong>qum</strong></span> <span class='ocrx_word' id='word_1_391' title='bbox 733 2109 773 2131; x_wconf 81' lang='lat' dir='ltr'><strong>cst</strong></span> <span class='ocrx_word' id='word_1_392' title='bbox 785 2104 810 2130; x_wconf 94' lang='lat' dir='ltr'><strong>in</strong></span> <span class='ocrx_word' id='word_1_393' title='bbox 823 2105 892 2131; x_wconf 85' lang='lat' dir='ltr'><strong>valle</strong></span> <span class='ocrx_word' id='word_1_394' title='bbox 902 2104 962 2132; x_wconf 87' lang='lat' dir='ltr'><strong>Filii</strong></span> <span class='ocrx_word' id='word_1_395' title='bbox 973 2104 1054 2136; x_wconf 85' lang='lat' dir='ltr'><strong>Num,</strong></span> 
     </span>
    </p>
   </div>
   <div class='ocr_carea' id='block_1_47' title="bbox 269 2147 1052 2184">
    <p class='ocr_par' dir='ltr' id='par_1_47' title="bbox 269 2147 1052 2184">
     <span class='ocr_line' id='line_1_47' title="bbox 269 2147 1052 2184; baseline 0.004 -12"><span class='ocrx_word' id='word_1_396' title='bbox 269 2147 300 2173; x_wconf 83' lang='lat' dir='ltr'><strong>ad</strong></span> <span class='ocrx_word' id='word_1_397' title='bbox 317 2148 533 2174; x_wconf 84' lang='lat' dir='ltr'><strong>comburendum</strong></span> <span class='ocrx_word' id='word_1_398' title='bbox 553 2149 623 2175; x_wconf 86' lang='lat' dir='ltr'><strong>filios</strong></span> <span class='ocrx_word' id='word_1_399' title='bbox 637 2156 712 2180; x_wconf 87' lang='lat' dir='ltr'><strong>suos,</strong></span> <span class='ocrx_word' id='word_1_400' title='bbox 729 2153 755 2175; x_wconf 91' lang='lat' dir='ltr'><strong>et</strong></span> <span class='ocrx_word' id='word_1_401' title='bbox 772 2149 840 2176; x_wconf 86' lang='lat' dir='ltr'><strong>filias</strong></span> <span class='ocrx_word' id='word_1_402' title='bbox 859 2157 925 2176; x_wconf 88' lang='lat' dir='ltr'><strong>suas</strong></span> <span class='ocrx_word' id='word_1_403' title='bbox 938 2149 963 2176; x_wconf 95' lang='lat' dir='ltr'><strong>in</strong></span> <span class='ocrx_word' id='word_1_404' title='bbox 978 2149 1052 2184; x_wconf 54' lang='lat' dir='ltr'><strong>igne}</strong></span> 
     </span>
    </p>
   </div>
   <div class='ocr_carea' id='block_1_48' title="bbox 1096 225 1887 261">
    <p class='ocr_par' dir='ltr' id='par_1_48' title="bbox 1096 225 1887 261">
     <span class='ocr_line' id='line_1_48' title="bbox 1096 225 1887 261; baseline 0.005 -9"><span class='ocrx_word' id='word_1_405' title='bbox 1096 226 1194 260; x_wconf 86' lang='lat' dir='ltr'><strong>pclient</strong></span> <span class='ocrx_word' id='word_1_406' title='bbox 1210 227 1236 252; x_wconf 93' lang='lat' dir='ltr'><strong>in</strong></span> <span class='ocrx_word' id='word_1_407' title='bbox 1249 225 1404 261; x_wconf 84' lang='lat' dir='ltr'><strong>Thaphetb,</strong></span> <span class='ocrx_word' id='word_1_408' title='bbox 1417 234 1449 253; x_wconf 88' lang='lat' dir='ltr'><strong>eo</strong></span> <span class='ocrx_word' id='word_1_409' title='bbox 1468 226 1540 261; x_wconf 79' lang='lat' dir='ltr'><strong>quod</strong></span> <span class='ocrx_word' id='word_1_410' title='bbox 1559 235 1613 254; x_wconf 89' lang='lat' dir='ltr'><strong>non</strong></span> <span class='ocrx_word' id='word_1_411' title='bbox 1627 227 1663 254; x_wconf 86' lang='lat' dir='ltr'><strong>sit</strong></span> <span class='ocrx_word' id='word_1_412' title='bbox 1681 229 1779 255; x_wconf 86' lang='lat' dir='ltr'><strong>locus:</strong></span> <span class='ocrx_word' id='word_1_413' title='bbox 1797 229 1842 256; x_wconf 74' lang='lat'><strong>33.</strong></span> <span class='ocrx_word' id='word_1_414' title='bbox 1860 236 1887 256; x_wconf 85' lang='lat' dir='ltr'><strong>et</strong></span> 
     </span>
    </p>
   </div>
   <div class='ocr_carea' id='block_1_49' title="bbox 1095 273 1888 307">
    <p class='ocr_par' dir='ltr' id='par_1_49' title="bbox 1095 273 1888 307">
     <span class='ocr_line' id='line_1_49' title="bbox 1095 273 1888 307; baseline 0.006 -10"><span class='ocrx_word' id='word_1_415' title='bbox 1095 276 1175 298; x_wconf 87' lang='lat' dir='ltr'><strong>erttnt</strong></span> <span class='ocrx_word' id='word_1_416' title='bbox 1188 273 1287 299; x_wconf 89' lang='lat' dir='ltr'><strong>mortui</strong></span> <span class='ocrx_word' id='word_1_417' title='bbox 1304 273 1396 306; x_wconf 85' lang='lat' dir='ltr'><strong>populi</strong></span> <span class='ocrx_word' id='word_1_418' title='bbox 1411 273 1492 306; x_wconf 87' lang='lat' dir='ltr'><strong>hujus</strong></span> <span class='ocrx_word' id='word_1_419' title='bbox 1510 273 1588 300; x_wconf 92' lang='lat' dir='ltr'><strong>cibus</strong></span> <span class='ocrx_word' id='word_1_420' title='bbox 1604 273 1761 300; x_wconf 86' lang='lat' dir='ltr'><strong>volucribus</strong></span> <span class='ocrx_word' id='word_1_421' title='bbox 1772 275 1845 307; x_wconf 58' lang='lat' dir='ltr'><strong>coeli,</strong></span> <span class='ocrx_word' id='word_1_422' title='bbox 1861 281 1888 302; x_wconf 71' lang='lat' dir='ltr'><strong>ct</strong></span> 
     </span>
    </p>
   </div>
   <div class='ocr_carea' id='block_1_50' title="bbox 1096 318 1888 353">
    <p class='ocr_par' dir='ltr' id='par_1_50' title="bbox 1096 318 1888 353">
     <span class='ocr_line' id='line_1_50' title="bbox 1096 318 1888 353; baseline 0.005 -9"><span class='ocrx_word' id='word_1_423' title='bbox 1096 318 1189 344; x_wconf 87' lang='lat' dir='ltr'><strong>bestiis</strong></span> <span class='ocrx_word' id='word_1_424' title='bbox 1203 323 1280 345; x_wconf 78' lang='lat' dir='ltr'><strong>terrae</strong></span> <span class='ocrx_word' id='word_1_425' title='bbox 1296 328 1301 345; x_wconf 86' lang='lat'>:</span> <span class='ocrx_word' id='word_1_426' title='bbox 1322 323 1348 345; x_wconf 88' lang='lat' dir='ltr'><strong>et</strong></span> <span class='ocrx_word' id='word_1_427' title='bbox 1364 327 1417 345; x_wconf 93' lang='lat' dir='ltr'><strong>non</strong></span> <span class='ocrx_word' id='word_1_428' title='bbox 1435 319 1496 350; x_wconf 86' lang='lat' dir='ltr'><strong>erit,</strong></span> <span class='ocrx_word' id='word_1_429' title='bbox 1523 319 1569 353; x_wconf 92' lang='lat' dir='ltr'><strong>qui</strong></span> <span class='ocrx_word' id='word_1_430' title='bbox 1592 319 1699 346; x_wconf 90' lang='lat' dir='ltr'><strong>obviam</strong></span> <span class='ocrx_word' id='word_1_431' title='bbox 1721 324 1774 346; x_wconf 86' lang='lat' dir='ltr'><strong>eat.</strong></span> <span class='ocrx_word' id='word_1_432' title='bbox 1792 320 1836 347; x_wconf 67' lang='grc'><strong>54.</strong></span> <span class='ocrx_word' id='word_1_433' title='bbox 1857 320 1888 348; x_wconf 86' lang='lat' dir='ltr'><strong>Et</strong></span> 
     </span>
    </p>
   </div>
   <div class='ocr_carea' id='block_1_51' title="bbox 1096 363 1888 400">
    <p class='ocr_par' dir='ltr' id='par_1_51' title="bbox 1096 363 1888 400">
     <span class='ocr_line' id='line_1_51' title="bbox 1096 363 1888 400; baseline 0.005 -11"><span class='ocrx_word' id='word_1_434' title='bbox 1096 370 1205 389; x_wconf 88' lang='lat' dir='ltr'><strong>cessare</strong></span> <span class='ocrx_word' id='word_1_435' title='bbox 1225 363 1321 390; x_wconf 81' lang='lat' dir='ltr'><strong>faciam</strong></span> <span class='ocrx_word' id='word_1_436' title='bbox 1337 372 1369 391; x_wconf 89' lang='lat' dir='ltr'><strong>ex</strong></span> <span class='ocrx_word' id='word_1_437' title='bbox 1384 365 1499 392; x_wconf 84' lang='lat' dir='ltr'><strong>urbibus</strong></span> <span class='ocrx_word' id='word_1_438' title='bbox 1511 364 1599 397; x_wconf 60' lang='lat' dir='ltr'><strong>Judat,</strong></span> <span class='ocrx_word' id='word_1_439' title='bbox 1612 370 1639 392; x_wconf 88' lang='lat' dir='ltr'><strong>et</strong></span> <span class='ocrx_word' id='word_1_440' title='bbox 1651 373 1683 392; x_wconf 80' lang='lat' dir='ltr'><strong>ex</strong></span> <span class='ocrx_word' id='word_1_441' title='bbox 1697 366 1794 400; x_wconf 80' lang='lat' dir='ltr'><strong>plateis</strong></span> <span class='ocrx_word' id='word_1_442' title='bbox 1810 366 1888 393; x_wconf 83' lang='lat' dir='ltr'><strong>Jeru-</strong></span> 
     </span>
    </p>
   </div>
   <div class='ocr_carea' id='block_1_52' title="bbox 1097 407 1886 444">
    <p class='ocr_par' dir='ltr' id='par_1_52' title="bbox 1097 407 1886 444">
     <span class='ocr_line' id='line_1_52' title="bbox 1097 407 1886 444; baseline 0.005 -10"><span class='ocrx_word' id='word_1_443' title='bbox 1097 407 1180 434; x_wconf 87' lang='lat' dir='ltr'><strong>salem</strong></span> <span class='ocrx_word' id='word_1_444' title='bbox 1200 408 1237 442; x_wconf 70' lang='grc' dir='ltr'><strong>(ὁ)</strong></span> <span class='ocrx_word' id='word_1_445' title='bbox 1256 416 1349 435; x_wconf 81' lang='lat' dir='ltr'><strong>Vocem</strong></span> <span class='ocrx_word' id='word_1_446' title='bbox 1365 409 1525 437; x_wconf 65' lang='lat' dir='ltr'><strong>laetantium.</strong></span> <span class='ocrx_word' id='word_1_447' title='bbox 1541 415 1568 436; x_wconf 90' lang='lat' dir='ltr'><strong>et</strong></span> <span class='ocrx_word' id='word_1_448' title='bbox 1585 417 1678 436; x_wconf 86' lang='lat' dir='ltr'><strong>vocem</strong></span> <span class='ocrx_word' id='word_1_449' title='bbox 1700 411 1886 444; x_wconf 74' lang='lat' dir='ltr'><strong>gaudentium.</strong></span> 
     </span>
    </p>
   </div>
   <div class='ocr_carea' id='block_1_53' title="bbox 1098 454 1889 490">
    <p class='ocr_par' dir='ltr' id='par_1_53' title="bbox 1098 454 1889 490">
     <span class='ocr_line' id='line_1_53' title="bbox 1098 454 1889 490; baseline 0.006 -12"><span class='ocrx_word' id='word_1_450' title='bbox 1098 461 1190 480; x_wconf 78' lang='lat' dir='ltr'><strong>vocem</strong></span> <span class='ocrx_word' id='word_1_451' title='bbox 1206 454 1309 488; x_wconf 83' lang='lat' dir='ltr'><strong>sponsi,</strong></span> <span class='ocrx_word' id='word_1_452' title='bbox 1324 459 1349 481; x_wconf 84' lang='lat' dir='ltr'><strong>et</strong></span> <span class='ocrx_word' id='word_1_453' title='bbox 1363 463 1454 482; x_wconf 85' lang='lat' dir='ltr'><strong>vocem</strong></span> <span class='ocrx_word' id='word_1_454' title='bbox 1467 463 1589 489; x_wconf 71' lang='lat' dir='ltr'><strong>sponsae;</strong></span> <span class='ocrx_word' id='word_1_455' title='bbox 1600 456 1698 490; x_wconf 88' lang='lat' dir='ltr'><strong>quiain</strong></span> <span class='ocrx_word' id='word_1_456' title='bbox 1709 457 1889 484; x_wconf 86' lang='lat' dir='ltr'><strong>vastationem</strong></span> 
     </span>
    </p>
   </div>
   <div class='ocr_carea' id='block_1_54' title="bbox 1097 501 1251 527">
    <p class='ocr_par' dir='ltr' id='par_1_54' title="bbox 1097 501 1251 527">
     <span class='ocr_line' id='line_1_54' title="bbox 1097 501 1251 527; baseline -0.006 0"><span class='ocrx_word' id='word_1_457' title='bbox 1097 501 1148 527; x_wconf 88' lang='lat' dir='ltr'><strong>erit</strong></span> <span class='ocrx_word' id='word_1_458' title='bbox 1169 505 1251 526; x_wconf 86' lang='lat' dir='ltr'><strong>terra.</strong></span> 
     </span>
    </p>
   </div>
   <div class='ocr_carea' id='block_1_55' title="bbox 1133 545 1887 580">
    <p class='ocr_par' dir='ltr' id='par_1_55' title="bbox 1133 545 1887 580">
     <span class='ocr_line' id='line_1_55' title="bbox 1133 545 1887 580; baseline 0.004 -9"><span class='ocrx_word' id='word_1_459' title='bbox 1133 545 1208 571; x_wconf 69' lang='lat' dir='ltr'><strong>CAP.</strong></span> <span class='ocrx_word' id='word_1_460' title='bbox 1224 545 1291 572; x_wconf 84' lang='lat' dir='ltr'><strong>Vlll.</strong></span> <span class='ocrx_word' id='word_1_461' title='bbox 1304 561 1337 566; x_wconf 87' lang='lat'><strong><em>—</em></strong></span> <span class='ocrx_word' id='word_1_462' title='bbox 1350 546 1373 572; x_wconf 83' lang='lat' dir='ltr'><strong>l.</strong></span> <span class='ocrx_word' id='word_1_463' title='bbox 1396 545 1424 572; x_wconf 91' lang='lat' dir='ltr'><strong>lu</strong></span> <span class='ocrx_word' id='word_1_464' title='bbox 1443 551 1564 580; x_wconf 87' lang='lat' dir='ltr'><strong>tempore</strong></span> <span class='ocrx_word' id='word_1_465' title='bbox 1586 547 1642 579; x_wconf 89' lang='lat' dir='ltr'><strong>illo,</strong></span> <span class='ocrx_word' id='word_1_466' title='bbox 1660 547 1725 574; x_wconf 75' lang='lat' dir='ltr'><strong>dicit</strong></span> <span class='ocrx_word' id='word_1_467' title='bbox 1743 547 1887 579; x_wconf 86' lang='lat' dir='ltr'><strong>Dominus,</strong></span> 
     </span>
    </p>
   </div>
   <div class='ocr_carea' id='block_1_56' title="bbox 1098 592 1888 629">
    <p class='ocr_par' dir='ltr' id='par_1_56' title="bbox 1098 592 1888 629">
     <span class='ocr_line' id='line_1_56' title="bbox 1098 592 1888 629; baseline 0.005 -10"><span class='ocrx_word' id='word_1_468' title='bbox 1098 592 1209 619; x_wconf 83' lang='lat' dir='ltr'><strong>elferent</strong></span> <span class='ocrx_word' id='word_1_469' title='bbox 1221 601 1282 620; x_wconf 86' lang='lat' dir='ltr'><strong>ossa</strong></span> <span class='ocrx_word' id='word_1_470' title='bbox 1301 601 1394 628; x_wconf 79' lang='lat' dir='ltr'><strong>regum</strong></span> <span class='ocrx_word' id='word_1_471' title='bbox 1409 592 1494 624; x_wconf 75' lang='lat' dir='ltr'><strong>Judaa,</strong></span> <span class='ocrx_word' id='word_1_472' title='bbox 1516 597 1543 620; x_wconf 88' lang='lat' dir='ltr'><strong>et</strong></span> <span class='ocrx_word' id='word_1_473' title='bbox 1563 601 1625 620; x_wconf 88' lang='lat' dir='ltr'><strong>ossa</strong></span> <span class='ocrx_word' id='word_1_474' title='bbox 1650 594 1803 629; x_wconf 87' lang='lat' dir='ltr'><strong>principum</strong></span> <span class='ocrx_word' id='word_1_475' title='bbox 1816 595 1888 628; x_wconf 83' lang='lat' dir='ltr'><strong>ejus.</strong></span> 
     </span>
    </p>
   </div>
   <div class='ocr_carea' id='block_1_57' title="bbox 1098 638 1888 673">
    <p class='ocr_par' dir='ltr' id='par_1_57' title="bbox 1098 638 1888 673">
     <span class='ocr_line' id='line_1_57' title="bbox 1098 638 1888 673; baseline 0.004 -9"><span class='ocrx_word' id='word_1_476' title='bbox 1098 642 1124 664; x_wconf 86' lang='lat' dir='ltr'><strong>et</strong></span> <span class='ocrx_word' id='word_1_477' title='bbox 1146 645 1208 664; x_wconf 84' lang='lat' dir='ltr'><strong>ossa</strong></span> <span class='ocrx_word' id='word_1_478' title='bbox 1225 638 1397 665; x_wconf 87' lang='lat' dir='ltr'><strong>sacerdotum</strong></span> <span class='ocrx_word' id='word_1_479' title='bbox 1414 644 1441 665; x_wconf 86' lang='lat' dir='ltr'><strong>et</strong></span> <span class='ocrx_word' id='word_1_480' title='bbox 1463 645 1524 664; x_wconf 82' lang='lat' dir='ltr'><strong>ossa</strong></span> <span class='ocrx_word' id='word_1_481' title='bbox 1547 639 1754 673; x_wconf 86' lang='lat' dir='ltr'><strong>prophetarum,</strong></span> <span class='ocrx_word' id='word_1_482' title='bbox 1778 644 1805 665; x_wconf 77' lang='lat' dir='ltr'><strong>et</strong></span> <span class='ocrx_word' id='word_1_483' title='bbox 1824 647 1888 667; x_wconf 82' lang='lat' dir='ltr'><strong>ossa</strong></span> 
     </span>
    </p>
   </div>
   <div class='ocr_carea' id='block_1_58' title="bbox 1098 684 1874 719">
    <p class='ocr_par' dir='ltr' id='par_1_58' title="bbox 1098 684 1874 719">
     <span class='ocr_line' id='line_1_58' title="bbox 1098 684 1874 719; baseline 0.004 -9"><span class='ocrx_word' id='word_1_484' title='bbox 1098 691 1192 710; x_wconf 88' lang='lat' dir='ltr'><strong>eorum</strong></span> <span class='ocrx_word' id='word_1_485' title='bbox 1206 684 1252 718; x_wconf 88' lang='lat' dir='ltr'><strong>qui</strong></span> <span class='ocrx_word' id='word_1_486' title='bbox 1273 684 1396 710; x_wconf 85' lang='lat' dir='ltr'><strong>habitant</strong></span> <span class='ocrx_word' id='word_1_487' title='bbox 1412 684 1438 710; x_wconf 93' lang='lat' dir='ltr'><strong>in</strong></span> <span class='ocrx_word' id='word_1_488' title='bbox 1454 684 1619 717; x_wconf 78' lang='lat' dir='ltr'><strong>Jerusalem,</strong></span> <span class='ocrx_word' id='word_1_489' title='bbox 1640 692 1672 711; x_wconf 81' lang='lat' dir='ltr'><strong>ex</strong></span> <span class='ocrx_word' id='word_1_490' title='bbox 1693 685 1827 719; x_wconf 80' lang='lat' dir='ltr'><strong>sepulcris</strong></span> <span class='ocrx_word' id='word_1_491' title='bbox 1842 693 1874 713; x_wconf 86' lang='lat' dir='ltr'><strong>eo</strong></span> 
     </span>
    </p>
   </div>
   <div class='ocr_carea' id='block_1_59' title="bbox 1099 729 1889 764">
    <p class='ocr_par' dir='ltr' id='par_1_59' title="bbox 1099 729 1889 764">
     <span class='ocr_line' id='line_1_59' title="bbox 1099 729 1889 764; baseline 0.001 -8"><span class='ocrx_word' id='word_1_492' title='bbox 1099 737 1170 760; x_wconf 91' lang='lat' dir='ltr'><strong>rum,</strong></span> <span class='ocrx_word' id='word_1_493' title='bbox 1184 730 1212 755; x_wconf 77' lang='lat'><strong>2.</strong></span> <span class='ocrx_word' id='word_1_494' title='bbox 1225 734 1251 755; x_wconf 89' lang='lat' dir='ltr'><strong>et</strong></span> <span class='ocrx_word' id='word_1_495' title='bbox 1265 729 1421 763; x_wconf 76' lang='lat' dir='ltr'><strong>cxpaudent</strong></span> <span class='ocrx_word' id='word_1_496' title='bbox 1433 737 1464 755; x_wconf 86' lang='lat' dir='ltr'><strong>ea</strong></span> <span class='ocrx_word' id='word_1_497' title='bbox 1484 729 1518 764; x_wconf 79' lang='grc' dir='ltr'><strong>(ε)</strong></span> <span class='ocrx_word' id='word_1_498' title='bbox 1533 730 1566 756; x_wconf 88' lang='lat' dir='ltr'><strong>ad</strong></span> <span class='ocrx_word' id='word_1_499' title='bbox 1584 730 1680 762; x_wconf 89' lang='lat' dir='ltr'><strong>solem,</strong></span> <span class='ocrx_word' id='word_1_500' title='bbox 1698 736 1729 756; x_wconf 76' lang='grc' dir='ltr'><strong>-ι-</strong></span> <span class='ocrx_word' id='word_1_501' title='bbox 1747 734 1773 756; x_wconf 90' lang='lat' dir='ltr'><strong>et</strong></span> <span class='ocrx_word' id='word_1_502' title='bbox 1793 731 1825 757; x_wconf 77' lang='lat' dir='ltr'><strong>ad</strong></span> <span class='ocrx_word' id='word_1_503' title='bbox 1847 731 1889 757; x_wconf 82' lang='lat' dir='ltr'><strong>lu-</strong></span> 
     </span>
    </p>
   </div>
   <div class='ocr_carea' id='block_1_60' title="bbox 1098 774 1888 809">
    <p class='ocr_par' dir='ltr' id='par_1_60' title="bbox 1098 774 1888 809">
     <span class='ocr_line' id='line_1_60' title="bbox 1098 774 1888 809; baseline 0.003 -9"><span class='ocrx_word' id='word_1_504' title='bbox 1098 782 1172 805; x_wconf 90' lang='lat' dir='ltr'><strong>nam,</strong></span> <span class='ocrx_word' id='word_1_505' title='bbox 1184 778 1210 801; x_wconf 89' lang='lat' dir='ltr'><strong>et</strong></span> <span class='ocrx_word' id='word_1_506' title='bbox 1222 775 1254 800; x_wconf 88' lang='lat' dir='ltr'><strong>ad</strong></span> <span class='ocrx_word' id='word_1_507' title='bbox 1271 782 1367 800; x_wconf 79' lang='lat' dir='ltr'><strong>omnes</strong></span> <span class='ocrx_word' id='word_1_508' title='bbox 1382 774 1474 802; x_wconf 81' lang='lat' dir='ltr'><strong>stellas</strong></span> <span class='ocrx_word' id='word_1_509' title='bbox 1489 775 1511 809; x_wconf 92' lang='lat'><strong>1,</strong></span> <span class='ocrx_word' id='word_1_510' title='bbox 1532 780 1558 801; x_wconf 88' lang='lat' dir='ltr'><strong>et</strong></span> <span class='ocrx_word' id='word_1_511' title='bbox 1581 775 1613 801; x_wconf 90' lang='lat' dir='ltr'><strong>ad</strong></span> <span class='ocrx_word' id='word_1_512' title='bbox 1639 783 1746 802; x_wconf 86' lang='lat' dir='ltr'><strong>onmem</strong></span> <span class='ocrx_word' id='word_1_513' title='bbox 1764 776 1888 803; x_wconf 83' lang='lat' dir='ltr'><strong>militiam</strong></span> 
     </span>
    </p>
   </div>
   <div class='ocr_carea' id='block_1_61' title="bbox 1099 820 1888 854">
    <p class='ocr_par' dir='ltr' id='par_1_61' title="bbox 1099 820 1888 854">
     <span class='ocr_line' id='line_1_61' title="bbox 1099 820 1888 854; baseline 0.003 -8"><span class='ocrx_word' id='word_1_514' title='bbox 1099 820 1172 852; x_wconf 70' lang='lat' dir='ltr'><strong>cteli,</strong></span> <span class='ocrx_word' id='word_1_515' title='bbox 1184 827 1244 854; x_wconf 78' lang='lat' dir='ltr'><strong>quae</strong></span> <span class='ocrx_word' id='word_1_516' title='bbox 1259 824 1396 852; x_wconf 81' lang='lat' dir='ltr'><strong>amarunt,</strong></span> <span class='ocrx_word' id='word_1_517' title='bbox 1414 825 1441 847; x_wconf 90' lang='lat' dir='ltr'><strong>et</strong></span> <span class='ocrx_word' id='word_1_518' title='bbox 1460 820 1560 854; x_wconf 90' lang='lat' dir='ltr'><strong>quibus</strong></span> <span class='ocrx_word' id='word_1_519' title='bbox 1581 821 1724 848; x_wconf 86' lang='lat' dir='ltr'><strong>coluerunt</strong></span> <span class='ocrx_word' id='word_1_520' title='bbox 1735 822 1888 853; x_wconf 80' lang='lat' dir='ltr'><strong>servitium,</strong></span> 
     </span>
    </p>
   </div>
   <div class='ocr_carea' id='block_1_62' title="bbox 1101 865 1890 901">
    <p class='ocr_par' dir='ltr' id='par_1_62' title="bbox 1101 865 1890 901">
     <span class='ocr_line' id='line_1_62' title="bbox 1101 865 1890 901; baseline 0.001 -10"><span class='ocrx_word' id='word_1_521' title='bbox 1101 870 1128 891; x_wconf 90' lang='lat' dir='ltr'><strong>et</strong></span> <span class='ocrx_word' id='word_1_522' title='bbox 1142 872 1212 900; x_wconf 91' lang='lat' dir='ltr'><strong>quos</strong></span> <span class='ocrx_word' id='word_1_523' title='bbox 1225 865 1400 892; x_wconf 88' lang='lat' dir='ltr'><strong>ambttlarunt</strong></span> <span class='ocrx_word' id='word_1_524' title='bbox 1417 870 1478 900; x_wconf 89' lang='lat' dir='ltr'><strong>post</strong></span> <span class='ocrx_word' id='word_1_525' title='bbox 1499 873 1557 898; x_wconf 84' lang='lat' dir='ltr'><strong>eos,</strong></span> <span class='ocrx_word' id='word_1_526' title='bbox 1574 872 1600 893; x_wconf 89' lang='lat' dir='ltr'><strong>et</strong></span> <span class='ocrx_word' id='word_1_527' title='bbox 1616 866 1718 900; x_wconf 86' lang='lat' dir='ltr'><strong>quibus</strong></span> <span class='ocrx_word' id='word_1_528' title='bbox 1736 866 1775 901; x_wconf 82' lang='lat' dir='ltr'><strong>(d)</strong></span> <span class='ocrx_word' id='word_1_529' title='bbox 1796 866 1890 893; x_wconf 70' lang='lat' dir='ltr'><strong>adhae-</strong></span> 
     </span>
    </p>
   </div>
   <div class='ocr_carea' id='block_1_63' title="bbox 1102 910 1890 946">
    <p class='ocr_par' dir='ltr' id='par_1_63' title="bbox 1102 910 1890 946">
     <span class='ocr_line' id='line_1_63' title="bbox 1102 910 1890 946; baseline 0.001 -9"><span class='ocrx_word' id='word_1_530' title='bbox 1102 916 1205 941; x_wconf 80' lang='lat' dir='ltr'><strong>serunt,</strong></span> <span class='ocrx_word' id='word_1_531' title='bbox 1217 915 1244 937; x_wconf 89' lang='lat' dir='ltr'><strong>et</strong></span> <span class='ocrx_word' id='word_1_532' title='bbox 1258 918 1318 944; x_wconf 79' lang='lat' dir='ltr'><strong>qtne</strong></span> <span class='ocrx_word' id='word_1_533' title='bbox 1332 910 1514 937; x_wconf 88' lang='lat' dir='ltr'><strong>adoraverunt</strong></span> <span class='ocrx_word' id='word_1_534' title='bbox 1529 918 1571 938; x_wconf 82' lang='lat' dir='ltr'><strong>ea.</strong></span> <span class='ocrx_word' id='word_1_535' title='bbox 1590 911 1624 945; x_wconf 74' lang='grc' dir='ltr'><em>(ε)</em></span> <span class='ocrx_word' id='word_1_536' title='bbox 1638 911 1698 938; x_wconf 83' lang='grc' dir='ltr'><strong>Νοη</strong></span> <span class='ocrx_word' id='word_1_537' title='bbox 1717 912 1890 946; x_wconf 71' lang='lat' dir='ltr'><strong>plangentur.</strong></span> 
     </span>
    </p>
   </div>
   <div class='ocr_carea' id='block_1_64' title="bbox 1097 956 1891 998">
    <p class='ocr_par' dir='ltr' id='par_1_64' title="bbox 1097 956 1891 998">
     <span class='ocr_line' id='line_1_64' title="bbox 1097 956 1891 998; baseline 0.004 -16"><span class='ocrx_word' id='word_1_538' title='bbox 1097 963 1189 998; x_wconf 86' lang='lat' dir='ltr'><strong>neque</strong></span> <span class='ocrx_word' id='word_1_539' title='bbox 1202 956 1378 990; x_wconf 86' lang='lat' dir='ltr'><strong>scpclientur:</strong></span> <span class='ocrx_word' id='word_1_540' title='bbox 1393 957 1427 990; x_wconf 74' lang='grc' dir='ltr'><strong>(ι’)</strong></span> <span class='ocrx_word' id='word_1_541' title='bbox 1448 957 1474 984; x_wconf 95' lang='lat' dir='ltr'><strong>in</strong></span> <span class='ocrx_word' id='word_1_542' title='bbox 1492 957 1640 984; x_wconf 90' lang='lat' dir='ltr'><strong>ludibrium</strong></span> <span class='ocrx_word' id='word_1_543' title='bbox 1656 966 1738 992; x_wconf 87' lang='lat' dir='ltr'><strong>super</strong></span> <span class='ocrx_word' id='word_1_544' title='bbox 1753 957 1823 985; x_wconf 86' lang='lat' dir='ltr'><strong>facie</strong></span> <span class='ocrx_word' id='word_1_545' title='bbox 1837 963 1891 985; x_wconf 82' lang='lat' dir='ltr'><strong>ter-</strong></span> 
     </span>
    </p>
   </div>
   <div class='ocr_carea' id='block_1_65' title="bbox 1100 1001 1894 1038">
    <p class='ocr_par' dir='ltr' id='par_1_65' title="bbox 1100 1001 1894 1038">
     <span class='ocr_line' id='line_1_65' title="bbox 1100 1001 1894 1038; baseline 0.004 -11"><span class='ocrx_word' id='word_1_546' title='bbox 1100 1009 1137 1027; x_wconf 73' lang='lat' dir='ltr'><strong>rze</strong></span> <span class='ocrx_word' id='word_1_547' title='bbox 1152 1006 1243 1028; x_wconf 84' lang='lat' dir='ltr'><strong>crunt.</strong></span> <span class='ocrx_word' id='word_1_548' title='bbox 1260 1002 1286 1028; x_wconf 82' lang='lat'><strong>5.</strong></span> <span class='ocrx_word' id='word_1_549' title='bbox 1304 1001 1372 1034; x_wconf 85' lang='lat' dir='ltr'><strong>Quia</strong></span> <span class='ocrx_word' id='word_1_550' title='bbox 1388 1002 1424 1037; x_wconf 70' lang='lat' dir='ltr'><strong>ig)</strong></span> <span class='ocrx_word' id='word_1_551' title='bbox 1448 1002 1587 1037; x_wconf 81' lang='lat' dir='ltr'><strong>elegerunt</strong></span> <span class='ocrx_word' id='word_1_552' title='bbox 1609 1007 1735 1035; x_wconf 80' lang='lat' dir='ltr'><strong>mortem,</strong></span> <span class='ocrx_word' id='word_1_553' title='bbox 1752 1011 1835 1038; x_wconf 88' lang='lat' dir='ltr'><strong>quam</strong></span> <span class='ocrx_word' id='word_1_554' title='bbox 1852 1004 1894 1030; x_wconf 83' lang='lat' dir='ltr'><strong>vi-</strong></span> 
     </span>
    </p>
   </div>
   <div class='ocr_carea' id='block_1_66' title="bbox 1102 1046 1890 1083">
    <p class='ocr_par' dir='ltr' id='par_1_66' title="bbox 1102 1046 1890 1083">
     <span class='ocr_line' id='line_1_66' title="bbox 1102 1046 1890 1083; baseline 0.006 -11"><span class='ocrx_word' id='word_1_555' title='bbox 1102 1051 1165 1073; x_wconf 91' lang='lat' dir='ltr'><strong>tam.</strong></span> <span class='ocrx_word' id='word_1_556' title='bbox 1185 1046 1217 1073; x_wconf 84' lang='lat' dir='ltr'><strong>Et</strong></span> <span class='ocrx_word' id='word_1_557' title='bbox 1242 1048 1370 1075; x_wconf 90' lang='lat' dir='ltr'><strong>omnibus</strong></span> <span class='ocrx_word' id='word_1_558' title='bbox 1397 1048 1530 1080; x_wconf 83' lang='lat' dir='ltr'><strong>residuis.</strong></span> <span class='ocrx_word' id='word_1_559' title='bbox 1554 1049 1599 1083; x_wconf 89' lang='lat' dir='ltr'><strong>qui</strong></span> <span class='ocrx_word' id='word_1_560' title='bbox 1626 1050 1711 1076; x_wconf 86' lang='lat' dir='ltr'><strong>relicti</strong></span> <span class='ocrx_word' id='word_1_561' title='bbox 1738 1048 1839 1077; x_wconf 87' lang='lat' dir='ltr'><strong>fuerint</strong></span> <span class='ocrx_word' id='word_1_562' title='bbox 1858 1057 1890 1076; x_wconf 71' lang='lat' dir='ltr'><strong>ex</strong></span> 
     </span>
    </p>
   </div>
   <div class='ocr_carea' id='block_1_67' title="bbox 1101 1093 1892 1129">
    <p class='ocr_par' dir='ltr' id='par_1_67' title="bbox 1101 1093 1892 1129">
     <span class='ocr_line' id='line_1_67' title="bbox 1101 1093 1892 1129; baseline 0.005 -11"><span class='ocrx_word' id='word_1_563' title='bbox 1101 1093 1275 1126; x_wconf 77' lang='lat' dir='ltr'><strong>generatione</strong></span> <span class='ocrx_word' id='word_1_564' title='bbox 1299 1094 1333 1128; x_wconf 56' lang='grc' dir='ltr'>Χ</span> <span class='ocrx_word' id='word_1_565' title='bbox 1352 1094 1422 1121; x_wconf 86' lang='lat' dir='ltr'><strong>mala</strong></span> <span class='ocrx_word' id='word_1_566' title='bbox 1443 1094 1454 1128; x_wconf 70' lang='grc' dir='ltr'>ζ</span> <span class='ocrx_word' id='word_1_567' title='bbox 1473 1094 1528 1125; x_wconf 91' lang='lat' dir='ltr'><strong>illa,</strong></span> <span class='ocrx_word' id='word_1_568' title='bbox 1558 1095 1595 1129; x_wconf 91' lang='grc' dir='ltr'><strong>(Ιι)</strong></span> <span class='ocrx_word' id='word_1_569' title='bbox 1615 1094 1641 1121; x_wconf 93' lang='lat' dir='ltr'><strong>in</strong></span> <span class='ocrx_word' id='word_1_570' title='bbox 1671 1095 1745 1121; x_wconf 83' lang='lat' dir='ltr'><strong>omni</strong></span> <span class='ocrx_word' id='word_1_571' title='bbox 1773 1095 1844 1127; x_wconf 81' lang='lat' dir='ltr'><strong>loco,</strong></span> <span class='ocrx_word' id='word_1_572' title='bbox 1858 1096 1892 1128; x_wconf 61' lang='grc' dir='ltr'>Χ</span> 
     </span>
    </p>
   </div>
   <div class='ocr_carea' id='block_1_68' title="bbox 1103 1138 1894 1174">
    <p class='ocr_par' dir='ltr' id='par_1_68' title="bbox 1103 1138 1894 1174">
     <span class='ocr_line' id='line_1_68' title="bbox 1103 1138 1894 1174; baseline 0.004 -11"><span class='ocrx_word' id='word_1_573' title='bbox 1103 1138 1146 1169; x_wconf 85' lang='lat' dir='ltr'><strong>iis,</strong></span> <span class='ocrx_word' id='word_1_574' title='bbox 1169 1138 1215 1172; x_wconf 89' lang='lat' dir='ltr'><strong>qui</strong></span> <span class='ocrx_word' id='word_1_575' title='bbox 1242 1139 1329 1166; x_wconf 76' lang='lat' dir='ltr'><strong>rrlicti</strong></span> <span class='ocrx_word' id='word_1_576' title='bbox 1354 1139 1456 1166; x_wconf 86' lang='lat' dir='ltr'><strong>fuerint</strong></span> <span class='ocrx_word' id='word_1_577' title='bbox 1479 1140 1503 1173; x_wconf 83' lang='lat'><strong>1,</strong></span> <span class='ocrx_word' id='word_1_578' title='bbox 1525 1139 1554 1174; x_wconf 83' lang='grc' dir='ltr'><strong>(ί)</strong></span> <span class='ocrx_word' id='word_1_579' title='bbox 1568 1147 1743 1174; x_wconf 88' lang='lat' dir='ltr'><strong>quocumque</strong></span> <span class='ocrx_word' id='word_1_580' title='bbox 1764 1140 1894 1174; x_wconf 77' lang='lat' dir='ltr'><strong>expuleto</strong></span> 
     </span>
    </p>
   </div>
   <div class='ocr_carea' id='block_1_69' title="bbox 1101 1184 1893 1218">
    <p class='ocr_par' dir='ltr' id='par_1_69' title="bbox 1101 1184 1893 1218">
     <span class='ocr_line' id='line_1_69' title="bbox 1101 1184 1893 1218; baseline 0.003 -8"><span class='ocrx_word' id='word_1_581' title='bbox 1101 1191 1148 1210; x_wconf 84' lang='lat' dir='ltr'><strong>eos</strong></span> <span class='ocrx_word' id='word_1_582' title='bbox 1161 1184 1236 1216; x_wconf 90' lang='lat' dir='ltr'><strong>illuc,</strong></span> <span class='ocrx_word' id='word_1_583' title='bbox 1252 1186 1285 1217; x_wconf 55' lang='lat' dir='ltr'>x</span> <span class='ocrx_word' id='word_1_584' title='bbox 1299 1184 1364 1211; x_wconf 89' lang='lat' dir='ltr'><strong>dicit</strong></span> <span class='ocrx_word' id='word_1_585' title='bbox 1379 1184 1514 1212; x_wconf 88' lang='lat' dir='ltr'><strong>Dominus</strong></span> <span class='ocrx_word' id='word_1_586' title='bbox 1534 1186 1666 1212; x_wconf 82' lang='lat' dir='ltr'><strong>virtutum</strong></span> <span class='ocrx_word' id='word_1_587' title='bbox 1684 1184 1707 1218; x_wconf 81' lang='lat'><strong>1.</strong></span> <span class='ocrx_word' id='word_1_588' title='bbox 1727 1186 1755 1211; x_wconf 67' lang='grc'><strong>4.</strong></span> <span class='ocrx_word' id='word_1_589' title='bbox 1772 1184 1805 1211; x_wconf 84' lang='lat' dir='ltr'><strong>Et</strong></span> <span class='ocrx_word' id='word_1_590' title='bbox 1819 1185 1893 1212; x_wconf 79' lang='lat' dir='ltr'><strong>dices</strong></span> 
     </span>
    </p>
   </div>
   <div class='ocr_carea' id='block_1_70' title="bbox 1101 1229 1894 1265">
    <p class='ocr_par' dir='ltr' id='par_1_70' title="bbox 1101 1229 1894 1265">
     <span class='ocr_line' id='line_1_70' title="bbox 1101 1229 1894 1265; baseline 0.003 -10"><span class='ocrx_word' id='word_1_591' title='bbox 1148 1229 1181 1256; x_wconf 86' lang='lat' dir='ltr'><strong>ad</strong></span> <span class='ocrx_word' id='word_1_592' title='bbox 1194 1237 1240 1256; x_wconf 77' lang='lat' dir='ltr'><strong>ros</strong></span> <span class='ocrx_word' id='word_1_593' title='bbox 1253 1230 1276 1263; x_wconf 83' lang='lat'><strong>1,</strong></span> <span class='ocrx_word' id='word_1_594' title='bbox 1288 1230 1360 1264; x_wconf 79' lang='lat' dir='ltr'><strong>quod</strong></span> <span class='ocrx_word' id='word_1_595' title='bbox 1375 1229 1431 1257; x_wconf 67' lang='lat' dir='ltr'><strong>haec</strong></span> <span class='ocrx_word' id='word_1_596' title='bbox 1447 1230 1512 1257; x_wconf 90' lang='lat' dir='ltr'><strong>dicit</strong></span> <span class='ocrx_word' id='word_1_597' title='bbox 1530 1229 1682 1258; x_wconf 88' lang='lat' dir='ltr'><strong>Dominus:</strong></span> <span class='ocrx_word' id='word_1_598' title='bbox 1697 1230 1765 1257; x_wconf 87' lang='lat' dir='ltr'><strong>Num</strong></span> <span class='ocrx_word' id='word_1_599' title='bbox 1780 1232 1826 1265; x_wconf 88' lang='lat' dir='ltr'><strong>qui</strong></span> <span class='ocrx_word' id='word_1_600' title='bbox 1847 1239 1894 1257; x_wconf 73' lang='lat' dir='ltr'><strong>ca-</strong></span> 
     </span>
    </p>
   </div>
   <div class='ocr_carea' id='block_1_71' title="bbox 1101 1275 1895 1310">
    <p class='ocr_par' dir='ltr' id='par_1_71' title="bbox 1101 1275 1895 1310">
     <span class='ocr_line' id='line_1_71' title="bbox 1101 1275 1895 1310; baseline 0.004 -10"><span class='ocrx_word' id='word_1_601' title='bbox 1101 1275 1151 1305; x_wconf 86' lang='lat' dir='ltr'><strong>dit,</strong></span> <span class='ocrx_word' id='word_1_602' title='bbox 1175 1282 1228 1301; x_wconf 92' lang='lat' dir='ltr'><strong>non</strong></span> <span class='ocrx_word' id='word_1_603' title='bbox 1253 1275 1383 1308; x_wconf 72' lang='lat' dir='ltr'><strong>resurgit?</strong></span> <span class='ocrx_word' id='word_1_604' title='bbox 1398 1275 1425 1301; x_wconf 80' lang='lat'><strong>5.</strong></span> <span class='ocrx_word' id='word_1_605' title='bbox 1448 1280 1495 1301; x_wconf 90' lang='lat' dir='ltr'><strong>aut</strong></span> <span class='ocrx_word' id='word_1_606' title='bbox 1510 1276 1556 1310; x_wconf 89' lang='lat' dir='ltr'><strong>qui</strong></span> <span class='ocrx_word' id='word_1_607' title='bbox 1572 1276 1694 1307; x_wconf 86' lang='lat' dir='ltr'><strong>dicessit,</strong></span> <span class='ocrx_word' id='word_1_608' title='bbox 1713 1283 1767 1303; x_wconf 87' lang='lat' dir='ltr'><strong>non</strong></span> <span class='ocrx_word' id='word_1_609' title='bbox 1789 1284 1818 1303; x_wconf 89' lang='lat' dir='ltr'><strong>se</strong></span> <span class='ocrx_word' id='word_1_610' title='bbox 1829 1284 1895 1303; x_wconf 85' lang='lat' dir='ltr'><strong>con-</strong></span> 
     </span>
    </p>
   </div>
   <div class='ocr_carea' id='block_1_72' title="bbox 1102 1320 1895 1356">
    <p class='ocr_par' dir='ltr' id='par_1_72' title="bbox 1102 1320 1895 1356">
     <span class='ocr_line' id='line_1_72' title="bbox 1102 1320 1895 1356; baseline 0.003 -9"><span class='ocrx_word' id='word_1_611' title='bbox 1102 1320 1216 1347; x_wconf 80' lang='lat' dir='ltr'><strong>vertet?</strong></span> <span class='ocrx_word' id='word_1_612' title='bbox 1236 1320 1326 1353; x_wconf 86' lang='lat' dir='ltr'><strong>Quare</strong></span> <span class='ocrx_word' id='word_1_613' title='bbox 1354 1328 1467 1348; x_wconf 87' lang='lat' dir='ltr'><strong>aversus</strong></span> <span class='ocrx_word' id='word_1_614' title='bbox 1494 1327 1536 1348; x_wconf 89' lang='lat' dir='ltr'><strong>est</strong></span> <span class='ocrx_word' id='word_1_615' title='bbox 1573 1322 1687 1356; x_wconf 88' lang='lat' dir='ltr'><strong>populus</strong></span> <span class='ocrx_word' id='word_1_616' title='bbox 1720 1322 1773 1354; x_wconf 87' lang='lat' dir='ltr'><strong>hic,</strong></span> <span class='ocrx_word' id='word_1_617' title='bbox 1804 1323 1837 1354; x_wconf 62' lang='grc' dir='ltr'><strong>ζῆ(</strong></span> <span class='ocrx_word' id='word_1_618' title='bbox 1868 1327 1895 1349; x_wconf 79' lang='lat' dir='ltr'><strong>et</strong></span> 
     </span>
    </p>
   </div>
   <div class='ocr_carea' id='block_1_73' title="bbox 1101 1365 1895 1402">
    <p class='ocr_par' dir='ltr' id='par_1_73' title="bbox 1101 1365 1895 1402">
     <span class='ocr_line' id='line_1_73' title="bbox 1101 1365 1895 1402; baseline 0.003 -10"><span class='ocrx_word' id='word_1_619' title='bbox 1101 1365 1252 1393; x_wconf 82' lang='lat' dir='ltr'><strong>Jerusalem</strong></span> <span class='ocrx_word' id='word_1_620' title='bbox 1271 1367 1282 1400; x_wconf 87' lang='lat'><strong>1</strong></span> <span class='ocrx_word' id='word_1_621' title='bbox 1305 1367 1447 1394; x_wconf 86' lang='lat' dir='ltr'><strong>aversione</strong></span> <span class='ocrx_word' id='word_1_622' title='bbox 1468 1367 1504 1402; x_wconf 70' lang='lat' dir='ltr'><strong>(It)</strong></span> <span class='ocrx_word' id='word_1_623' title='bbox 1523 1368 1688 1402; x_wconf 83' lang='lat' dir='ltr'><strong>importuna,</strong></span> <span class='ocrx_word' id='word_1_624' title='bbox 1709 1372 1736 1394; x_wconf 87' lang='lat' dir='ltr'><strong>et</strong></span> <span class='ocrx_word' id='word_1_625' title='bbox 1752 1368 1815 1394; x_wconf 84' lang='lat' dir='ltr'><strong>victi</strong></span> <span class='ocrx_word' id='word_1_626' title='bbox 1835 1366 1895 1394; x_wconf 81' lang='lat' dir='ltr'><strong>fuc-</strong></span> 
     </span>
    </p>
   </div>
   <div class='ocr_carea' id='block_1_74' title="bbox 1103 1412 1894 1445">
    <p class='ocr_par' dir='ltr' id='par_1_74' title="bbox 1103 1412 1894 1445">
     <span class='ocr_line' id='line_1_74' title="bbox 1103 1412 1894 1445; baseline 0 -7"><span class='ocrx_word' id='word_1_627' title='bbox 1103 1416 1167 1438; x_wconf 90' lang='lat' dir='ltr'><strong>runt</strong></span> <span class='ocrx_word' id='word_1_628' title='bbox 1182 1412 1208 1438; x_wconf 94' lang='lat' dir='ltr'><strong>in</strong></span> <span class='ocrx_word' id='word_1_629' title='bbox 1224 1412 1338 1439; x_wconf 87' lang='lat' dir='ltr'><strong>arbitrio</strong></span> <span class='ocrx_word' id='word_1_630' title='bbox 1353 1421 1415 1445; x_wconf 88' lang='lat' dir='ltr'><strong>stto,</strong></span> <span class='ocrx_word' id='word_1_631' title='bbox 1437 1418 1464 1440; x_wconf 86' lang='lat' dir='ltr'><strong>et</strong></span> <span class='ocrx_word' id='word_1_632' title='bbox 1488 1422 1542 1440; x_wconf 92' lang='lat' dir='ltr'><strong>non</strong></span> <span class='ocrx_word' id='word_1_633' title='bbox 1566 1414 1712 1441; x_wconf 86' lang='lat' dir='ltr'><strong>voluerunt</strong></span> <span class='ocrx_word' id='word_1_634' title='bbox 1732 1422 1762 1441; x_wconf 87' lang='lat' dir='ltr'><strong>se</strong></span> <span class='ocrx_word' id='word_1_635' title='bbox 1781 1420 1894 1441; x_wconf 86' lang='lat' dir='ltr'><strong>conver-</strong></span> 
     </span>
    </p>
   </div>
   <div class='ocr_carea' id='block_1_75' title="bbox 1104 1457 1896 1493">
    <p class='ocr_par' dir='ltr' id='par_1_75' title="bbox 1104 1457 1896 1493">
     <span class='ocr_line' id='line_1_75' title="bbox 1104 1457 1896 1493; baseline 0.001 -10"><span class='ocrx_word' id='word_1_636' title='bbox 1104 1462 1159 1484; x_wconf 87' lang='lat' dir='ltr'><strong>tere</strong></span> <span class='ocrx_word' id='word_1_637' title='bbox 1170 1457 1181 1484; x_wconf 69' lang='grc' dir='ltr'><strong>Τ</strong></span> <span class='ocrx_word' id='word_1_638' title='bbox 1194 1457 1220 1484; x_wconf 85' lang='grc'><strong>6.</strong></span> <span class='ocrx_word' id='word_1_639' title='bbox 1235 1458 1266 1493; x_wconf 87' lang='grc' dir='ltr'><strong>(Ι)</strong></span> <span class='ocrx_word' id='word_1_640' title='bbox 1282 1458 1420 1485; x_wconf 85' lang='lat' dir='ltr'><strong>Attenditc</strong></span> <span class='ocrx_word' id='word_1_641' title='bbox 1438 1468 1521 1492; x_wconf 87' lang='lat' dir='ltr'><strong>nunc,</strong></span> <span class='ocrx_word' id='word_1_642' title='bbox 1534 1464 1560 1486; x_wconf 91' lang='lat' dir='ltr'><strong>et</strong></span> <span class='ocrx_word' id='word_1_643' title='bbox 1571 1460 1672 1486; x_wconf 88' lang='lat' dir='ltr'><strong>audite.</strong></span> <span class='ocrx_word' id='word_1_644' title='bbox 1689 1458 1786 1485; x_wconf 85' lang='lat' dir='ltr'><strong>Nonne</strong></span> <span class='ocrx_word' id='word_1_645' title='bbox 1801 1459 1840 1485; x_wconf 87' lang='lat' dir='ltr'><strong>sic</strong></span> <span class='ocrx_word' id='word_1_646' title='bbox 1858 1459 1896 1484; x_wconf 87' lang='lat' dir='ltr'><strong>lo-</strong></span> 
     </span>
    </p>
   </div>
   <div class='ocr_carea' id='block_1_76' title="bbox 1103 1505 1896 1540">
    <p class='ocr_par' dir='ltr' id='par_1_76' title="bbox 1103 1505 1896 1540">
     <span class='ocr_line' id='line_1_76' title="bbox 1103 1505 1896 1540; baseline 0 -10"><span class='ocrx_word' id='word_1_647' title='bbox 1103 1509 1237 1538; x_wconf 92' lang='lat' dir='ltr'><strong>quuntur,</strong></span> <span class='ocrx_word' id='word_1_648' title='bbox 1257 1512 1310 1531; x_wconf 91' lang='lat' dir='ltr'><strong>non</strong></span> <span class='ocrx_word' id='word_1_649' title='bbox 1333 1510 1375 1531; x_wconf 87' lang='lat' dir='ltr'><strong>est</strong></span> <span class='ocrx_word' id='word_1_650' title='bbox 1396 1505 1489 1537; x_wconf 92' lang='lat' dir='ltr'><strong>homo,</strong></span> <span class='ocrx_word' id='word_1_651' title='bbox 1514 1505 1560 1540; x_wconf 92' lang='lat' dir='ltr'><strong>qui</strong></span> <span class='ocrx_word' id='word_1_652' title='bbox 1589 1505 1776 1540; x_wconf 69' lang='lat' dir='ltr'><strong>paenitentiam</strong></span> <span class='ocrx_word' id='word_1_653' title='bbox 1796 1509 1856 1539; x_wconf 77' lang='lat' dir='ltr'><strong>agat</strong></span> <span class='ocrx_word' id='word_1_654' title='bbox 1880 1511 1896 1530; x_wconf 83' lang='lat' dir='ltr'><strong>a</strong></span> 
     </span>
    </p>
   </div>
   <div class='ocr_carea' id='block_1_77' title="bbox 1108 1550 1897 1583">
    <p class='ocr_par' dir='ltr' id='par_1_77' title="bbox 1108 1550 1897 1583">
     <span class='ocr_line' id='line_1_77' title="bbox 1108 1550 1897 1583; baseline 0 -7"><span class='ocrx_word' id='word_1_655' title='bbox 1108 1550 1211 1576; x_wconf 86' lang='lat' dir='ltr'><strong>malitia</strong></span> <span class='ocrx_word' id='word_1_656' title='bbox 1225 1558 1286 1582; x_wconf 84' lang='lat' dir='ltr'><strong>sua,</strong></span> <span class='ocrx_word' id='word_1_657' title='bbox 1301 1550 1394 1578; x_wconf 88' lang='lat' dir='ltr'><strong>dicens</strong></span> <span class='ocrx_word' id='word_1_658' title='bbox 1414 1561 1420 1577; x_wconf 89' lang='lat'>:</span> <span class='ocrx_word' id='word_1_659' title='bbox 1443 1550 1511 1583; x_wconf 86' lang='lat' dir='ltr'><strong>Quid</strong></span> <span class='ocrx_word' id='word_1_660' title='bbox 1534 1551 1604 1578; x_wconf 84' lang='lat' dir='ltr'><strong>feci?</strong></span> <span class='ocrx_word' id='word_1_661' title='bbox 1618 1551 1741 1578; x_wconf 82' lang='lat' dir='ltr'><strong>Cessavit</strong></span> <span class='ocrx_word' id='word_1_662' title='bbox 1752 1558 1867 1577; x_wconf 89' lang='lat' dir='ltr'><strong>currens</strong></span> <span class='ocrx_word' id='word_1_663' title='bbox 1881 1557 1897 1576; x_wconf 86' lang='lat' dir='ltr'><strong>a</strong></span> 
     </span>
    </p>
   </div>
   <div class='ocr_carea' id='block_1_78' title="bbox 1106 1595 1898 1631">
    <p class='ocr_par' dir='ltr' id='par_1_78' title="bbox 1106 1595 1898 1631">
     <span class='ocr_line' id='line_1_78' title="bbox 1106 1595 1898 1631; baseline 0 -11"><span class='ocrx_word' id='word_1_664' title='bbox 1106 1602 1188 1621; x_wconf 90' lang='lat' dir='ltr'><strong>cursu</strong></span> <span class='ocrx_word' id='word_1_665' title='bbox 1209 1602 1269 1627; x_wconf 88' lang='lat' dir='ltr'><strong>Stto,</strong></span> <span class='ocrx_word' id='word_1_666' title='bbox 1288 1595 1359 1622; x_wconf 88' lang='lat' dir='ltr'><strong>sicut</strong></span> <span class='ocrx_word' id='word_1_667' title='bbox 1384 1603 1470 1629; x_wconf 86' lang='lat' dir='ltr'><strong>equus</strong></span> <span class='ocrx_word' id='word_1_668' title='bbox 1490 1596 1538 1631; x_wconf 72' lang='lat' dir='ltr'><strong>(tu)</strong></span> <span class='ocrx_word' id='word_1_669' title='bbox 1562 1596 1669 1622; x_wconf 84' lang='lat' dir='ltr'><strong>irruens</strong></span> <span class='ocrx_word' id='word_1_670' title='bbox 1686 1597 1730 1630; x_wconf 78' lang='grc'><strong>(⁸⁵)</strong></span> <span class='ocrx_word' id='word_1_671' title='bbox 1745 1595 1772 1621; x_wconf 91' lang='lat' dir='ltr'><strong>in</strong></span> <span class='ocrx_word' id='word_1_672' title='bbox 1791 1596 1898 1621; x_wconf 91' lang='lat' dir='ltr'><strong>hinnitu</strong></span> 
     </span>
    </p>
   </div>
   <div class='ocr_carea' id='block_1_79' title="bbox 1108 1640 1898 1678">
    <p class='ocr_par' dir='ltr' id='par_1_79' title="bbox 1108 1640 1898 1678">
     <span class='ocr_line' id='line_1_79' title="bbox 1108 1640 1898 1678; baseline 0 -10"><span class='ocrx_word' id='word_1_673' title='bbox 1108 1649 1170 1668; x_wconf 89' lang='lat' dir='ltr'><strong>suo.</strong></span> <span class='ocrx_word' id='word_1_674' title='bbox 1189 1641 1213 1668; x_wconf 90' lang='lat'><strong><em>7.</em></strong></span> <span class='ocrx_word' id='word_1_675' title='bbox 1232 1640 1264 1667; x_wconf 87' lang='lat' dir='ltr'><strong>Et</strong></span> <span class='ocrx_word' id='word_1_676' title='bbox 1280 1642 1318 1676; x_wconf 83' lang='grc' dir='ltr'><em>(η)</em></span> <span class='ocrx_word' id='word_1_677' title='bbox 1333 1642 1408 1668; x_wconf 76' lang='lat' dir='ltr'><strong>asida</strong></span> <span class='ocrx_word' id='word_1_678' title='bbox 1424 1642 1449 1668; x_wconf 92' lang='lat' dir='ltr'><strong>in</strong></span> <span class='ocrx_word' id='word_1_679' title='bbox 1466 1644 1536 1669; x_wconf 69' lang='lat' dir='ltr'><strong>caelo</strong></span> <span class='ocrx_word' id='word_1_680' title='bbox 1548 1643 1674 1678; x_wconf 83' lang='lat' dir='ltr'><strong>cognovit</strong></span> <span class='ocrx_word' id='word_1_681' title='bbox 1690 1647 1796 1676; x_wconf 78' lang='lat' dir='ltr'><strong>tempus</strong></span> <span class='ocrx_word' id='word_1_682' title='bbox 1806 1650 1898 1672; x_wconf 89' lang='lat' dir='ltr'><strong>suum,</strong></span> 
     </span>
    </p>
   </div>
   <div class='ocr_carea' id='block_1_80' title="bbox 1109 1687 1900 1722">
    <p class='ocr_par' dir='ltr' id='par_1_80' title="bbox 1109 1687 1900 1722">
     <span class='ocr_line' id='line_1_80' title="bbox 1109 1687 1900 1722; baseline 0.001 -9"><span class='ocrx_word' id='word_1_683' title='bbox 1109 1692 1208 1719; x_wconf 91' lang='lat' dir='ltr'><strong>turtur,</strong></span> <span class='ocrx_word' id='word_1_684' title='bbox 1227 1687 1263 1722; x_wconf 78' lang='grc' dir='ltr'><strong>(ο)</strong></span> <span class='ocrx_word' id='word_1_685' title='bbox 1279 1692 1305 1714; x_wconf 87' lang='lat' dir='ltr'><strong>et</strong></span> <span class='ocrx_word' id='word_1_686' title='bbox 1322 1688 1448 1717; x_wconf 85' lang='lat' dir='ltr'><strong>hirundo.</strong></span> <span class='ocrx_word' id='word_1_687' title='bbox 1470 1695 1495 1715; x_wconf 77' lang='grc' dir='ltr'><strong>-ιν</strong></span> <span class='ocrx_word' id='word_1_688' title='bbox 1526 1689 1639 1715; x_wconf 80' lang='lat' dir='ltr'><strong>avicula:</strong></span> <span class='ocrx_word' id='word_1_689' title='bbox 1661 1688 1717 1722; x_wconf 78' lang='lat' dir='ltr'><strong>agri</strong></span> <span class='ocrx_word' id='word_1_690' title='bbox 1734 1688 1746 1721; x_wconf 90' lang='lat'><strong>1</strong></span> <span class='ocrx_word' id='word_1_691' title='bbox 1764 1688 1900 1714; x_wconf 85' lang='lat' dir='ltr'><strong>custodie-</strong></span> 
     </span>
    </p>
   </div>
   <div class='ocr_carea' id='block_1_81' title="bbox 1108 1733 1901 1767">
    <p class='ocr_par' dir='ltr' id='par_1_81' title="bbox 1108 1733 1901 1767">
     <span class='ocr_line' id='line_1_81' title="bbox 1108 1733 1901 1767; baseline 0.001 -9"><span class='ocrx_word' id='word_1_692' title='bbox 1108 1737 1172 1759; x_wconf 92' lang='lat' dir='ltr'><strong>runt</strong></span> <span class='ocrx_word' id='word_1_693' title='bbox 1190 1734 1223 1766; x_wconf 67' lang='grc' dir='ltr'><strong>&gt;ί&lt;</strong></span> <span class='ocrx_word' id='word_1_694' title='bbox 1238 1737 1359 1767; x_wconf 87' lang='lat' dir='ltr'><strong>tempora</strong></span> <span class='ocrx_word' id='word_1_695' title='bbox 1375 1733 1385 1767; x_wconf 71' lang='grc' dir='ltr'>ζ</span> <span class='ocrx_word' id='word_1_696' title='bbox 1418 1734 1592 1767; x_wconf 80' lang='lat' dir='ltr'><strong>ingrcssuum</strong></span> <span class='ocrx_word' id='word_1_697' title='bbox 1620 1741 1732 1761; x_wconf 89' lang='lat' dir='ltr'><strong>suorum</strong></span> <span class='ocrx_word' id='word_1_698' title='bbox 1747 1743 1753 1760; x_wconf 90' lang='lat'>:</span> <span class='ocrx_word' id='word_1_699' title='bbox 1782 1733 1901 1767; x_wconf 77' lang='lat' dir='ltr'><strong>populus</strong></span> 
     </span>
    </p>
   </div>
   <div class='ocr_carea' id='block_1_82' title="bbox 1109 1780 1899 1815">
    <p class='ocr_par' dir='ltr' id='par_1_82' title="bbox 1109 1780 1899 1815">
     <span class='ocr_line' id='line_1_82' title="bbox 1109 1780 1899 1815; baseline 0.003 -11"><span class='ocrx_word' id='word_1_700' title='bbox 1109 1783 1198 1805; x_wconf 80' lang='lat' dir='ltr'><strong>autem</strong></span> <span class='ocrx_word' id='word_1_701' title='bbox 1207 1786 1283 1805; x_wconf 92' lang='lat' dir='ltr'><strong>meus</strong></span> <span class='ocrx_word' id='word_1_702' title='bbox 1296 1787 1348 1806; x_wconf 93' lang='lat' dir='ltr'><strong>non</strong></span> <span class='ocrx_word' id='word_1_703' title='bbox 1360 1780 1652 1815; x_wconf 82' lang='lat' dir='ltr'><strong>cognoveruntjudicia</strong></span> <span class='ocrx_word' id='word_1_704' title='bbox 1662 1780 1779 1807; x_wconf 89' lang='lat' dir='ltr'><strong>Domini.</strong></span> <span class='ocrx_word' id='word_1_705' title='bbox 1790 1780 1816 1807; x_wconf 90' lang='lat'><strong><em>8.</em></strong></span> <span class='ocrx_word' id='word_1_706' title='bbox 1824 1780 1899 1812; x_wconf 85' lang='lat' dir='ltr'><strong>Quo-</strong></span> 
     </span>
    </p>
   </div>
   <div class='ocr_carea' id='block_1_83' title="bbox 1109 1825 1900 1861">
    <p class='ocr_par' dir='ltr' id='par_1_83' title="bbox 1109 1825 1900 1861">
     <span class='ocr_line' id='line_1_83' title="bbox 1109 1825 1900 1861; baseline 0.001 -10"><span class='ocrx_word' id='word_1_707' title='bbox 1109 1825 1191 1852; x_wconf 84' lang='lat' dir='ltr'><strong>modo</strong></span> <span class='ocrx_word' id='word_1_708' title='bbox 1204 1825 1293 1852; x_wconf 86' lang='lat' dir='ltr'><strong>dicitis</strong></span> <span class='ocrx_word' id='word_1_709' title='bbox 1313 1834 1320 1852; x_wconf 92' lang='lat'>:</span> <span class='ocrx_word' id='word_1_710' title='bbox 1342 1826 1419 1859; x_wconf 86' lang='lat' dir='ltr'><strong>Quod</strong></span> <span class='ocrx_word' id='word_1_711' title='bbox 1441 1826 1579 1861; x_wconf 86' lang='lat' dir='ltr'><strong>sapientes</strong></span> <span class='ocrx_word' id='word_1_712' title='bbox 1605 1835 1701 1854; x_wconf 89' lang='lat' dir='ltr'><strong>sumus</strong></span> <span class='ocrx_word' id='word_1_713' title='bbox 1726 1835 1789 1859; x_wconf 86' lang='lat' dir='ltr'><strong>nos,</strong></span> <span class='ocrx_word' id='word_1_714' title='bbox 1814 1831 1840 1853; x_wconf 82' lang='lat' dir='ltr'><strong>rt</strong></span> <span class='ocrx_word' id='word_1_715' title='bbox 1858 1826 1900 1853; x_wconf 72' lang='lat' dir='ltr'><strong>lex</strong></span> 
     </span>
    </p>
   </div>
   <div class='ocr_carea' id='block_1_84' title="bbox 1110 1870 1901 1907">
    <p class='ocr_par' dir='ltr' id='par_1_84' title="bbox 1110 1870 1901 1907">
     <span class='ocr_line' id='line_1_84' title="bbox 1110 1870 1901 1907; baseline 0.001 -11"><span class='ocrx_word' id='word_1_716' title='bbox 1110 1870 1216 1897; x_wconf 87' lang='lat' dir='ltr'><strong>Domini</strong></span> <span class='ocrx_word' id='word_1_717' title='bbox 1230 1875 1271 1898; x_wconf 91' lang='lat' dir='ltr'><strong>est</strong></span> <span class='ocrx_word' id='word_1_718' title='bbox 1286 1872 1452 1899; x_wconf 90' lang='lat' dir='ltr'><strong>nobiscum?</strong></span> <span class='ocrx_word' id='word_1_719' title='bbox 1468 1874 1501 1906; x_wconf 64' lang='lat' dir='ltr'><strong>)af</strong></span> <span class='ocrx_word' id='word_1_720' title='bbox 1516 1872 1629 1907; x_wconf 83' lang='lat' dir='ltr'><strong>Propter</strong></span> <span class='ocrx_word' id='word_1_721' title='bbox 1646 1873 1697 1900; x_wconf 90' lang='lat' dir='ltr'><strong>hoc</strong></span> <span class='ocrx_word' id='word_1_722' title='bbox 1716 1872 1726 1906; x_wconf 75' lang='grc' dir='ltr'>ζ</span> <span class='ocrx_word' id='word_1_723' title='bbox 1752 1872 1778 1899; x_wconf 91' lang='lat' dir='ltr'><strong>in</strong></span> <span class='ocrx_word' id='word_1_724' title='bbox 1799 1880 1901 1898; x_wconf 89' lang='lat' dir='ltr'><strong>vanum</strong></span> 
     </span>
    </p>
   </div>
   <div class='ocr_carea' id='block_1_85' title="bbox 1110 1916 1902 1946">
    <p class='ocr_par' dir='ltr' id='par_1_85' title="bbox 1110 1916 1902 1946">
     <span class='ocr_line' id='line_1_85' title="bbox 1110 1916 1902 1946; baseline 0.001 -3"><span class='ocrx_word' id='word_1_725' title='bbox 1110 1916 1198 1944; x_wconf 88' lang='lat' dir='ltr'><strong>factus</strong></span> <span class='ocrx_word' id='word_1_726' title='bbox 1212 1922 1253 1944; x_wconf 88' lang='lat' dir='ltr'><strong>est</strong></span> <span class='ocrx_word' id='word_1_727' title='bbox 1270 1918 1391 1945; x_wconf 90' lang='lat' dir='ltr'><strong>calamus</strong></span> <span class='ocrx_word' id='word_1_728' title='bbox 1408 1920 1522 1945; x_wconf 76' lang='lat' dir='ltr'><strong>mendax</strong></span> <span class='ocrx_word' id='word_1_729' title='bbox 1543 1919 1653 1946; x_wconf 86' lang='lat' dir='ltr'><strong>scribis.</strong></span> <span class='ocrx_word' id='word_1_730' title='bbox 1679 1919 1706 1945; x_wconf 87' lang='lat'><strong><em>9.</em></strong></span> <span class='ocrx_word' id='word_1_731' title='bbox 1724 1917 1902 1945; x_wconf 82' lang='lat' dir='ltr'><strong>Erubuerunt</strong></span> 
     </span>
    </p>
   </div>
   <div class='ocr_carea' id='block_1_86' title="bbox 1110 1964 1902 1999">
    <p class='ocr_par' dir='ltr' id='par_1_86' title="bbox 1110 1964 1902 1999">
     <span class='ocr_line' id='line_1_86' title="bbox 1110 1964 1902 1999; baseline 0.001 -10"><span class='ocrx_word' id='word_1_732' title='bbox 1110 1964 1257 1997; x_wconf 80' lang='lat' dir='ltr'><strong>sapientes,</strong></span> <span class='ocrx_word' id='word_1_733' title='bbox 1271 1969 1440 1997; x_wconf 81' lang='lat' dir='ltr'><strong>expaverunt</strong></span> <span class='ocrx_word' id='word_1_734' title='bbox 1452 1985 1459 1996; x_wconf 84' lang='lat'><strong>,</strong></span> <span class='ocrx_word' id='word_1_735' title='bbox 1473 1970 1500 1991; x_wconf 86' lang='lat' dir='ltr'><strong>et</strong></span> <span class='ocrx_word' id='word_1_736' title='bbox 1519 1965 1589 1999; x_wconf 86' lang='lat' dir='ltr'><strong>capti</strong></span> <span class='ocrx_word' id='word_1_737' title='bbox 1604 1970 1687 1996; x_wconf 85' lang='lat' dir='ltr'><strong>sunt;</strong></span> <span class='ocrx_word' id='word_1_738' title='bbox 1706 1964 1771 1999; x_wconf 85' lang='lat' dir='ltr'><strong>quia</strong></span> <span class='ocrx_word' id='word_1_739' title='bbox 1787 1964 1902 1990; x_wconf 84' lang='lat' dir='ltr'><strong>verbum</strong></span> 
     </span>
    </p>
   </div>
   <div class='ocr_carea' id='block_1_87' title="bbox 1111 2008 1902 2044">
    <p class='ocr_par' dir='ltr' id='par_1_87' title="bbox 1111 2008 1902 2044">
     <span class='ocr_line' id='line_1_87' title="bbox 1111 2008 1902 2044; baseline 0.001 -11"><span class='ocrx_word' id='word_1_740' title='bbox 1111 2008 1218 2034; x_wconf 89' lang='lat' dir='ltr'><strong>Domini</strong></span> <span class='ocrx_word' id='word_1_741' title='bbox 1233 2008 1423 2042; x_wconf 85' lang='lat' dir='ltr'><strong>reprobarunt.</strong></span> <span class='ocrx_word' id='word_1_742' title='bbox 1450 2010 1488 2043; x_wconf 83' lang='lat' dir='ltr'><strong>(p)</strong></span> <span class='ocrx_word' id='word_1_743' title='bbox 1503 2009 1641 2044; x_wconf 86' lang='lat' dir='ltr'><strong>Sapientia</strong></span> <span class='ocrx_word' id='word_1_744' title='bbox 1664 2010 1701 2044; x_wconf 86' lang='lat' dir='ltr'><strong>(q)</strong></span> <span class='ocrx_word' id='word_1_745' title='bbox 1727 2016 1790 2044; x_wconf 67' lang='lat' dir='ltr'><strong>qua:</strong></span> <span class='ocrx_word' id='word_1_746' title='bbox 1811 2013 1854 2036; x_wconf 88' lang='lat' dir='ltr'><strong>est</strong></span> <span class='ocrx_word' id='word_1_747' title='bbox 1874 2010 1902 2035; x_wconf 89' lang='lat' dir='ltr'><strong>in</strong></span> 
     </span>
    </p>
   </div>
   <div class='ocr_carea' id='block_1_88' title="bbox 1110 2053 1902 2088">
    <p class='ocr_par' dir='ltr' id='par_1_88' title="bbox 1110 2053 1902 2088">
     <span class='ocr_line' id='line_1_88' title="bbox 1110 2053 1902 2088; baseline 0 -8"><span class='ocrx_word' id='word_1_748' title='bbox 1110 2054 1171 2080; x_wconf 84' lang='lat' dir='ltr'><strong>eis?</strong></span> <span class='ocrx_word' id='word_1_749' title='bbox 1187 2053 1228 2080; x_wconf 80' lang='grc'><strong>10.</strong></span> <span class='ocrx_word' id='word_1_750' title='bbox 1254 2053 1368 2088; x_wconf 86' lang='lat' dir='ltr'><strong>Propter</strong></span> <span class='ocrx_word' id='word_1_751' title='bbox 1389 2054 1441 2082; x_wconf 84' lang='lat' dir='ltr'><strong>hoc</strong></span> <span class='ocrx_word' id='word_1_752' title='bbox 1466 2055 1536 2081; x_wconf 90' lang='lat' dir='ltr'><strong>dabo</strong></span> <span class='ocrx_word' id='word_1_753' title='bbox 1559 2062 1657 2081; x_wconf 85' lang='lat' dir='ltr'><strong>uxores</strong></span> <span class='ocrx_word' id='word_1_754' title='bbox 1671 2062 1768 2081; x_wconf 88' lang='lat' dir='ltr'><strong>eorum</strong></span> <span class='ocrx_word' id='word_1_755' title='bbox 1783 2054 1856 2086; x_wconf 88' lang='lat' dir='ltr'><strong>aliis,</strong></span> <span class='ocrx_word' id='word_1_756' title='bbox 1875 2060 1902 2080; x_wconf 82' lang='lat' dir='ltr'><strong>ct</strong></span> 
     </span>
    </p>
   </div>
   <div class='ocr_carea' id='block_1_89' title="bbox 1111 2101 1904 2135">
    <p class='ocr_par' dir='ltr' id='par_1_89' title="bbox 1111 2101 1904 2135">
     <span class='ocr_line' id='line_1_89' title="bbox 1111 2101 1904 2135; baseline 0 -9"><span class='ocrx_word' id='word_1_757' title='bbox 1111 2108 1191 2135; x_wconf 78' lang='lat' dir='ltr'><strong>agros</strong></span> <span class='ocrx_word' id='word_1_758' title='bbox 1204 2107 1297 2127; x_wconf 89' lang='lat' dir='ltr'><strong>eorum</strong></span> <span class='ocrx_word' id='word_1_759' title='bbox 1315 2101 1467 2128; x_wconf 81' lang='lat' dir='ltr'><strong>haeredibus</strong></span> <span class='ocrx_word' id='word_1_760' title='bbox 1481 2110 1487 2127; x_wconf 84' lang='lat'><strong>:</strong></span> <span class='ocrx_word' id='word_1_761' title='bbox 1506 2102 1539 2134; x_wconf 44' lang='grc' dir='ltr'><em>Χ</em></span> <span class='ocrx_word' id='word_1_762' title='bbox 1555 2101 1617 2135; x_wconf 86' lang='lat' dir='ltr'><strong>quia</strong></span> <span class='ocrx_word' id='word_1_763' title='bbox 1632 2108 1646 2127; x_wconf 91' lang='lat' dir='ltr'><strong>a</strong></span> <span class='ocrx_word' id='word_1_764' title='bbox 1669 2108 1754 2135; x_wconf 84' lang='lat' dir='ltr'><strong>parvo</strong></span> <span class='ocrx_word' id='word_1_765' title='bbox 1767 2107 1862 2127; x_wconf 83' lang='lat' dir='ltr'><strong>eorum</strong></span> <span class='ocrx_word' id='word_1_766' title='bbox 1876 2105 1904 2126; x_wconf 84' lang='lat' dir='ltr'><strong>et</strong></span> 
     </span>
    </p>
   </div>
   <div class='ocr_carea' id='block_1_90' title="bbox 1112 2143 1903 2180">
    <p class='ocr_par' dir='ltr' id='par_1_90' title="bbox 1112 2143 1903 2180">
     <span class='ocr_line' id='line_1_90' title="bbox 1112 2143 1903 2180; baseline -0.004 -7"><span class='ocrx_word' id='word_1_767' title='bbox 1112 2153 1199 2180; x_wconf 83' lang='lat' dir='ltr'><strong>usque</strong></span> <span class='ocrx_word' id='word_1_768' title='bbox 1214 2146 1246 2173; x_wconf 87' lang='lat' dir='ltr'><strong>ad</strong></span> <span class='ocrx_word' id='word_1_769' title='bbox 1262 2154 1390 2179; x_wconf 80' lang='lat' dir='ltr'><strong>magnum</strong></span> <span class='ocrx_word' id='word_1_770' title='bbox 1407 2153 1502 2173; x_wconf 90' lang='lat' dir='ltr'><strong>eorum</strong></span> <span class='ocrx_word' id='word_1_771' title='bbox 1514 2146 1680 2180; x_wconf 87' lang='lat' dir='ltr'><strong>quicumque</strong></span> <span class='ocrx_word' id='word_1_772' title='bbox 1695 2145 1783 2171; x_wconf 90' lang='lat' dir='ltr'><strong>illudit</strong></span> <span class='ocrx_word' id='word_1_773' title='bbox 1795 2143 1903 2174; x_wconf 83' lang='lat' dir='ltr'><strong>fraude.</strong></span> 
     </span>
    </p>
   </div>
   <div class='ocr_carea' id='block_1_91' title="bbox 268 2191 1903 2229">
    <p class='ocr_par' dir='ltr' id='par_1_91' title="bbox 268 2191 1903 2229">
     <span class='ocr_line' id='line_1_91' title="bbox 268 2191 1903 2229; baseline 0 -12"><span class='ocrx_word' id='word_1_774' title='bbox 268 2192 339 2225; x_wconf 89' lang='lat' dir='ltr'><strong>quod</strong></span> <span class='ocrx_word' id='word_1_775' title='bbox 356 2200 409 2219; x_wconf 92' lang='lat' dir='ltr'><strong>non</strong></span> <span class='ocrx_word' id='word_1_776' title='bbox 425 2193 539 2227; x_wconf 62' lang='lat' dir='ltr'><strong>praecepi</strong></span> <span class='ocrx_word' id='word_1_777' title='bbox 551 2193 599 2224; x_wconf 85' lang='lat' dir='ltr'><strong>eis,</strong></span> <span class='ocrx_word' id='word_1_778' title='bbox 612 2201 700 2227; x_wconf 87' lang='lat' dir='ltr'><strong>neque</strong></span> <span class='ocrx_word' id='word_1_779' title='bbox 714 2194 829 2228; x_wconf 72' lang='lat' dir='ltr'><strong>cogitavi</strong></span> <span class='ocrx_word' id='word_1_780' title='bbox 845 2194 871 2220; x_wconf 91' lang='lat' dir='ltr'><strong>in</strong></span> <span class='ocrx_word' id='word_1_781' title='bbox 889 2194 972 2221; x_wconf 83' lang='lat' dir='ltr'><strong>corde</strong></span> <span class='ocrx_word' id='word_1_782' title='bbox 985 2203 1056 2221; x_wconf 90' lang='lat' dir='ltr'><strong>meo.</strong></span> <span class='ocrx_word' id='word_1_783' title='bbox 1075 2199 1096 2226; x_wconf 74' lang='grc' dir='ltr'><strong>η</strong></span> <span class='ocrx_word' id='word_1_784' title='bbox 1111 2202 1125 2220; x_wconf 88' lang='lat' dir='ltr'><strong>a</strong></span> <span class='ocrx_word' id='word_1_785' title='bbox 1142 2194 1272 2228; x_wconf 87' lang='lat' dir='ltr'><strong>propheta</strong></span> <span class='ocrx_word' id='word_1_786' title='bbox 1295 2201 1382 2229; x_wconf 87' lang='lat' dir='ltr'><strong>usque</strong></span> <span class='ocrx_word' id='word_1_787' title='bbox 1407 2194 1441 2220; x_wconf 88' lang='lat' dir='ltr'><strong>ad</strong></span> <span class='ocrx_word' id='word_1_788' title='bbox 1464 2194 1632 2221; x_wconf 89' lang='lat' dir='ltr'><strong>sacerdotetn</strong></span> <span class='ocrx_word' id='word_1_789' title='bbox 1656 2194 1824 2228; x_wconf 81' lang='lat' dir='ltr'><strong>quicumque</strong></span> <span class='ocrx_word' id='word_1_790' title='bbox 1837 2191 1903 2218; x_wconf 82' lang='lat' dir='ltr'><strong>facit</strong></span> 
     </span>
    </p>
   </div>
   <div class='ocr_carea' id='block_1_92' title="bbox 268 2238 1058 2273">
    <p class='ocr_par' dir='ltr' id='par_1_92' title="bbox 268 2238 1058 2273">
     <span class='ocr_line' id='line_1_92' title="bbox 268 2238 1058 2273; baseline 0.004 -9"><span class='ocrx_word' id='word_1_791' title='bbox 268 2239 313 2264; x_wconf 68' lang='grc'><strong>52.</strong></span> <span class='ocrx_word' id='word_1_792' title='bbox 330 2238 443 2273; x_wconf 78' lang='lat' dir='ltr'><strong>Propter</strong></span> <span class='ocrx_word' id='word_1_793' title='bbox 458 2240 510 2266; x_wconf 88' lang='lat' dir='ltr'><strong>hoc</strong></span> <span class='ocrx_word' id='word_1_794' title='bbox 525 2247 588 2266; x_wconf 89' lang='lat' dir='ltr'><strong>ecce</strong></span> <span class='ocrx_word' id='word_1_795' title='bbox 608 2240 666 2267; x_wconf 86' lang='lat' dir='ltr'><strong>dics</strong></span> <span class='ocrx_word' id='word_1_796' title='bbox 687 2240 809 2272; x_wconf 87' lang='lat' dir='ltr'><strong>veniunt,</strong></span> <span class='ocrx_word' id='word_1_797' title='bbox 828 2240 894 2267; x_wconf 86' lang='lat' dir='ltr'><strong>dicit</strong></span> <span class='ocrx_word' id='word_1_798' title='bbox 913 2240 1058 2271; x_wconf 78' lang='lat' dir='ltr'><strong>Dominus;</strong></span> 
     </span>
    </p>
   </div>
   <div class='ocr_carea' id='block_1_93' title="bbox 268 2284 1056 2320">
    <p class='ocr_par' dir='ltr' id='par_1_93' title="bbox 268 2284 1056 2320">
     <span class='ocr_line' id='line_1_93' title="bbox 268 2284 1056 2320; baseline 0 -8"><span class='ocrx_word' id='word_1_799' title='bbox 268 2289 363 2312; x_wconf 89' lang='lat' dir='ltr'><strong>etnon</strong></span> <span class='ocrx_word' id='word_1_800' title='bbox 386 2286 476 2312; x_wconf 91' lang='lat' dir='ltr'><strong>dicent</strong></span> <span class='ocrx_word' id='word_1_801' title='bbox 493 2285 620 2320; x_wconf 86' lang='lat' dir='ltr'><strong>amplius,</strong></span> <span class='ocrx_word' id='word_1_802' title='bbox 641 2286 694 2312; x_wconf 88' lang='lat' dir='ltr'><strong>Ara</strong></span> <span class='ocrx_word' id='word_1_803' title='bbox 723 2284 902 2320; x_wconf 87' lang='lat' dir='ltr'><strong>Thaphcthis,</strong></span> <span class='ocrx_word' id='word_1_804' title='bbox 927 2290 953 2312; x_wconf 92' lang='lat' dir='ltr'><strong>et</strong></span> <span class='ocrx_word' id='word_1_805' title='bbox 979 2286 1056 2313; x_wconf 89' lang='lat' dir='ltr'><strong>vallis</strong></span> 
     </span>
    </p>
   </div>
   <div class='ocr_carea' id='block_1_94' title="bbox 306 2431 558 2465">
    <p class='ocr_par' dir='ltr' id='par_1_94' title="bbox 306 2431 558 2465">
     <span class='ocr_line' id='line_1_94' title="bbox 306 2431 558 2465; baseline 0.008 -9"><span class='ocrx_word' id='word_1_806' title='bbox 306 2431 344 2465; x_wconf 83' lang='grc' dir='ltr'><em>(Ιι)</em></span> <span class='ocrx_word' id='word_1_807' title='bbox 369 2431 409 2462; x_wconf 81' lang='grc'><strong>8.,</strong></span> <span class='ocrx_word' id='word_1_808' title='bbox 430 2431 558 2465; x_wconf 77' lang='lat' dir='ltr'><strong>llepsunt.</strong></span> 
     </span>
    </p>
   </div>
   <div class='ocr_carea' id='block_1_95' title="bbox 270 2466 750 2500">
    <p class='ocr_par' dir='ltr' id='par_1_95' title="bbox 270 2466 750 2500">
     <span class='ocr_line' id='line_1_95' title="bbox 270 2466 750 2500; baseline 0.002 -9"><span class='ocrx_word' id='word_1_809' title='bbox 270 2470 355 2492; x_wconf 81' lang='lat' dir='ltr'><strong>ctum.</strong></span> <span class='ocrx_word' id='word_1_810' title='bbox 391 2468 425 2499; x_wconf 91' lang='lat' dir='ltr'><strong>(r)</strong></span> <span class='ocrx_word' id='word_1_811' title='bbox 440 2466 551 2500; x_wconf 73' lang='lat' dir='ltr'><strong>Reliqui,</strong></span> <span class='ocrx_word' id='word_1_812' title='bbox 574 2468 750 2493; x_wconf 83' lang='lat' dir='ltr'><strong>inclinarunt.</strong></span> 
     </span>
    </p>
   </div>
   <div class='ocr_carea' id='block_1_96' title="bbox 270 2501 654 2535">
    <p class='ocr_par' dir='ltr' id='par_1_96' title="bbox 270 2501 654 2535">
     <span class='ocr_line' id='line_1_96' title="bbox 270 2501 654 2535; baseline 0.005 -9"><span class='ocrx_word' id='word_1_813' title='bbox 270 2501 332 2534; x_wconf 91' lang='lat' dir='ltr'><strong>plus</strong></span> <span class='ocrx_word' id='word_1_814' title='bbox 345 2509 426 2535; x_wconf 88' lang='lat' dir='ltr'><strong>quam</strong></span> <span class='ocrx_word' id='word_1_815' title='bbox 444 2506 533 2535; x_wconf 85' lang='lat' dir='ltr'><strong>patres</strong></span> <span class='ocrx_word' id='word_1_816' title='bbox 548 2510 654 2528; x_wconf 90' lang='lat' dir='ltr'><strong>eorum.</strong></span> 
     </span>
    </p>
   </div>
   <div class='ocr_carea' id='block_1_97' title="bbox 270 2536 721 2563">
    <p class='ocr_par' dir='ltr' id='par_1_97' title="bbox 270 2536 721 2563">
     <span class='ocr_line' id='line_1_97' title="bbox 270 2536 721 2563; baseline 0.002 -2"><span class='ocrx_word' id='word_1_817' title='bbox 270 2536 460 2562; x_wconf 86' lang='lat' dir='ltr'><strong>rectitudinem</strong></span> <span class='ocrx_word' id='word_1_818' title='bbox 490 2536 721 2563; x_wconf 75' lang='lat' dir='ltr'><strong>lamentationem.</strong></span> 
     </span>
    </p>
   </div>
   <div class='ocr_carea' id='block_1_98' title="bbox 271 2570 615 2604">
    <p class='ocr_par' dir='ltr' id='par_1_98' title="bbox 271 2570 615 2604">
     <span class='ocr_line' id='line_1_98' title="bbox 271 2570 615 2604; baseline 0.009 -9"><span class='ocrx_word' id='word_1_819' title='bbox 271 2570 314 2602; x_wconf 85' lang='lat' dir='ltr'><strong>S.,</strong></span> <span class='ocrx_word' id='word_1_820' title='bbox 330 2571 438 2598; x_wconf 73' lang='lat' dir='ltr'><strong>excelsa</strong></span> <span class='ocrx_word' id='word_1_821' title='bbox 457 2570 615 2604; x_wconf 80' lang='lat' dir='ltr'><strong>&#39;l‘haplietis.</strong></span> 
     </span>
    </p>
   </div>
   <div class='ocr_carea' id='block_1_99' title="bbox 272 2605 768 2640">
    <p class='ocr_par' dir='ltr' id='par_1_99' title="bbox 272 2605 768 2640">
     <span class='ocr_line' id='line_1_99' title="bbox 272 2605 768 2640; baseline 0.006 -10"><span class='ocrx_word' id='word_1_822' title='bbox 272 2605 373 2631; x_wconf 63' lang='lat' dir='ltr'><strong>Dii/ten.</strong></span> <span class='ocrx_word' id='word_1_823' title='bbox 412 2606 451 2640; x_wconf 82' lang='grc' dir='ltr'><em>(α)</em></span> <span class='ocrx_word' id='word_1_824' title='bbox 467 2607 511 2637; x_wconf 79' lang='grc' dir='ltr'><strong>Α.,</strong></span> <span class='ocrx_word' id='word_1_825' title='bbox 527 2605 568 2636; x_wconf 80' lang='grc'><strong>8.,</strong></span> <span class='ocrx_word' id='word_1_826' title='bbox 588 2607 768 2633; x_wconf 88' lang='lat' dir='ltr'><strong>tnactationis.</strong></span> 
     </span>
    </p>
   </div>
   <div class='ocr_carea' id='block_1_100' title="bbox 233 2640 682 2675">
    <p class='ocr_par' dir='ltr' id='par_1_100' title="bbox 233 2640 682 2675">
     <span class='ocr_line' id='line_1_100' title="bbox 233 2640 682 2675; baseline 0.009 -11"><span class='ocrx_word' id='word_1_827' title='bbox 233 2669 237 2672; x_wconf 30' lang='lat'><strong><em>.</em></strong></span> <span class='ocrx_word' id='word_1_828' title='bbox 272 2640 312 2673; x_wconf 70' lang='lat' dir='ltr'><strong>td)</strong></span> <span class='ocrx_word' id='word_1_829' title='bbox 336 2640 380 2668; x_wconf 83' lang='grc' dir='ltr'><strong>Α..</strong></span> <span class='ocrx_word' id='word_1_830' title='bbox 401 2649 461 2673; x_wconf 53' lang='lat' dir='ltr'><strong>quae</strong></span> <span class='ocrx_word' id='word_1_831' title='bbox 486 2641 682 2675; x_wconf 65' lang='lat' dir='ltr'><strong>quaesiverunt.</strong></span> 
     </span>
    </p>
   </div>
   <div class='ocr_carea' id='block_1_101' title="bbox 271 2676 602 2710">
    <p class='ocr_par' dir='ltr' id='par_1_101' title="bbox 271 2676 602 2710">
     <span class='ocr_line' id='line_1_101' title="bbox 271 2676 602 2710; baseline 0.009 -11"><span class='ocrx_word' id='word_1_832' title='bbox 271 2682 347 2710; x_wconf 82' lang='lat' dir='ltr'><strong>mors</strong></span> <span class='ocrx_word' id='word_1_833' title='bbox 359 2676 429 2708; x_wconf 85' lang='lat' dir='ltr'><strong>plus,</strong></span> <span class='ocrx_word' id='word_1_834' title='bbox 441 2684 521 2710; x_wconf 77' lang='lat' dir='ltr'><strong>quam</strong></span> <span class='ocrx_word' id='word_1_835' title='bbox 537 2677 602 2703; x_wconf 91' lang='lat' dir='ltr'><strong>vita.</strong></span> 
     </span>
    </p>
   </div>
   <div class='ocr_carea' id='block_1_102' title="bbox 272 2709 819 2743">
    <p class='ocr_par' dir='ltr' id='par_1_102' title="bbox 272 2709 819 2743">
     <span class='ocr_line' id='line_1_102' title="bbox 272 2709 819 2743; baseline 0.005 -9"><span class='ocrx_word' id='word_1_836' title='bbox 272 2709 304 2740; x_wconf 72' lang='grc' dir='ltr'><strong>(Ι)</strong></span> <span class='ocrx_word' id='word_1_837' title='bbox 324 2709 428 2743; x_wconf 22' lang='grc' dir='ltr'><strong>Αηγδ..</strong></span> <span class='ocrx_word' id='word_1_838' title='bbox 448 2712 562 2738; x_wconf 87' lang='lat' dir='ltr'><strong>intuitus</strong></span> <span class='ocrx_word' id='word_1_839' title='bbox 582 2709 692 2743; x_wconf 31' lang='lat' dir='ltr'><strong>sum,&#39;et</strong></span> <span class='ocrx_word' id='word_1_840' title='bbox 717 2712 819 2738; x_wconf 87' lang='lat' dir='ltr'><strong>audivi.</strong></span> 
     </span>
    </p>
   </div>
   <div class='ocr_carea' id='block_1_103' title="bbox 272 2742 966 2779">
    <p class='ocr_par' dir='ltr' id='par_1_103' title="bbox 272 2742 966 2779">
     <span class='ocr_line' id='line_1_103' title="bbox 272 2742 966 2779; baseline 0.007 -12"><span class='ocrx_word' id='word_1_841' title='bbox 272 2743 352 2779; x_wconf 57' lang='lat' dir='ltr'><strong>diris:</strong></span> <span class='ocrx_word' id='word_1_842' title='bbox 369 2742 498 2779; x_wconf 71' lang='lat' dir='ltr'><strong>Norberg.</strong></span> <span class='ocrx_word' id='word_1_843' title='bbox 537 2745 575 2779; x_wconf 78' lang='grc' dir='ltr'><em>(ιι)</em></span> <span class='ocrx_word' id='word_1_844' title='bbox 597 2742 647 2779; x_wconf 21' lang='grc' dir='ltr'><strong>Α.,ν</strong></span> <span class='ocrx_word' id='word_1_845' title='bbox 660 2747 776 2778; x_wconf 84' lang='lat' dir='ltr'><strong>ciconia,</strong></span> <span class='ocrx_word' id='word_1_846' title='bbox 800 2747 843 2776; x_wconf 73' lang='grc' dir='ltr'><strong>δ..</strong></span> <span class='ocrx_word' id='word_1_847' title='bbox 859 2742 966 2772; x_wconf 76' lang='lat' dir='ltr'><strong>milvos.</strong></span> 
     </span>
    </p>
   </div>
   <div class='ocr_carea' id='block_1_104' title="bbox 597 2431 1233 2466">
    <p class='ocr_par' dir='ltr' id='par_1_104' title="bbox 597 2431 1233 2466">
     <span class='ocr_line' id='line_1_104' title="bbox 597 2431 1233 2466; baseline 0.003 -10"><span class='ocrx_word' id='word_1_848' title='bbox 597 2432 633 2465; x_wconf 64' lang='lat'><strong>(0“</strong></span> <span class='ocrx_word' id='word_1_849' title='bbox 656 2431 779 2466; x_wconf 78' lang='lat' dir='ltr'><strong>Reliqui,</strong></span> <span class='ocrx_word' id='word_1_850' title='bbox 796 2432 893 2466; x_wconf 67' lang='lat' dir='ltr'><strong>regium</strong></span> <span class='ocrx_word' id='word_1_851' title='bbox 915 2431 985 2458; x_wconf 74' lang='lat' dir='ltr'><strong>(mli.</strong></span> <span class='ocrx_word' id='word_1_852' title='bbox 1009 2431 1106 2462; x_wconf 69' lang='lat' dir='ltr'><strong>Aliter,</strong></span> <span class='ocrx_word' id='word_1_853' title='bbox 1123 2432 1233 2466; x_wconf 65' lang='lat' dir='ltr'><strong>regium.</strong></span> 
     </span>
    </p>
   </div>
   <div class='ocr_carea' id='block_1_105' title="bbox 790 2466 1315 2502">
    <p class='ocr_par' dir='ltr' id='par_1_105' title="bbox 790 2466 1315 2502">
     <span class='ocr_line' id='line_1_105' title="bbox 790 2466 1315 2502; baseline -0.002 -9"><span class='ocrx_word' id='word_1_854' title='bbox 790 2467 823 2502; x_wconf 67' lang='grc' dir='ltr'><strong>(ε)</strong></span> <span class='ocrx_word' id='word_1_855' title='bbox 838 2468 881 2499; x_wconf 81' lang='grc' dir='ltr'><strong>Α.,</strong></span> <span class='ocrx_word' id='word_1_856' title='bbox 897 2466 938 2498; x_wconf 91' lang='lat' dir='ltr'><strong>S.,</strong></span> <span class='ocrx_word' id='word_1_857' title='bbox 957 2475 1018 2493; x_wconf 89' lang='lat' dir='ltr'><strong>cum</strong></span> <span class='ocrx_word' id='word_1_858' title='bbox 1038 2467 1172 2501; x_wconf 69' lang='lat' dir='ltr'><strong>praevenio</strong></span> <span class='ocrx_word' id='word_1_859' title='bbox 1188 2472 1215 2493; x_wconf 89' lang='lat' dir='ltr'><strong>et</strong></span> <span class='ocrx_word' id='word_1_860' title='bbox 1227 2467 1315 2493; x_wconf 90' lang='lat' dir='ltr'><strong>mitto.</strong></span> 
     </span>
    </p>
   </div>
   <div class='ocr_carea' id='block_1_106' title="bbox 694 2501 1905 2537">
    <p class='ocr_par' dir='ltr' id='par_1_106' title="bbox 694 2501 1905 2537">
     <span class='ocr_line' id='line_1_106' title="bbox 694 2501 1905 2537; baseline 0 -9"><span class='ocrx_word' id='word_1_861' title='bbox 694 2502 732 2537; x_wconf 78' lang='grc' dir='ltr'><em>(ιι)</em></span> <span class='ocrx_word' id='word_1_862' title='bbox 755 2501 797 2534; x_wconf 83' lang='lat' dir='ltr'><strong>S.,</strong></span> <span class='ocrx_word' id='word_1_863' title='bbox 816 2502 897 2528; x_wconf 84' lang='lat' dir='ltr'><strong>tonde</strong></span> <span class='ocrx_word' id='word_1_864' title='bbox 917 2510 1023 2528; x_wconf 88' lang='lat' dir='ltr'><strong>comam</strong></span> <span class='ocrx_word' id='word_1_865' title='bbox 1049 2506 1170 2528; x_wconf 88' lang='lat' dir='ltr'><strong>sanctam</strong></span> <span class='ocrx_word' id='word_1_866' title='bbox 1203 2503 1357 2529; x_wconf 80' lang='lat' dir='ltr'><strong>nazircatus</strong></span> <span class='ocrx_word' id='word_1_867' title='bbox 1385 2503 1434 2533; x_wconf 86' lang='lat' dir='ltr'><strong>tui,</strong></span> <span class='ocrx_word' id='word_1_868' title='bbox 1460 2507 1486 2528; x_wconf 86' lang='lat' dir='ltr'><strong>et</strong></span> <span class='ocrx_word' id='word_1_869' title='bbox 1509 2502 1644 2536; x_wconf 78' lang='lat' dir='ltr'><strong>disperge,</strong></span> <span class='ocrx_word' id='word_1_870' title='bbox 1666 2506 1694 2528; x_wconf 89' lang='lat' dir='ltr'><strong>et</strong></span> <span class='ocrx_word' id='word_1_871' title='bbox 1713 2509 1804 2537; x_wconf 70' lang='lat' dir='ltr'><strong>sume</strong></span> <span class='ocrx_word' id='word_1_872' title='bbox 1819 2508 1905 2535; x_wconf 80' lang='lat' dir='ltr'><strong>super</strong></span> 
     </span>
    </p>
   </div>
   <div class='ocr_carea' id='block_1_107' title="bbox 760 2536 1299 2571">
    <p class='ocr_par' dir='ltr' id='par_1_107' title="bbox 760 2536 1299 2571">
     <span class='ocr_line' id='line_1_107' title="bbox 760 2536 1299 2571; baseline -0.002 -8"><span class='ocrx_word' id='word_1_873' title='bbox 760 2537 798 2571; x_wconf 73' lang='grc' dir='ltr'><strong>(π)</strong></span> <span class='ocrx_word' id='word_1_874' title='bbox 817 2537 861 2567; x_wconf 77' lang='lat' dir='ltr'><strong>A.,</strong></span> <span class='ocrx_word' id='word_1_875' title='bbox 879 2537 925 2563; x_wconf 77' lang='lat' dir='ltr'><strong>ine</strong></span> <span class='ocrx_word' id='word_1_876' title='bbox 944 2544 1009 2564; x_wconf 66' lang='lat' dir='ltr'><strong>sum.</strong></span> <span class='ocrx_word' id='word_1_877' title='bbox 1029 2537 1070 2568; x_wconf 81' lang='lat'><strong>8.,</strong></span> <span class='ocrx_word' id='word_1_878' title='bbox 1087 2536 1130 2564; x_wconf 89' lang='lat' dir='ltr'><strong>ctti</strong></span> <span class='ocrx_word' id='word_1_879' title='bbox 1148 2537 1233 2563; x_wconf 82' lang='lat' dir='ltr'><strong>iratus</strong></span> <span class='ocrx_word' id='word_1_880' title='bbox 1249 2541 1299 2563; x_wconf 83' lang='lat' dir='ltr'><strong>cst.</strong></span> 
     </span>
    </p>
   </div>
   <div class='ocr_carea' id='block_1_108' title="bbox 858 2710 1255 2746">
    <p class='ocr_par' dir='ltr' id='par_1_108' title="bbox 858 2710 1255 2746">
     <span class='ocr_line' id='line_1_108' title="bbox 858 2710 1255 2746; baseline 0.003 -10"><span class='ocrx_word' id='word_1_881' title='bbox 858 2711 906 2744; x_wconf 78' lang='grc' dir='ltr'><strong>(ιη)</strong></span> <span class='ocrx_word' id='word_1_882' title='bbox 929 2712 973 2746; x_wconf 79' lang='lat' dir='ltr'><strong>A_.,</strong></span> <span class='ocrx_word' id='word_1_883' title='bbox 987 2710 1089 2746; x_wconf 72' lang='lat' dir='ltr'><strong>eﬂ‘usus</strong></span> <span class='ocrx_word' id='word_1_884' title='bbox 1104 2710 1255 2738; x_wconf 82' lang='lat' dir='ltr'><strong>inbellutn.</strong></span> 
     </span>
    </p>
   </div>
   <div class='ocr_carea' id='block_1_109' title="bbox 1110 2238 1902 2274">
    <p class='ocr_par' dir='ltr' id='par_1_109' title="bbox 1110 2238 1902 2274">
     <span class='ocr_line' id='line_1_109' title="bbox 1110 2238 1902 2274; baseline -0.003 -8"><span class='ocrx_word' id='word_1_885' title='bbox 1110 2240 1267 2274; x_wconf 89' lang='lat' dir='ltr'><strong>iniqttitates</strong></span> <span class='ocrx_word' id='word_1_886' title='bbox 1283 2249 1289 2266; x_wconf 91' lang='lat'>:</span> <span class='ocrx_word' id='word_1_887' title='bbox 1309 2240 1350 2267; x_wconf 80' lang='lat' dir='ltr'><strong>ll.</strong></span> <span class='ocrx_word' id='word_1_888' title='bbox 1366 2244 1393 2267; x_wconf 86' lang='lat' dir='ltr'><strong>et</strong></span> <span class='ocrx_word' id='word_1_889' title='bbox 1406 2245 1539 2267; x_wconf 89' lang='lat' dir='ltr'><strong>curarunt</strong></span> <span class='ocrx_word' id='word_1_890' title='bbox 1554 2239 1716 2267; x_wconf 87' lang='lat' dir='ltr'><strong>fractiouem</strong></span> <span class='ocrx_word' id='word_1_891' title='bbox 1732 2239 1794 2265; x_wconf 63' lang='lat' dir='ltr'><strong>lilia</strong></span> <span class='ocrx_word' id='word_1_892' title='bbox 1809 2238 1902 2273; x_wconf 90' lang='lat' dir='ltr'><strong>populi</strong></span> 
     </span>
    </p>
   </div>
   <div class='ocr_carea' id='block_1_110' title="bbox 1110 2285 1903 2321">
    <p class='ocr_par' dir='ltr' id='par_1_110' title="bbox 1110 2285 1903 2321">
     <span class='ocr_line' id='line_1_110' title="bbox 1110 2285 1903 2321; baseline -0.003 -8"><span class='ocrx_word' id='word_1_893' title='bbox 1110 2287 1162 2313; x_wconf 87' lang='lat' dir='ltr'><strong>mei</strong></span> <span class='ocrx_word' id='word_1_894' title='bbox 1186 2294 1268 2321; x_wconf 89' lang='lat' dir='ltr'><strong>super</strong></span> <span class='ocrx_word' id='word_1_895' title='bbox 1283 2286 1470 2321; x_wconf 72' lang='lat' dir='ltr'><strong>ignominiam,</strong></span> <span class='ocrx_word' id='word_1_896' title='bbox 1488 2286 1618 2319; x_wconf 89' lang='lat' dir='ltr'><strong>dicentes,</strong></span> <span class='ocrx_word' id='word_1_897' title='bbox 1636 2285 1704 2318; x_wconf 74' lang='lat' dir='ltr'><strong>Pax,</strong></span> <span class='ocrx_word' id='word_1_898' title='bbox 1718 2293 1781 2321; x_wconf 77' lang='lat' dir='ltr'><strong>pax,</strong></span> <span class='ocrx_word' id='word_1_899' title='bbox 1797 2289 1824 2312; x_wconf 86' lang='lat' dir='ltr'><strong>et</strong></span> <span class='ocrx_word' id='word_1_900' title='bbox 1846 2292 1903 2311; x_wconf 89' lang='lat' dir='ltr'><strong>non</strong></span> 
     </span>
    </p>
   </div>
   <div class='ocr_carea' id='block_1_111' title="bbox 1273 2430 1904 2466">
    <p class='ocr_par' dir='ltr' id='par_1_111' title="bbox 1273 2430 1904 2466">
     <span class='ocr_line' id='line_1_111' title="bbox 1273 2430 1904 2466; baseline 0 -9"><span class='ocrx_word' id='word_1_901' title='bbox 1273 2431 1311 2465; x_wconf 75' lang='grc' dir='ltr'><strong>(ρ)</strong></span> <span class='ocrx_word' id='word_1_902' title='bbox 1331 2432 1376 2463; x_wconf 73' lang='grc' dir='ltr'><strong>Α..</strong></span> <span class='ocrx_word' id='word_1_903' title='bbox 1395 2431 1436 2462; x_wconf 88' lang='lat' dir='ltr'><strong>S.,</strong></span> <span class='ocrx_word' id='word_1_904' title='bbox 1456 2431 1627 2458; x_wconf 81' lang='lat' dir='ltr'><strong>redundabit.</strong></span> <span class='ocrx_word' id='word_1_905' title='bbox 1671 2431 1707 2466; x_wconf 75' lang='grc' dir='ltr'><strong>(ᾳ)</strong></span> <span class='ocrx_word' id='word_1_906' title='bbox 1721 2431 1768 2463; x_wconf 81' lang='grc' dir='ltr'><strong>Α.,</strong></span> <span class='ocrx_word' id='word_1_907' title='bbox 1782 2430 1826 2463; x_wconf 87' lang='lat' dir='ltr'><strong>S.,</strong></span> <span class='ocrx_word' id='word_1_908' title='bbox 1846 2431 1904 2458; x_wconf 89' lang='lat' dir='ltr'><strong>fru-</strong></span> 
     </span>
    </p>
   </div>
   <div class='ocr_carea' id='block_1_112' title="bbox 1353 2466 1905 2501">
    <p class='ocr_par' dir='ltr' id='par_1_112' title="bbox 1353 2466 1905 2501">
     <span class='ocr_line' id='line_1_112' title="bbox 1353 2466 1905 2501; baseline 0 -9"><span class='ocrx_word' id='word_1_909' title='bbox 1353 2466 1385 2501; x_wconf 88' lang='lat' dir='ltr'><strong>(l)</strong></span> <span class='ocrx_word' id='word_1_910' title='bbox 1402 2466 1444 2497; x_wconf 81' lang='lat' dir='ltr'><strong>S..</strong></span> <span class='ocrx_word' id='word_1_911' title='bbox 1460 2467 1580 2494; x_wconf 81' lang='lat' dir='ltr'><strong>cervices</strong></span> <span class='ocrx_word' id='word_1_912' title='bbox 1595 2473 1669 2497; x_wconf 88' lang='lat' dir='ltr'><strong>suas,</strong></span> <span class='ocrx_word' id='word_1_913' title='bbox 1690 2466 1762 2493; x_wconf 86' lang='lat' dir='ltr'><strong>male</strong></span> <span class='ocrx_word' id='word_1_914' title='bbox 1776 2466 1905 2493; x_wconf 82' lang='lat' dir='ltr'><strong>fecerunt</strong></span> 
     </span>
    </p>
   </div>
   <div class='ocr_carea' id='block_1_113' title="bbox 1339 2536 1902 2571">
    <p class='ocr_par' dir='ltr' id='par_1_113' title="bbox 1339 2536 1902 2571">
     <span class='ocr_line' id='line_1_113' title="bbox 1339 2536 1902 2571; baseline 0 -9"><span class='ocrx_word' id='word_1_915' title='bbox 1339 2538 1377 2571; x_wconf 72' lang='grc' dir='ltr'><strong>(ῃ)</strong></span> <span class='ocrx_word' id='word_1_916' title='bbox 1397 2538 1441 2567; x_wconf 77' lang='grc' dir='ltr'><strong>Α..</strong></span> <span class='ocrx_word' id='word_1_917' title='bbox 1462 2537 1502 2567; x_wconf 76' lang='lat'><strong>8.,</strong></span> <span class='ocrx_word' id='word_1_918' title='bbox 1520 2537 1547 2563; x_wconf 89' lang='lat' dir='ltr'><strong>in</strong></span> <span class='ocrx_word' id='word_1_919' title='bbox 1571 2536 1658 2562; x_wconf 81' lang='lat' dir='ltr'><strong>oculis</strong></span> <span class='ocrx_word' id='word_1_920' title='bbox 1674 2536 1756 2562; x_wconf 84' lang='lat' dir='ltr'><strong>meis.</strong></span> <span class='ocrx_word' id='word_1_921' title='bbox 1795 2536 1832 2570; x_wconf 68' lang='grc' dir='ltr'><strong>(ε)</strong></span> <span class='ocrx_word' id='word_1_922' title='bbox 1857 2538 1902 2567; x_wconf 78' lang='grc' dir='ltr'><strong>Α..</strong></span> 
     </span>
    </p>
   </div>
   <div class='ocr_carea' id='block_1_114' title="bbox 656 2571 1901 2607">
    <p class='ocr_par' dir='ltr' id='par_1_114' title="bbox 656 2571 1901 2607">
     <span class='ocr_line' id='line_1_114' title="bbox 656 2571 1901 2607; baseline 0.002 -12"><span class='ocrx_word' id='word_1_923' title='bbox 656 2572 687 2604; x_wconf 78' lang='lat' dir='ltr'><strong>(&#39;l</strong></span> <span class='ocrx_word' id='word_1_924' title='bbox 706 2572 742 2598; x_wconf 86' lang='lat' dir='ltr'><strong>Ita</strong></span> <span class='ocrx_word' id='word_1_925' title='bbox 759 2573 800 2599; x_wconf 91' lang='lat' dir='ltr'><strong>bis</strong></span> <span class='ocrx_word' id='word_1_926' title='bbox 822 2572 848 2598; x_wconf 93' lang='lat' dir='ltr'><strong>in</strong></span> <span class='ocrx_word' id='word_1_927' title='bbox 870 2572 981 2607; x_wconf 80' lang='lat' dir='ltr'><strong>Syriaco</strong></span> <span class='ocrx_word' id='word_1_928' title='bbox 997 2576 1081 2598; x_wconf 84' lang='lat' dir='ltr'><strong>textu.</strong></span> <span class='ocrx_word' id='word_1_929' title='bbox 1100 2572 1187 2604; x_wconf 84' lang='lat' dir='ltr'><strong>Quam</strong></span> <span class='ocrx_word' id='word_1_930' title='bbox 1206 2572 1374 2598; x_wconf 82' lang='lat' dir='ltr'><strong>iterationem</strong></span> <span class='ocrx_word' id='word_1_931' title='bbox 1391 2580 1443 2598; x_wconf 90' lang='lat' dir='ltr'><strong>non</strong></span> <span class='ocrx_word' id='word_1_932' title='bbox 1463 2571 1563 2597; x_wconf 81' lang='lat' dir='ltr'><strong>habent</strong></span> <span class='ocrx_word' id='word_1_933' title='bbox 1581 2571 1661 2598; x_wconf 87' lang='lat' dir='ltr'><strong>Hebr.</strong></span> <span class='ocrx_word' id='word_1_934' title='bbox 1684 2576 1712 2607; x_wconf 72' lang='lat' dir='ltr'><strong>et</strong></span> <span class='ocrx_word' id='word_1_935' title='bbox 1728 2579 1786 2607; x_wconf 19' lang='lat' dir='ltr'><strong>uxr</strong></span> <span class='ocrx_word' id='word_1_936' title='bbox 1801 2572 1901 2607; x_wconf 81' lang='lat' dir='ltr'><strong>nostri.</strong></span> 
     </span>
    </p>
   </div>
   <div class='ocr_carea' id='block_1_115' title="bbox 808 2606 1469 2641">
    <p class='ocr_par' dir='ltr' id='par_1_115' title="bbox 808 2606 1469 2641">
     <span class='ocr_line' id='line_1_115' title="bbox 808 2606 1469 2641; baseline 0 -9"><span class='ocrx_word' id='word_1_937' title='bbox 808 2607 845 2641; x_wconf 84' lang='lat' dir='ltr'><strong>(bl</strong></span> <span class='ocrx_word' id='word_1_938' title='bbox 863 2606 907 2639; x_wconf 85' lang='lat' dir='ltr'><strong>A.,</strong></span> <span class='ocrx_word' id='word_1_939' title='bbox 924 2614 1017 2633; x_wconf 89' lang='lat' dir='ltr'><strong>vocem</strong></span> <span class='ocrx_word' id='word_1_940' title='bbox 1037 2608 1140 2640; x_wconf 76' lang='lat' dir='ltr'><strong>gaudii,</strong></span> <span class='ocrx_word' id='word_1_941' title='bbox 1156 2612 1182 2633; x_wconf 83' lang='lat' dir='ltr'><strong>ct</strong></span> <span class='ocrx_word' id='word_1_942' title='bbox 1198 2615 1290 2633; x_wconf 81' lang='lat' dir='ltr'><strong>vocem</strong></span> <span class='ocrx_word' id='word_1_943' title='bbox 1311 2607 1469 2632; x_wconf 65' lang='lat' dir='ltr'><strong>laetantium.</strong></span> 
     </span>
    </p>
   </div>
   <div class='ocr_carea' id='block_1_116' title="bbox 735 2642 1091 2676">
    <p class='ocr_par' dir='ltr' id='par_1_116' title="bbox 735 2642 1091 2676">
     <span class='ocr_line' id='line_1_116' title="bbox 735 2642 1091 2676; baseline 0.003 -9"><span class='ocrx_word' id='word_1_944' title='bbox 735 2642 769 2676; x_wconf 77' lang='grc' dir='ltr'><strong>(ε)</strong></span> <span class='ocrx_word' id='word_1_945' title='bbox 787 2643 831 2673; x_wconf 78' lang='grc' dir='ltr'><strong>Α..</strong></span> <span class='ocrx_word' id='word_1_946' title='bbox 853 2649 906 2668; x_wconf 79' lang='lat' dir='ltr'><strong>non</strong></span> <span class='ocrx_word' id='word_1_947' title='bbox 922 2642 1091 2675; x_wconf 69' lang='lat' dir='ltr'><strong>colligentur.</strong></span> 
     </span>
    </p>
   </div>
   <div class='ocr_carea' id='block_1_117' title="bbox 657 2676 1090 2711">
    <p class='ocr_par' dir='ltr' id='par_1_117' title="bbox 657 2676 1090 2711">
     <span class='ocr_line' id='line_1_117' title="bbox 657 2676 1090 2711; baseline 0 -10"><span class='ocrx_word' id='word_1_948' title='bbox 657 2677 694 2711; x_wconf 88' lang='lat' dir='ltr'><strong>(lt)</strong></span> <span class='ocrx_word' id='word_1_949' title='bbox 708 2676 753 2708; x_wconf 80' lang='grc' dir='ltr'><strong>Α.,</strong></span> <span class='ocrx_word' id='word_1_950' title='bbox 769 2677 810 2708; x_wconf 79' lang='lat'><strong>8.,</strong></span> <span class='ocrx_word' id='word_1_951' title='bbox 826 2677 851 2703; x_wconf 87' lang='lat' dir='ltr'><strong>in</strong></span> <span class='ocrx_word' id='word_1_952' title='bbox 867 2677 994 2703; x_wconf 89' lang='lat' dir='ltr'><strong>otnnibus</strong></span> <span class='ocrx_word' id='word_1_953' title='bbox 1015 2677 1090 2703; x_wconf 88' lang='lat' dir='ltr'><strong>locis.</strong></span> 
     </span>
    </p>
   </div>
   <div class='ocr_carea' id='block_1_118' title="bbox 1509 2606 1890 2641">
    <p class='ocr_par' dir='ltr' id='par_1_118' title="bbox 1509 2606 1890 2641">
     <span class='ocr_line' id='line_1_118' title="bbox 1509 2606 1890 2641; baseline 0.003 -10"><span class='ocrx_word' id='word_1_954' title='bbox 1509 2608 1544 2641; x_wconf 78' lang='grc' dir='ltr'><strong>(ε)</strong></span> <span class='ocrx_word' id='word_1_955' title='bbox 1564 2607 1609 2638; x_wconf 83' lang='grc' dir='ltr'><strong>Α.,</strong></span> <span class='ocrx_word' id='word_1_956' title='bbox 1627 2607 1653 2632; x_wconf 91' lang='lat' dir='ltr'><strong>in</strong></span> <span class='ocrx_word' id='word_1_957' title='bbox 1669 2606 1727 2633; x_wconf 78' lang='lat' dir='ltr'><strong>sole</strong></span> <span class='ocrx_word' id='word_1_958' title='bbox 1738 2611 1767 2632; x_wconf 85' lang='lat' dir='ltr'><strong>et</strong></span> <span class='ocrx_word' id='word_1_959' title='bbox 1781 2606 1808 2632; x_wconf 87' lang='lat' dir='ltr'><strong>in</strong></span> <span class='ocrx_word' id='word_1_960' title='bbox 1823 2606 1890 2632; x_wconf 84' lang='lat' dir='ltr'><strong>luna</strong></span> 
     </span>
    </p>
   </div>
   <div class='ocr_carea' id='block_1_119' title="bbox 1145 2640 1904 2676">
    <p class='ocr_par' dir='ltr' id='par_1_119' title="bbox 1145 2640 1904 2676">
     <span class='ocr_line' id='line_1_119' title="bbox 1145 2640 1904 2676; baseline -0.003 -8"><span class='ocrx_word' id='word_1_961' title='bbox 1145 2642 1180 2675; x_wconf 81' lang='grc' dir='ltr'><strong>(Ῑ)</strong></span> <span class='ocrx_word' id='word_1_962' title='bbox 1205 2642 1249 2673; x_wconf 72' lang='grc' dir='ltr'><strong>Α..</strong></span> <span class='ocrx_word' id='word_1_963' title='bbox 1267 2641 1309 2674; x_wconf 87' lang='lat' dir='ltr'><strong>S.,</strong></span> <span class='ocrx_word' id='word_1_964' title='bbox 1334 2642 1360 2667; x_wconf 92' lang='lat' dir='ltr'><strong>in</strong></span> <span class='ocrx_word' id='word_1_965' title='bbox 1381 2642 1486 2667; x_wconf 83' lang='lat' dir='ltr'><strong>timum.</strong></span> <span class='ocrx_word' id='word_1_966' title='bbox 1543 2642 1581 2676; x_wconf 83' lang='lat' dir='ltr'><strong>(g)</strong></span> <span class='ocrx_word' id='word_1_967' title='bbox 1603 2642 1646 2670; x_wconf 82' lang='grc' dir='ltr'><strong>Α..</strong></span> <span class='ocrx_word' id='word_1_968' title='bbox 1664 2640 1728 2670; x_wconf 76' lang='grc' dir='ltr'><em>ΤΙι..</em></span> <span class='ocrx_word' id='word_1_969' title='bbox 1742 2647 1769 2667; x_wconf 87' lang='lat' dir='ltr'><strong>et</strong></span> <span class='ocrx_word' id='word_1_970' title='bbox 1782 2641 1904 2675; x_wconf 74' lang='lat' dir='ltr'><strong>eligetur</strong></span> 
     </span>
    </p>
   </div>
   <div class='ocr_carea' id='block_1_120' title="bbox 1131 2676 1902 2711">
    <p class='ocr_par' dir='ltr' id='par_1_120' title="bbox 1131 2676 1902 2711">
     <span class='ocr_line' id='line_1_120' title="bbox 1131 2676 1902 2711; baseline 0 -10"><span class='ocrx_word' id='word_1_971' title='bbox 1131 2676 1161 2711; x_wconf 72' lang='grc' dir='ltr'><em>(ἡ)</em></span> <span class='ocrx_word' id='word_1_972' title='bbox 1183 2677 1227 2707; x_wconf 79' lang='grc' dir='ltr'><strong>Α.,</strong></span> <span class='ocrx_word' id='word_1_973' title='bbox 1245 2676 1285 2710; x_wconf 75' lang='grc'><strong>8.,</strong></span> <span class='ocrx_word' id='word_1_974' title='bbox 1304 2684 1358 2707; x_wconf 74' lang='grc' dir='ltr'><strong>(μω</strong></span> <span class='ocrx_word' id='word_1_975' title='bbox 1375 2676 1489 2709; x_wconf 74' lang='lat' dir='ltr'><strong>dispersi</strong></span> <span class='ocrx_word' id='word_1_976' title='bbox 1507 2684 1564 2702; x_wconf 81' lang='lat' dir='ltr'><strong>eos.</strong></span> <span class='ocrx_word' id='word_1_977' title='bbox 1602 2676 1638 2710; x_wconf 81' lang='lat' dir='ltr'><strong>(k)</strong></span> <span class='ocrx_word' id='word_1_978' title='bbox 1655 2676 1700 2706; x_wconf 74' lang='grc' dir='ltr'><strong>Α..</strong></span> <span class='ocrx_word' id='word_1_979' title='bbox 1718 2676 1762 2706; x_wconf 89' lang='lat' dir='ltr'><strong>S.,</strong></span> <span class='ocrx_word' id='word_1_980' title='bbox 1779 2676 1902 2709; x_wconf 78' lang='lat' dir='ltr'><strong>litigosa.</strong></span> 
     </span>
    </p>
   </div>
   <div class='ocr_carea' id='block_1_121' title="bbox 1291 2711 1905 2747">
    <p class='ocr_par' dir='ltr' id='par_1_121' title="bbox 1291 2711 1905 2747">
     <span class='ocr_line' id='line_1_121' title="bbox 1291 2711 1905 2747; baseline -0.015 -7"><span class='ocrx_word' id='word_1_981' title='bbox 1291 2711 1334 2747; x_wconf 79' lang='lat'><strong>(&quot;)</strong></span> <span class='ocrx_word' id='word_1_982' title='bbox 1352 2715 1429 2747; x_wconf 59' lang='lat' dir='ltr'><strong>mw</strong></span> <span class='ocrx_word' id='word_1_983' title='bbox 1446 2711 1588 2747; x_wconf 73' lang='lat' dir='ltr'><strong>legendum</strong></span> <span class='ocrx_word' id='word_1_984' title='bbox 1604 2716 1678 2745; x_wconf 81' lang='lat' dir='ltr'><strong>puto.</strong></span> <span class='ocrx_word' id='word_1_985' title='bbox 1697 2719 1746 2745; x_wconf 90' lang='lat' dir='ltr'><strong>pro</strong></span> <span class='ocrx_word' id='word_1_986' title='bbox 1761 2714 1831 2741; x_wconf 56' lang='lat' dir='ltr'><strong>una}:</strong></span> <span class='ocrx_word' id='word_1_987' title='bbox 1852 2718 1905 2737; x_wconf 72' lang='lat' dir='ltr'><strong>co.</strong></span> 
     </span>
    </p>
   </div>
   <div class='ocr_carea' id='block_1_122' title="bbox 1006 2745 1903 2784">
    <p class='ocr_par' dir='ltr' id='par_1_122' title="bbox 1006 2745 1903 2784">
     <span class='ocr_line' id='line_1_122' title="bbox 1006 2745 1903 2784; baseline -0.001 -12"><span class='ocrx_word' id='word_1_988' title='bbox 1006 2746 1042 2778; x_wconf 75' lang='lat' dir='ltr'><strong>to)</strong></span> <span class='ocrx_word' id='word_1_989' title='bbox 1064 2745 1106 2784; x_wconf 83' lang='lat' dir='ltr'><strong>S_.,</strong></span> <span class='ocrx_word' id='word_1_990' title='bbox 1120 2748 1202 2784; x_wconf 16' lang='lat' dir='ltr'><strong>tettix‘</strong></span> <span class='ocrx_word' id='word_1_991' title='bbox 1215 2745 1346 2784; x_wconf 57' lang='lat' dir='ltr'><strong>[Ycrb&#39;um</strong></span> <span class='ocrx_word' id='word_1_992' title='bbox 1358 2746 1430 2784; x_wconf 80' lang='lat' dir='ltr'><strong>quod</strong></span> <span class='ocrx_word' id='word_1_993' title='bbox 1448 2746 1545 2784; x_wconf 61' lang='lat' dir='ltr'><strong>legitur</strong></span> <span class='ocrx_word' id='word_1_994' title='bbox 1559 2746 1584 2772; x_wconf 93' lang='lat' dir='ltr'><strong>in</strong></span> <span class='ocrx_word' id='word_1_995' title='bbox 1601 2747 1703 2784; x_wconf 75' lang='lat' dir='ltr'><strong>codice,</strong></span> <span class='ocrx_word' id='word_1_996' title='bbox 1717 2749 1830 2784; x_wconf 53' lang='lat' dir='ltr'><strong>Opima,</strong></span> <span class='ocrx_word' id='word_1_997' title='bbox 1845 2753 1903 2784; x_wconf 75' lang='lat' dir='ltr'><strong>non</strong></span> 
     </span>
    </p>
   </div>
   <div class='ocr_carea' id='block_1_123' title="bbox 272 2777 1902 2846">
    <p class='ocr_par' dir='ltr' id='par_1_123' title="bbox 272 2777 1902 2846">
     <span class='ocr_line' id='line_1_123' title="bbox 272 2777 1902 2816; baseline 0.004 -15"><span class='ocrx_word' id='word_1_998' title='bbox 272 2782 315 2801; x_wconf 52' lang='lat' dir='ltr'><strong>est</strong></span> <span class='ocrx_word' id='word_1_999' title='bbox 337 2777 488 2810; x_wconf 75' lang='lat' dir='ltr'><strong>Syriacum,</strong></span> <span class='ocrx_word' id='word_1_1000' title='bbox 504 2777 549 2807; x_wconf 86' lang='lat' dir='ltr'><strong>sed</strong></span> <span class='ocrx_word' id='word_1_1001' title='bbox 567 2777 691 2807; x_wconf 69' lang='lat' dir='ltr'><strong>(irmcnm</strong></span> <span class='ocrx_word' id='word_1_1002' title='bbox 717 2780 817 2812; x_wconf 73' lang='grc' dir='ltr'><strong>τέττιξ,</strong></span> <span class='ocrx_word' id='word_1_1003' title='bbox 833 2781 936 2808; x_wconf 66' lang='lat' dir='ltr'><strong>rit-mla.</strong></span> <span class='ocrx_word' id='word_1_1004' title='bbox 962 2780 1014 2806; x_wconf 87' lang='lat' dir='ltr'><strong>Pro</strong></span> <span class='ocrx_word' id='word_1_1005' title='bbox 1035 2781 1107 2806; x_wconf 71' lang='lat' dir='ltr'><strong>mics</strong></span> <span class='ocrx_word' id='word_1_1006' title='bbox 1133 2777 1325 2815; x_wconf 36' lang='lat' dir='ltr'><strong>quod’lattine</strong></span> <span class='ocrx_word' id='word_1_1007' title='bbox 1351 2777 1436 2808; x_wconf 78' lang='lat' dir='ltr'><strong>edidit</strong></span> <span class='ocrx_word' id='word_1_1008' title='bbox 1451 2777 1582 2816; x_wconf 74' lang='lat' dir='ltr'><strong>Norberg,</strong></span> <span class='ocrx_word' id='word_1_1009' title='bbox 1596 2777 1778 2816; x_wconf 75' lang='lat' dir='ltr'><strong>reposuimus,</strong></span> <span class='ocrx_word' id='word_1_1010' title='bbox 1800 2777 1902 2808; x_wconf 60' lang='grc' dir='ltr'><strong>Ἰειιὲι.</strong></span> 
     </span>
     <span class='ocr_line' id='line_1_124' title="bbox 273 2810 1311 2846; baseline 0.009 -12"><span class='ocrx_word' id='word_1_1011' title='bbox 273 2810 390 2846; x_wconf 59' lang='lat' dir='ltr'><strong>Doson]</strong></span> <span class='ocrx_word' id='word_1_1012' title='bbox 405 2819 431 2839; x_wconf 87' lang='lat' dir='ltr'><strong>et</strong></span> <span class='ocrx_word' id='word_1_1013' title='bbox 446 2815 572 2842; x_wconf 83' lang='lat' dir='ltr'><strong>hirundo.</strong></span> <span class='ocrx_word' id='word_1_1014' title='bbox 613 2821 650 2846; x_wconf 82' lang='lat' dir='ltr'><strong>tp)</strong></span> <span class='ocrx_word' id='word_1_1015' title='bbox 672 2818 716 2846; x_wconf 75' lang='lat' dir='ltr'><strong>A.,</strong></span> <span class='ocrx_word' id='word_1_1016' title='bbox 737 2815 775 2846; x_wconf 90' lang='lat' dir='ltr'><strong>S.,</strong></span> <span class='ocrx_word' id='word_1_1017' title='bbox 794 2816 925 2846; x_wconf 82' lang='lat' dir='ltr'><strong>sapientia</strong></span> <span class='ocrx_word' id='word_1_1018' title='bbox 942 2815 1021 2846; x_wconf 89' lang='lat' dir='ltr'><strong>cujus</strong></span> <span class='ocrx_word' id='word_1_1019' title='bbox 1038 2817 1087 2843; x_wconf 85' lang='lat' dir='ltr'><strong>cis.</strong></span> <span class='ocrx_word' id='word_1_1020' title='bbox 1128 2817 1165 2846; x_wconf 81' lang='lat' dir='ltr'><strong>(q)</strong></span> <span class='ocrx_word' id='word_1_1021' title='bbox 1181 2816 1311 2846; x_wconf 78' lang='lat' dir='ltr'><strong>Amplius.</strong></span> 
     </span>
    </p>
   </div>
   <div class='ocr_carea' id='block_1_124' title="bbox 301 2818 572 2842">
    <p class='ocr_par' dir='ltr' id='par_1_124' title="bbox 301 2818 572 2842">
     <span class='ocr_line' id='line_1_125' title="bbox 301 2818 572 2842; baseline 0.022 -8"><span class='ocrx_word' id='word_1_1022' title='bbox 301 2818 390 2842; x_wconf 58' lang='lat' dir='ltr'><strong>uacui</strong></span> <span class='ocrx_word' id='word_1_1023' title='bbox 405 2819 431 2839; x_wconf 87' lang='lat' dir='ltr'><strong>et</strong></span> <span class='ocrx_word' id='word_1_1024' title='bbox 446 2818 572 2842; x_wconf 82' lang='lat' dir='ltr'><strong>hirundo.</strong></span> 
     </span>
    </p>
   </div>
   <div class='ocr_carea' id='block_1_125' title="bbox 613 2818 716 2848">
    <p class='ocr_par' dir='ltr' id='par_1_125' title="bbox 613 2818 716 2848">
     <span class='ocr_line' id='line_1_126' title="bbox 613 2818 716 2848; baseline -0.019 0"><span class='ocrx_word' id='word_1_1025' title='bbox 613 2821 650 2848; x_wconf 78' lang='lat' dir='ltr'><strong>ll’l</strong></span> <span class='ocrx_word' id='word_1_1026' title='bbox 672 2818 716 2846; x_wconf 74' lang='grc' dir='ltr'><strong>Αιι</strong></span> 
     </span>
    </p>
   </div>
   <div class='ocr_carea' id='block_1_126' title="bbox 737 2815 1087 2849">
    <p class='ocr_par' dir='ltr' id='par_1_126' title="bbox 737 2815 1087 2849">
     <span class='ocr_line' id='line_1_127' title="bbox 737 2815 1087 2849; baseline 0.003 -8"><span class='ocrx_word' id='word_1_1027' title='bbox 737 2815 775 2848; x_wconf 90' lang='lat' dir='ltr'><strong>S.,</strong></span> <span class='ocrx_word' id='word_1_1028' title='bbox 794 2816 925 2848; x_wconf 80' lang='lat' dir='ltr'><strong>sapientia</strong></span> <span class='ocrx_word' id='word_1_1029' title='bbox 942 2815 1021 2849; x_wconf 87' lang='lat' dir='ltr'><strong>cujus</strong></span> <span class='ocrx_word' id='word_1_1030' title='bbox 1038 2817 1087 2843; x_wconf 84' lang='lat' dir='ltr'><strong>eis.</strong></span> 
     </span>
    </p>
   </div>
   <div class='ocr_carea' id='block_1_127' title="bbox 1128 2816 1311 2850">
    <p class='ocr_par' dir='ltr' id='par_1_127' title="bbox 1128 2816 1311 2850">
     <span class='ocr_line' id='line_1_128' title="bbox 1128 2816 1311 2850; baseline 0.011 -9"><span class='ocrx_word' id='word_1_1031' title='bbox 1128 2817 1165 2850; x_wconf 74' lang='lat' dir='ltr'><strong>(q)</strong></span> <span class='ocrx_word' id='word_1_1032' title='bbox 1181 2816 1311 2849; x_wconf 77' lang='lat' dir='ltr'><strong>Amplius.</strong></span> 
     </span>
    </p>
   </div>
   <div class='ocr_carea' id='block_1_128' title="bbox 68 3120 2014 3712">
    <p class='ocr_par' dir='ltr' id='par_1_128' title="bbox 80 3164 319 3528">
     <span class='ocr_line' id='line_1_129' title="bbox 208 3164 319 3208; baseline 0 -32"><span class='ocrx_word' id='word_1_1033' title='bbox 208 3164 231 3176; x_wconf 84' lang='lat' dir='ltr'>L</span> <span class='ocrx_word' id='word_1_1034' title='bbox 236 3164 252 3188; x_wconf 38' lang='lat' dir='ltr'><strong>ur</strong></span> <span class='ocrx_word' id='word_1_1035' title='bbox 296 3168 319 3208; x_wconf 38' lang='grc' dir='ltr'><em>Η</em></span> 
     </span>
     <span class='ocr_line' id='line_1_130' title="bbox 276 3208 295 3236; baseline 0 0"><span class='ocrx_word' id='word_1_1036' title='bbox 276 3208 295 3236; x_wconf 47' lang='lat' dir='ltr'><strong>PI.</strong></span> 
     </span>
     <span class='ocr_line' id='line_1_131' title="bbox 240 3236 275 3288; baseline 0 -20"><span class='ocrx_word' id='word_1_1037' title='bbox 240 3236 275 3288; x_wconf 47' lang='grc' dir='ltr'><em>ί</em></span> 
     </span>
     <span class='ocr_line' id='line_1_132' title="bbox 212 3288 239 3328; baseline 0 -28"><span class='ocrx_word' id='word_1_1038' title='bbox 212 3288 239 3328; x_wconf 30' lang='grc' dir='ltr'><strong>μέν</strong></span> 
     </span>
     <span class='ocr_line' id='line_1_133' title="bbox 184 3328 211 3368; baseline 0 0"><span class='ocrx_word' id='word_1_1039' title='bbox 184 3328 211 3368; x_wconf 34' lang='lat' dir='ltr'><strong>“ff</strong></span> 
     </span>
     <span class='ocr_line' id='line_1_134' title="bbox 156 3368 183 3412; baseline 0 0"><span class='ocrx_word' id='word_1_1040' title='bbox 156 3368 183 3412; x_wconf 38' lang='lat' dir='ltr'><strong>VH</strong></span> 
     </span>
     <span class='ocr_line' id='line_1_135' title="bbox 148 3412 155 3424; baseline 0 0"><span class='ocrx_word' id='word_1_1041' title='bbox 148 3412 155 3424; x_wconf 62' lang='grc' dir='ltr'><em>ν</em></span> 
     </span>
     <span class='ocr_line' id='line_1_136' title="bbox 116 3424 147 3472; baseline 0 -32"><span class='ocrx_word' id='word_1_1042' title='bbox 116 3448 129 3472; x_wconf 36' lang='lat' dir='ltr'><strong>rp,</strong></span> <span class='ocrx_word' id='word_1_1043' title='bbox 132 3440 133 3448; x_wconf 26' lang='grc' dir='ltr'>γ</span> <span class='ocrx_word' id='word_1_1044' title='bbox 136 3424 147 3440; x_wconf 58' lang='grc' dir='ltr'><em>νδ</em></span> 
     </span>
     <span class='ocr_line' id='line_1_137' title="bbox 92 3472 113 3512; baseline 0 -8"><span class='ocrx_word' id='word_1_1045' title='bbox 92 3472 113 3512; x_wconf 58' lang='grc' dir='ltr'><strong>,πί</strong></span> 
     </span>
     <span class='ocr_line' id='line_1_138' title="bbox 80 3512 91 3528; baseline 0 -8"><span class='ocrx_word' id='word_1_1046' title='bbox 80 3520 83 3528; x_wconf 73' lang='lat'><em>_</em></span> <span class='ocrx_word' id='word_1_1047' title='bbox 88 3512 91 3520; x_wconf 69' lang='grc' dir='ltr'><strong><em>μ</em></strong></span> 
     </span>
    </p>
   </div>
  </div>
