4102 6278
344 346 492 400 ἓδίὶ

1617 352 1936 410 ΙΕΒΕΜΗΕ
1977 352 2208 411 CAPUT
2249 355 2361 410 XII.

3456 359 3598 417 επεὶ

343 479 466 518 cem
499 478 698 528 meam,
731 474 785 520 et
819 465 977 519 faette
1005 464 1302 520 secundum
1331 467 1536 530 omnia,
1568 487 1687 538 quae
1720 487 1920 539 prazce-
1948 477 1990 532 Α
2021 486 2116 540 per
2151 480 2203 525 te
2251 471 2410 536 mala,
2443 486 2543 541 pro
2573 471 2779 527 malitia
2815 473 3010 530 domus
3051 472 3284 540 lsraelis,
3318 481 3372 529 et
3403 475 3600 530 domus

347 571 476 627 pero
506 557 682 618 vobis,
722 565 777 609 et
804 556 955 609 eritis
1003 555 1136 610 mibi
1177 555 1229 609 in
1275 558 1554 626 populum,
1603 568 1656 612 et
1691 575 1790 629 ego
1829 575 1922 614 ero

347 648 502 702 vobis
536 649 588 700 in
618 646 784 699 Deum
827 661 842 698 :
874 647 929 700 5.
961 656 1020 700 ιιι
1049 656 1285 701 statuam
1311 647 1680 717 juramentum
1714 667 1920 716 meum,

340 737 489 803 quod
517 735 697 804 juravi
731 735 974 803 patribus
1005 739 1224 799 vestris,
1253 739 1318 791 ad
1345 739 1584 792 dandum
1611 740 1691 794 eis
1723 752 1920 794 terram

343 835 656 881 manantem
690 824 828 878 lacte
853 832 909 877 et
940 825 1116 889 melle,
1142 825 1283 879 sicut
1315 826 1431 880 dies
1459 827 1567 879 hic.
1602 825 1668 880 Et
1698 844 1922 896 respon-

341 917 422 976 di.
465 923 518 968 et
543 914 654 968 dixi
697 929 712 964 :
756 912 823 982 (ε)
866 911 1009 977 Fiat,
1040 912 1287 968 Domine.
1318 914 1372 968 6.
1400 916 1464 968 Et
1494 916 1629 970 dixit
1665 916 1923 971 Dominus

342 1007 412 1060 ad
455 1021 538 1060 me
581 1024 594 1059 :
625 1005 688 1075 (ι)
723 1005 860 1074 Lege
890 1009 956 1072 )K
984 1005 1168 1058 omnia
1200 1003 1224 1072 ζ
1263 1005 1425 1059 verba
1461 1005 1576 1059 llch
1615 1007 1665 1058 in
1697 1007 1923 1060 urbibus

341 1096 518 1160 Judte,
547 1106 602 1150 et
631 1098 709 1165 (tt)
735 1096 872 1150 foris
900 1096 1226 1159 Jerusalem,
1257 1097 1446 1152 dicens
1483 1118 1495 1152 :
1532 1099 1732 1154 Audite
1758 1100 1923 1154 verba

345 1187 427 1256 (ω)
465 1187 684 1241 foederis
713 1187 898 1255 hujus,
941 1190 1008 1254 >κ
1037 1195 1092 1240 et
1141 1186 1302 1242 facite
1327 1204 1390 1242 ea
1426 1190 1472 1256 ζ.
1513 1189 1566 1242 7.
1617 1189 1754 1255 Quia
1788 1205 1924 1244 con-

343 1277 599 1331 testando
643 1278 708 1345 >ιί
753 1285 1093 1332 contestatus
1140 1292 1262 1332 sum
1314 1279 1561 1346 patribus
1619 1280 1813 1335 vestris
1867 1282 1922 1334 in

340 1369 452 1433 die,
499 1385 608 1438 quo
657 1369 817 1423 eduxi
851 1384 944 1424 eos
980 1384 1042 1424 ex
1094 1379 1236 1423 terra
1285 1369 1524 1440 Egypti,
1565 1380 1617 1425 et
1652 1388 1827 1440 usque
1855 1373 1924 1426 ad

341 1461 487 1514 diem
530 1461 698 1522 hunc,
740 1461 1076 1531 praeveniens
1109 1470 1163 1515 et
1206 1472 1540 1526 contestans,
1586 1472 1640 1516 et
1687 1463 1920 1519 dicens:

341 1552 540 1607 Audite
570 1568 756 1607 vocem
795 1568 994 1607 meam.
1031 1553 1082 1607 8.
1133 1553 1196 1607 Et
1235 1571 1341 1609 non
1375 1555 1718 1616 audiverunt,
1758 1554 1832 1624 (y)
1872 1567 1925 1610 et

340 1642 681 1696 deﬂexerunt
725 1657 912 1696 aurem
950 1658 1128 1708 suam,
1159 1653 1213 1697 et
1242 1643 1495 1697 abierunt
1525 1644 1607 1696 vir
1639 1644 1709 1714 (ι)
1752 1645 1804 1696 in
1840 1659 1924 1698 re-

339 1734 609 1788 ctitudine
631 1734 814 1789 cordis
847 1734 932 1788 sui
961 1734 1085 1787 mali
1121 1749 1136 1787 :
1169 1745 1223 1789 et
1256 1736 1451 1788 adduxi
1489 1751 1650 1804 super
1681 1750 1776 1789 eos
1805 1752 1923 1790 om-

2023 561 2196 625 Judze,
2234 562 2330 633 (ιη)
2361 565 2490 632 quia
2522 563 2770 618 fecerunt
2803 565 2878 620 illi
2907 565 3009 620 sibi
3043 567 3107 620 ad
3139 567 3460 620 irritandam
3490 582 3596 630 me,

2025 652 2302 707 adolentes
2353 653 2521 707 Baali.
2566 656 2652 708 18.
2693 653 2938 718 Domine,
2977 667 3162 710 notum
3212 658 3297 712 fac
3355 659 3506 722 mihi,
3547 667 3601 711 et

2026 744 2215 798 sciam.
2248 742 2400 798 Tunc
2429 744 2534 797 vidi
2568 746 2746 800 studia
2790 760 3004 800 eorum.
3054 749 3140 801 19.
3191 747 3304 817 Ego
3333 750 3486 815 quasi
3519 748 3599 818 (η)

2025 848 2197 904 agnus
2239 834 2518 896 innocens.
2555 836 2753 889 ductus
2793 837 2859 889 ad
2907 837 3321 903 immolandum,
3361 854 3468 892 non
3510 855 3603 892 co-

2025 925 2354 992 gnoscebam
2390 943 2401 977 :
2436 928 2504 992 )9:
2530 927 2655 994 quia
2689 928 2710 994 ζ
2745 943 2908 997 super
2941 944 3024 981 me
3061 929 3368 998 cogitarunt
3396 931 3603 998 cogita-

2027 1013 2253 1075 tionem,
2290 1013 2532 1068 diceutes
2564 1032 2577 1068 :
2629 1014 2848 1080 Venite,
2886 1027 2937 1070 et
2969 1019 3040 1087 (ο)
3079 1019 3356 1072 mittamus
3395 1021 3600 1090 lignum

2026 1103 2079 1155 in
2109 1118 2301 1171 panem
2326 1103 2467 1171 ejus,
2493 1113 2547 1158 et
2571 1107 2861 1173 perdamus
2887 1122 3009 1160 eum
3032 1124 3095 1161 ex
3115 1117 3257 1162 terra
3281 1110 3600 1169 viventium.

2025 1202 2079 1248 et
2128 1209 2322 1249 nomen
2355 1195 2474 1264 ejus
2505 1212 2610 1250 non
2647 1199 3036 1251 memorabitur
3076 1201 3330 1268 amplius.
3373 1201 3462 1255 20.
3508 1203 3606 1254 Do-

2029 1284 2172 1338 mine
2207 1284 2488 1347 virtutum,
2518 1285 2774 1354 judicans
2799 1287 2962 1354 iusta,
2998 1289 3071 1357 (p)
3103 1290 3337 1357 probans
3367 1305 3525 1344 renes
3551 1299 3606 1343 et

2026 1377 2211 1439 corda,
2246 1377 2457 1431 videam
2485 1377 2748 1431 ultionem
2781 1395 2902 1447 quae
2928 1396 2957 1432 a
2999 1391 3051 1434 te
3081 1384 3133 1433 in
3164 1382 3265 1445 eis,
3301 1383 3426 1451 quia
3457 1383 3522 1436 ad
3555 1392 3606 1437 te

2027 1468 2258 1521 revelavi
2294 1467 2366 1538 (q)
2407 1468 2500 1537 jus
2532 1484 2734 1522 meum.
2780 1469 2870 1522 2|.
2917 1468 3142 1540 Propter
3182 1471 3285 1526 hoc
3332 1474 3445 1527 lucc
3477 1473 3607 1528 dicit

2028 1556 2294 1614 Dominus
2340 1575 2506 1628 super
2552 1561 2699 1616 viros
2728 1563 3025 1626 Anatbolh,
3075 1563 3167 1631 qui
3203 1573 3453 1632 quaerunt
3485 1565 3604 1622 ani-

2027 1662 2169 1700 mam
2203 1659 2348 1701 tuam
2370 1685 2385 1710 ,
2429 1649 2672 1704 dicentes
2705 1667 2717 1701 :
2767 1649 2884 1702 Non
2927 1652 3273 1720 prophetabis
3308 1669 3471 1721 super
3507 1668 3606 1706 uo-

2029 1737 2172 1790 mine
2199 1736 2438 1798 Domini,
2472 1749 2526 1792 et
2568 1739 2614 1792 si
2645 1755 2775 1793 vero
2816 1757 2946 1805 non,
2983 1741 3232 1794 morieris
3273 1741 3326 1794 in
3359 1743 3606 1796 manibus

343 1842 440 1880 nes
478 1841 762 1881 sermones
798 1825 1020 1882 foederis
1053 1826 1240 1896 hujus,
1271 1827 1416 1896 quod
1463 1828 1716 1896 prtecepi,
1762 1837 1816 1880 ut
1845 1826 1916 1880 fa-
1959 1815 1998 1868 Β
2031 1827 2252 1882 nostris.
2288 1827 2378 1881 22.
2414 1831 2481 1897 >κ
2523 1828 2748 1898 Propter
2791 1831 2894 1885 hoc
2947 1833 2969 1900 ζ
3018 1833 3133 1887 haec
3191 1847 3251 1888 σιν
3317 1832 3450 1886 dit-it
3506 1831 3609 1886 Do-

340 1925 550 1979 cerent,
599 1927 785 1971 etnon
820 1917 1068 1972 fecerunt
1098 1918 1145 1986 ζ.
1178 1919 1231 1972 9.
1269 1918 1335 1973 Ει
1373 1919 1512 1973 dixit
1554 1918 1815 1972 Dominus
1859 1919 1925 1972 ad

344 2021 434 2059 me
464 2025 478 2061 :
517 2005 739 2060 Inventa
778 2018 863 2061 est
889 2011 966 2073 (a)
992 2007 1291 2076 .colligatio
1329 2008 1383 2061 in
1414 2008 1548 2060 viris
1578 2006 1752 2073 Judzc,
1787 2016 1840 2060 et
1873 2009 1926 2060 in

344 2095 413 2153 iis
445 2099 536 2168 qui
568 2099 817 2153 habitant
841 2101 902 2153 in.
923 2098 1221 2154 Jerusalem
1253 2119 1265 2153 :
1322 2100 1404 2156 l0.
1446 2099 1651 2154 reversi
1684 2109 1812 2154 sunt
1834 2115 1931 2153 su-

344 2208 444 2261 per
485 2192 806 2262 iniquitates
850 2203 1063 2260 patrum
1109 2206 1335 2247 suorum
1373 2191 1638 2260 priorum,
1680 2192 1771 2260 qui
1823 2206 1929 2244 non

343 2283 637 2336 voluerunt
669 2284 858 2338 audire
887 2285 1048 2337 verba
1085 2298 1204 2338 mea
1237 2299 1250 2334 :
1275 2294 1329 2338 et
1353 2299 1478 2338 ecce
1506 2285 1604 2353 ipsi
1631 2285 1703 2355 (1),)
1728 2284 1933 2339 abeunt

343 2383 471 2442 post
516 2375 650 2429 deos
684 2375 911 2438 alienos,
961 2375 1028 2428 ad
1079 2375 1366 2429 colendum
1417 2376 1698 2430 servitium
1729 2376 1828 2430 eis.
1865 2377 1932 2430 Et

346 2465 561 2518 irritum
613 2464 861 2518 fecerunt
903 2465 1098 2518 domus
1148 2463 1384 2530 lsraelis,
1436 2475 1489 2521 et
1534 2467 1731 2522 domus
1774 2467 1928 2522 Judze

347 2555 526 2611 fmdus
566 2571 774 2620 meum,
808 2555 877 2622 (ε)
923 2556 1068 2624 quod
1103 2556 1360 2611 constitui
1401 2558 1466 2611 ad
1498 2569 1676 2627 patres
1713 2574 1925 2614 eorum.

348 2645 434 2704 11.
476 2645 705 2714 Propter
744 2645 849 2700 hoc
877 2646 994 2700 hinc
1022 2647 1152 2700 dicit
1185 2647 1451 2704 Dominus
1484 2665 1497 2700 :
1536 2648 1675 2705 Ecce
1701 2665 1803 2718 ego
1843 2651 1925 2704 in-

339 2734 487 2792 duco
519 2753 686 2806 super
712 2751 807 2791 eos
842 2736 1002 2802 mala,
1035 2753 1098 2791 ex
1126 2739 1328 2808 quibus
1358 2754 1464 2792 non
1497 2747 1753 2808 poterunt
1782 2741 1930 2795 exire

342 2845 408 2882 ex
439 2830 520 2884 eis
549 2845 562 2881 :
599 2829 678 2899 (ά)
725 2837 781 2882 et
810 2827 1126 2882 clamalmnt
1169 2828 1238 2883 ad
1269 2845 1374 2891 me,
1410 2839 1462 2883 et
1494 2845 1600 2884 non
1635 2831 1926 2884 exaudiam

342 2936 463 2984 cos,
500 2921 585 2974 1‘2.
619 2930 674 2974 et
702 2921 860 2975 ibunt
893 2921 1056 2974 urbes
1086 2919 1258 2985 Judee,
1289 2929 1342 2975 et
1373 2921 1410 2974 ii
1437 2922 1532 2991 qui
1583 2922 1831 2975 habitant
1875 2922 1929 2974 in

354 3011 684 3073 Jerusalem,
719 3022 771 3066 et
807 3013 1124 3067 clamabunt
1151 3013 1216 3067 ad
1258 3013 1411 3079 deos,
1447 3014 1648 3083 quibus
1675 3015 1776 3083 ipsi
1801 3014 1936 3068 ado-

344 3108 459 3158 lent
491 3103 592 3166 eis,
643 3106 711 3172 »ζ
758 3115 812 3158 et
860 3105 1118 3159 salvando
1165 3105 1186 3172 ζ
1240 3119 1344 3158 non
1391 3105 1679 3159 salvabunt
1727 3120 1823 3159 eos
1874 3105 1926 3157 in

342 3204 591 3264 tempore
618 3198 884 3253 malorum
909 3212 1118 3250 eorum.
1157 3196 1242 3250 15.
1284 3196 1421 3262 Quia
1448 3197 1606 3266 juxta
1635 3214 1923 3251 numerum

347 3288 566 3342 tzrbium
596 3295 813 3341 tuarum
840 3299 992 3344 erant
1029 3290 1104 3342 dii
1139 3289 1240 3354 tui,
1266 3289 1430 3351 Juda,
1464 3302 1517 3343 et
1542 3290 1698 3358 juxta
1735 3302 1927 3342 nume-

349 3395 470 3434 rum
502 3379 570 3450 (e)
614 3380 858 3432 exituum
885 3377 1186 3435 Jerusalem
1229 3381 1493 3449 posuistis
1522 3379 1588 3450 (Γ)
1617 3379 1830 3433 excelsa
1860 3379 1928 3445 )t(

348 3470 542 3538 pudori
575 3471 766 3523 altaria
806 3471 827 3538 ζ
862 3471 928 3524 ad
961 3471 1286 3525 adolendmn
1326 3471 1496 3524 Baali.
1533 3471 1618 3524 H.
1669 3469 1734 3524 Et
1774 3478 1829 3523 tu
1861 3483 1930 3522 ne

347 3577 475 3616 ores
506 3576 604 3629 pro
632 3562 830 3630 p0pulo
865 3561 988 3626 hoc,
1019 3577 1192 3630 neque
1219 3562 1293 3630 (g)
1333 3562 1606 3630 supplices
1633 3575 1732 3629 pro
1761 3559 1842 3614 eis
1874 3559 1926 3611 in

349 3653 608 3722 petitione
639 3665 694 3706 et
728 3651 1000 3715 oratione,
1044 3653 1174 3722 quia
1216 3669 1322 3706 non
1365 3652 1652 3706 exaudiam
1697 3650 1752 3702 in
1794 3657 1930 3719 tem-

350 3757 506 3811 pore,
536 3757 646 3810 quo
673 3742 930 3796 invocant
962 3757 1067 3804 me,
1097 3742 1150 3795 in
1176 3754 1418 3809 tempore
1446 3738 1770 3792 humilitatis
1793 3751 1926 3792 suat.

353 3833 441 3887 15.
485 3833 563 3902 (Ιι)
596 3831 774 3897 Quare
815 3832 1008 3888 dilecta
1052 3833 1105 3885 in
1133 3831 1298 3886 domo
1330 3845 1447 3884 mea
1493 3829 1618 3883 fecit
1648 3829 1932 3882 abomina-

352 3925 603 3978 tionem?
632 3922 772 3978 Num
800 3933 923 3981 vota
955 3933 1007 3978 et
1034 3938 1162 3978 caro
1189 3930 1374 3977 sancta
1405 3921 1652 3975 auferent
1685 3936 1715 3974 a
1745 3929 1796 3972 te
1820 3935 1933 3972 ma-

359 4017 508 4071 litias
537 4026 681 4082 tuas,
709 4026 802 4071 aut
850 4031 946 4086 per
985 4016 1098 4070 haec
1148 4013 1409 4085 eﬁugies?
1437 4013 1520 4066 16.
1551 4012 1736 4066 Olcam
1768 4012 1934 4066 deco-

364 4125 504 4171 ram,
535 4109 673 4163 bene
702 4110 1014 4163 umbrosam
1048 4116 1269 4175 aspectu
1305 4106 1516 4161 vocavit
1545 4104 1806 4158 Dominus
1835 4117 1933 4157 no-

361 4213 488 4251 men
542 4207 718 4262 tuum,
770 4199 832 4268 (ί)
868 4199 920 4250 in
957 4211 1146 4252 vocem
1209 4195 1598 4266 amputationis
1651 4195 1771 4262 ejus
1809 4212 1820 4246 :
1861 4191 1932 4260 (Ιί)

356 4305 548 4359 magna
575 4289 795 4343 alllictio
824 4305 982 4358 super
1007 4297 1058 4342 te
1087 4307 1099 4342 :
1131 4289 1191 4358 (ι)
1223 4289 1410 4342 laedam
1436 4301 1615 4340 ramos
1644 4285 1765 4354 ejus
1793 4301 1806 4337 :
1846 4284 1932 4338 17.

355 4389 410 4436 ct
446 4381 706 4436 Dominus
733 4391 945 4452 potens,
977 4381 1069 4452 qui
1096 4381 1357 4449 plantavit
1386 4387 1458 4444 te,
1490 4379 1704 4432 locutus
1729 4385 1815 4430 est
1845 4391 1938 4431 su-

2035 1917 2215 1972 minus
2243 1918 2312 1987 (r)
2338 1919 2598 1974 virtutmn
2624 1921 2646 1989 ζ
2678 1937 2691 1972 :
2725 1921 2862 1975 Ecce
2889 1939 2989 1992 ego
3020 1923 3249 1978 visitabo
3275 1939 3440 1992 super
3463 1940 3558 1978 eos
3588 1941 3602 1976 :

2029 2005 2258 2073 juvenes
2296 2023 2485 2062 eorum
2523 2013 2822 2064 morientur
2853 2013 2906 2065 in
2937 2013 3135 2082 gladio,
3169 2024 3222 2067 et
3251 2015 3344 2068 ﬁlii
3391 2031 3605 2078 eorum,

2032 2108 2086 2151 ct
2115 2099 2237 2152 ﬁliae
2268 2113 2458 2152 eorum
2503 2112 2895 2156 consumentur
2927 2103 2981 2156 in
3012 2103 3154 2158 fame
3199 2124 3211 2158 :
3259 2105 3348 2158 25.
3381 2114 3437 2158 et
3477 2109 3610 2160 resi—

2033 2187 2202 2243 duum
2237 2204 2342 2242 non
2381 2192 2487 2244 erit
2526 2207 2753 2259 eorum;
2798 2194 2925 2262 quia
2957 2195 3222 2249 adducam
3264 2196 3403 2249 mala
3447 2211 3614 2265 super

2033 2295 2129 2334 eos
2176 2280 2269 2348 qui
2312 2281 2557 2336 habitant
2597 2282 2650 2337 iu
2692 2285 2968 2338 Anathoth
3013 2285 3067 2339 in
3108 2299 3252 2340 anno
3283 2287 3609 2341 visitationis

2032 2383 2246 2424 eorum.

2104 2463 2234 2531 Cap.
2263 2461 2376 2516 XII.
2410 2493 2451 2502 —
2478 2464 2527 2517 l.
2564 2464 2630 2533 (a)
2659 2463 2851 2520 Justus
2878 2479 2962 2526 es,
2983 2465 3244 2534 Domine;
3273 2469 3398 2536 quia
3427 2468 3612 2537 profe-

2034 2569 2150 2606 ram
2183 2555 2431 2622 spiritum
2461 2556 2518 2626 (ἰ.
2549 2571 2600 2609 e.
2632 2557 2965 2624 contendam)
3005 2558 3070 2610 ad
3104 2566 3156 2611 te
3189 2578 3202 2612 :
3238 2567 3610 2614 verumtamen

2030 2642 2233 2711 judicia
2261 2644 2456 2712 loquar
2485 2644 2550 2697 ad
2583 2654 2651 2698 te.
2689 2644 2870 2710 Quare
2901 2646 2983 2698 via
3016 2645 3614 2717 impiorumprospera-

2035 2734 2166 2787 tur?
2191 2734 2554 2789 cbullivcrunt
2582 2751 2796 2798 omnes,
2824 2738 2915 2807 qui
2949 2738 3378 2807 pmvaricantur
3405 2756 3612 2808 praeva-

2033 2824 2370 2879 ricationes?
2409 2824 2464 2878 2.
2499 2824 2757 2880 l’lantasti
2783 2841 2900 2892 eos,
2947 2839 3002 2881 et
3041 2828 3356 2882 conﬁrmata
3405 2840 3491 2884 est
3526 2846 3616 2884 ra-

2034 2917 2124 2970 dix
2155 2931 2344 2970 eorum
2379 2933 2393 2968 :
2434 2916 2495 2987 (ι)
2538 2926 2842 2987 genuerunt
2882 2917 3042 2980 ﬁlios,
3081 2927 3135 2971 et
3177 2918 3419 2972 fecerunt
3468 2921 3610 2975 fruc-

2038 3017 2172 3061 tum.
2207 3007 2554 3077 Propinquus
2585 3017 2640 3062 tu
2670 3009 2751 3063 ori
2773 3025 2990 3072 eorum,
3021 3021 3263 3064 remotus
3289 3021 3344 3066 tu
3379 3022 3554 3068 autem
3579 3030 3612 3070 ιι

2038 3098 2260 3153 renibus
2288 3114 2496 3153 eorum.
2523 3099 2575 3152 5.
2607 3097 2670 3151 Ει
2696 3107 2774 3159 ιιι,
2805 3097 3052 3164 Domine,
3079 3099 3156 3168 (tt)
3189 3100 3474 3170 cognoscis
3505 3117 3611 3163 me.

2033 3188 2229 3242 novisti
2261 3203 2366 3252 me,
2406 3189 2473 3256 >ε<
2503 3197 2556 3242 et
2595 3189 2618 3256 ζ
2657 3190 2895 3258 probasti
2935 3205 3029 3244 cor
3077 3206 3255 3244 memn
3293 3206 3477 3246 coram
3513 3203 3562 3247 tc
3597 3213 3610 3250 :

2029 3283 2095 3349 >ε<
2130 3296 2396 3350 congrega
2439 3296 2533 3335 eos
2575 3288 2633 3334 ut
2671 3294 2800 3335 oves
2837 3282 2903 3334 ad
2947 3285 3353 3350 mactationem,
3384 3296 3438 3340 et
3473 3286 3496 3352 ζ
3535 3288 3616 3354 (2:)

2030 3373 2255 3442 pm'ilica
2288 3387 2382 3424 eos
2425 3372 2478 3424 iu
2514 3373 2656 3424 diem
2691 3372 3038 3425 mactationis
3078 3387 3291 3428 eorum.
3334 3376 3385 3428 4.
3430 3374 3616 3445 Usque

2030 3477 2140 3529 quo
2178 3460 2382 3528 lugebit
2429 3470 2592 3520 terra,
2631 3469 2685 3513 et
2715 3460 2880 3513 herba
2907 3462 3088 3516 omnis
3118 3462 3230 3527 agri
3264 3463 3555 3518 siccabitur
3585 3482 3615 3518 a

2031 3551 2236 3605 malitia
2263 3566 2450 3605 eorum
2481 3550 2573 3619 qui
2607 3550 2854 3604 habitant
2881 3551 2934 3604 in
2969 3567 3030 3606 ea
3055 3553 3078 3606 ?
3099 3553 3363 3622 CUI'I‘IIpla
3392 3557 3610 3624 Stlntju-

2034 3650 2237 3705 menta,
2293 3652 2346 3695 et
2383 3641 2625 3695 volatilia
2657 3682 2673 3707 ,
2727 3642 2856 3709 quia
2904 3642 3160 3698 dixerunt
3197 3661 3211 3696 :
3251 3645 3366 3698 Non
3417 3647 3618 3700 videbit

2032 3731 2176 3787 Daus
2206 3733 2286 3802 (ῃ)
2319 3733 2434 3787 vias
2466 3741 2702 3786 nostras.
2751 3731 2803 3785 5.
2840 3733 2916 3804 (ι)
2960 3733 3132 3789 Pedes
3166 3736 3243 3789 tui
3276 3746 3526 3796 currunt,
3564 3745 3617 3789 et

2036 3825 2329 3878 remissum
2379 3824 2612 3879 reddunt
2654 3833 2706 3878 te
2740 3839 2753 3875 :
2790 3825 3066 3892 quomodo
3097 3827 3490 3897 praeparaberis
3527 3843 3619 3882 su-

2037 3933 2134 3984 per
2167 3916 2347 3985 equis,
2379 3925 2434 3969 et
2466 3917 2519 3970 in
2552 3927 2694 3972 terra
2727 3919 2875 3986 pacis
2905 3919 3186 3974 conlidens
3219 3922 3316 3974 tu?
3345 3922 3618 3990 quomodo

2037 4008 2205 4064 facies
2235 4009 2311 4078 (a)
2347 4009 2399 4062 in
2432 4011 2686 4079 superbia
2718 4010 3017 4066 Jordanis?
3059 4012 3113 4066 6.
3146 4013 3282 4079 Quia
3312 4017 3474 4068 etiam
3508 4014 3617 4067 ἴτυ-

2037 4109 2146 4155 tres
2171 4100 2272 4162 tui,
2301 4107 2356 4154 et
2381 4099 2577 4154 domus
2609 4103 2780 4171 patris
2812 4104 2910 4167 tui,
2943 4103 3106 4157 etiam
3138 4105 3238 4170 ipsi
3270 4105 3472 4172 perﬁde
3496 4121 3618 4175 ege-

2036 4199 2165 4244 runt
2199 4201 2402 4253 tecum,
2430 4202 2486 4244 et
2514 4191 2614 4260 ipsi
2641 4194 2944 4248 clamaruut
2972 4213 2985 4248 :
3031 4210 3062 4247 a
3094 4206 3242 4264 tergo
3271 4209 3364 4248 tuo
3391 4211 3621 4265 congre-v

2039 4282 2145 4350 gati
2173 4289 2302 4334 sunt
2334 4293 2405 4324 ω
2432 4297 2594 4350 super
2621 4291 2673 4335 te
2711 4282 2758 4348 ζ,
2789 4298 2857 4336 ne
2885 4285 3074 4338 credas
3095 4286 3208 4350 eis;
3239 4287 3366 4354 quia
3395 4288 3621 4354 loquen-

2041 4383 2126 4428 tur
2161 4373 2230 4429 ad
2279 4383 2332 4428 te
2362 4374 2540 4444 bona.
2589 4374 2642 4428 7.
2689 4373 2902 4444 Reliqui
2938 4375 3162 4430 domum
3199 4393 3396 4440 nteant,
3439 4378 3622 4434 dimisi

434 4733 502 4804 (δ)
536 4729 1215 4818 lle-b.,lamcn.‘A.,fere.
1279 4729 1356 4812 _(t)
1389 4731 1495 4818 S.,
1518 4729 1818 4818 praedi-ca.n
1848 4731 1927 4811 (τι)

2033 4772 2047 4794 ,
2083 4731 2204 4818 Tia,
2235 4733 2580 4818 iu‘exitiblus.
2629 4732 2738 4818 ‘(x)
2763 4732 2851 4797 A.,
2886 4732 2970 4813 S.,
2998 4732 3137 4818 pacti
3163 4731 3346 4818 huius.
3422 4733 3498 4804 (9)
3531 4734 3622 4818 Α..

364 4813 419 4858 ct
447 4803 559 4856 non
610 4803 960 4856 inclinarunt.

365 4875 618 4928 invicem.
697 4873 770 4939 (ὑ)
822 4872 1194 4926 Ambulantes.
1272 4870 1343 4940 (ε)
1382 4871 1474 4933 Α.,
1514 4874 1659 4940 quol
1707 4873 1906 4926 excidi.

365 4945 435 5012 (Γ)
477 4943 568 5004 Α.,
595 4941 678 5012 S.,
698 4942 911 4995 altaria.

1046 4802 1120 4871 (ι)
1153 4801 1241 4866 Α.,
1279 4801 1330 4871 in
1373 4803 1742 4867 perversitate.
1780 4801 1864 4864 S.,
1916 4803 1969 4856 in
2017 4803 2374 4871 beneplacito.

2019 4873 2098 4937 (ιι)
2143 4875 2233 4937 Α.,
2265 4873 2346 4934 S.,
2397 4885 2450 4928 et
2493 4873 2952 4928 vociferabuntur.

989 4942 1062 5011 (g)
1100 4941 1183 5006 S.,
1210 4942 1351 4994 leves
1383 4950 1437 4993 tu
1477 4957 1572 5009 pro
1596 4944 1676 4996 eis
1709 4943 2100 5010 precationem,
2129 4959 2305 5012 neque
2331 4959 2474 4999 ores.

2485 4807 2562 4875 (a)
2610 4805 2699 4866 Α.,
2746 4804 3140 4875 prteVaricatio.
3179 4803 3276 4875 _S.,
3315 4803 3624 4872 iuramenta

3051 4874 3119 4942 (ε)
3168 4871 3251 4939 8.,
3303 4871 3624 4942 platearum.

2555 4945 2630 5011 (It)
2661 4946 2753 5005 Α.,
2788 4960 2958 5012 quare
2988 4943 3184 4997 dilecto
3225 4961 3344 4998 meo
3381 4945 3432 4998 in
3465 4946 3629 5000 domo

368 5011 584 5084 meamad
619 5011 926 5084 faciendum
961 5012 1191 5084 cogitata
1216 5013 1514 5084 inmltatet
1551 5027 1769 5084 carnem
1810 5025 2064 5084 sanctam
2116 5011 2292 5066 amovi
2333 5029 2364 5067 a
2404 5026 2496 5084 te,
2529 5016 2656 5084 quia
2689 5011 2928 5084 ntalitiaz,
2975 5015 3101 5082 quia
3142 5025 3269 5068 tunc
3307 5018 3626 5070 exsultabis.

369 5085 431 5152 (ἰ)
464 5082 550 5142 S.,
584 5082 649 5136 ad
679 5097 864 5136 vocem
895 5083 1256 5136 multitudinis
1280 5081 1531 5152 grandis.
1595 5081 1665 5152 (k)
1703 5082 1847 5137 Arsit
1883 5083 2024 5151 ignis
2049 5099 2210 5149 super
2240 5097 2384 5136 eain.

371 5151 444 5207 bi.
525 5153 601 5223 (η)
647 5152 734 5217 S.,
766 5168 938 5222 agnus
972 5154 1256 5220 pacilicus,
1289 5152 1381 5220 qui
1412 5151 1732 5223 ducitur-ad
1778 5152 2194 5220 jugulationem.
2232 5154 2324 5218 Α.,
2383 5151 2663 5208 adsuetus.

370 5239 562 5291 panem
605 5223 747 5287 eius.
789 5234 842 5276 et
876 5224 1156 5277 deleamus
1194 5238 1342 5276 omn.

1447 5219 1524 5290 (ρ)
1559 5220 1640 5283 8.,
1677 5219 2030 5291 investigatis.
2107 5229 2182 5291 (ᾳ)
2223 5223 2312 5287 Α.,
2344 5223 2402 5278 8.
2436 5225 2700 5292 judicium
2739 5219 2942 5280 meum.

2459 5073 2520 5155 (ι)
2546 5073 2642 5143 Ἀ..
2679 5073 2762 5150 S.,
2797 5073 3053 5155 inﬁrmati
3085 5095 3231 5138 sunt.
3311 5087 3515 5154 (nt)A.,
3546 5085 3627 5148 S.,

2771 5154 2844 5223 (υ)
2889 5154 2970 5220 8.,
3015 5170 3432 5223 corrmnpamus
3486 5156 3630 5225 ligno

3021 5225 3113 5293 (r,)
3151 5226 3236 5283 Α..
3268 5226 3628 5278 exercituum.

372 5297 444 5358 (ε)
483 5293 572 5354 Α.,
599 5293 784 5360 justus
827 5302 901 5352 tu,
941 5291 1184 5356 Domine,
1227 5291 1444 5364 quando
1469 5293 1698 5364 judicio
1724 5294 2048 5345 contendam
2082 5293 2346 5364 adversus
2371 5291 2450 5348 te.
2477 5294 2558 5358 S.,
2594 5297 2717 5364 plus
2747 5296 2931 5362 justus
2962 5291 3040 5358 tu,
3081 5294 3328 5355 Domine,
3367 5295 3409 5364 si
3443 5295 3634 5363 l0quar

371 5378 470 5431 ego
498 5365 762 5416 adversm
793 5371 843 5416 te
871 5381 884 5428 ;
923 5361 1293 5417 verumtamen
1313 5361 1512 5431 judicia
1541 5362 1731 5430 loquar
1761 5377 1947 5415 curam
1987 5372 2057 5417 lc.

375 5434 451 5500 (u)
489 5435 575 5494 Α.,
610 5433 1002 5499 S.,coguovisti
1045 5449 1147 5484 me.

784 5434 1002 5499 guovisti
1045 5449 1147 5484 me.
1247 5433 1323 5503 (π)
1360 5433 1450 5503 Α.,
1487 5431 1606 5494 'l'lt.,
1642 5433 1941 5488 sanctiﬁca.
1979 5433 2062 5496 S.,
2106 5431 2375 5489 discerne.

374 5504 502 5570 quia
523 5517 646 5554 cun.
671 5503 901 5574 pedibus
926 5504 1242 5565 cucurristi,
1271 5517 1323 5556 et
1347 5502 1642 5574 fatigaruut
1679 5512 1750 5568 te,
1787 5511 1836 5556 et
1881 5503 2158 5574 quomodo
2197 5502 2584 5574 implicabis'te
2615 5521 2736 5558 ctnn
2773 5505 3046 5574 equitibus
3071 5502 3516 5572 intelligenttbus.

2136 5363 2301 5432 (l)A.,
2332 5366 2566 5419 iverunt.
2596 5363 2685 5424 S.,
2705 5381 2763 5420 se
2781 5369 3131 5420 extendentes
3148 5365 3353 5416 faciunt
3372 5363 3631 5418 fructum.

2454 5437 2529 5504 (y)
2563 5440 2652 5500 Α.,
2684 5437 2770 5499 S.,
2811 5437 3107 5490 novissima
3139 5443 3342 5486 nostra.
3423 5434 3495 5504 (π.)
3544 5437 3634 5498 Α.,

2454 5507 2499 5558 is
2535 5515 2584 5558 te
2615 5521 2736 5558 cmn
2773 5505 3046 5558 equitibus
3071 5503 3516 5558 intelligenttbus.
3551 5503 3634 5558 8..

377 5573 421 5624 si
465 5586 587 5642 cum
618 5571 845 5639 pedibus
870 5573 1002 5642 dum
1036 5576 1313 5632 currebas,
1344 5570 1670 5642 defatigatus
1691 5588 1770 5636 es,
1807 5570 2078 5642 quomodo
2109 5570 2404 5630 contendes
2444 5591 2568 5628 cum
2606 5574 2780 5638 equis,
2809 5570 2862 5627 et
2895 5577 2944 5626 in
2994 5583 3135 5628 terra
3169 5570 3389 5642 paciﬁca
3419 5589 3476 5627 es
3520 5577 3640 5628 sire

379 5641 809 5714 soll_icitudiue?_
858 5641 944 5714 (rt)_
978 5645 1066 5703 Α.,
1092 5643 1146 5694 in
1184 5643 1438 5714 elatione.
1593 5639 1870 5711 quomodo
1904 5643 2149 5714 visitabis
2192 5645 2244 5698 in
2287 5647 2481 5698 robore
2521 5644 2821 5698 Jordanis?
2853 5645 2979 5714 quia
3021 5639 3198 5697 adhuc
3227 5654 3277 5697 ct
3319 5645 3511 5696 fratres
3539 5648 3638 5697 lui.

377 5723 429 5762 et
457 5711 649 5786 domus
676 5711 845 5786 patris
875 5711 948 5762 tui
985 5727 1180 5786 rursus
1201 5713 1364 5786 etiam
1400 5711 1504 5779 ipsi
1543 5714 1608 5767 ad
1644 5713 2066 5781 exspectandum
2101 5723 2173 5780 te,
2215 5731 2433 5786 quoque
2475 5716 2549 5768 illi
2581 5711 2887 5768 clamarunt
2915 5722 3036 5785 post
3062 5723 3132 5780 te,
3168 5713 3331 5767 additi
3369 5721 3537 5767 sunt:
3575 5728 3640 5768 ne

379 5779 570 5833 credas
592 5781 696 5846 eis,
716 5782 761 5834 si
792 5781 1084 5849 loquantur
1119 5781 1184 5834 ad
1213 5791 1264 5836 te
1295 5784 1457 5837 bona.

520 5909 586 5946 ..ψ
608 5931 615 5935 _
