4102 6278
447 319 587 375 9525

1605 310 1836 366 CODEX
1877 305 2548 364 SYRO-IIEXAPLARIS.

3556 311 3704 370 2521

446 435 814 490 haereditatem
849 447 1024 488 meam
1059 448 1073 484 :
1131 429 1252 486 dedi
1277 429 1348 500 (b)
1385 428 1620 484 animam
1658 443 1832 482 meam
1863 426 2029 480 dilec—
2059 431 2102 486 Α
2132 427 2201 491 >ιί
2239 424 2464 494 pallium
2501 423 2524 491 ζ
2555 424 2707 488 illud,
2743 423 2818 491 (ιι)
2849 433 2910 478 ιιι
2943 439 3049 479 non
3085 433 3274 494 aptum
3300 438 3444 484 esset
3481 445 3546 484 ue
3578 431 3712 498 qui-

447 536 556 580 tam
589 527 641 580 in
673 541 867 578 tnauus
914 524 1263 578 inimicorum
1294 523 1431 591 ejus.
1479 520 1530 572 8.
1576 519 1740 573 Facta
1775 528 1858 572 est
1893 519 2024 570 mihi

447 615 736 669 hacreditas
765 629 881 668 mea
910 623 966 666 ιιι
994 613 1078 666 leo
1102 613 1154 665 in
1183 613 1338 676 silva,
1365 611 1512 666 dedit
1541 625 1703 678 super
1729 625 1814 662 me
1839 624 2023 663 vocem

445 697 600 760 suam
638 723 652 758 :
697 714 922 774 propter
970 705 1074 758 hoc
1106 703 1194 757 odi
1229 718 1370 756 eam.
1418 701 1472 755 9.
1531 701 1720 756 Nonne
1765 701 2024 769 spelunca

448 799 652 867 hyaenae
684 797 973 849 haereditas
1017 809 1136 848 mea
1181 793 1356 846 mihi?
1403 804 1498 846 aut
1537 794 1794 861 spelunca
1827 793 1880 844 in
1925 793 2026 845 circ

445 890 596 942 cuitu
643 889 760 956 ejus
795 903 958 954 super
987 885 1146 938 eam?
1179 884 1272 950 lie,
1329 893 1656 952 congregato
1700 897 1892 938 omnes
1929 883 2023 936 be-

444 981 580 1034 alias
617 980 754 1047 agri,
789 987 841 1031 et
863 976 1169 1029 veniantad
1205 975 1600 1030 comedendum
1628 992 1769 1029 eam.
1807 976 1892 1029 l0.
1924 974 2026 1029 Pa-

443 1081 622 1127 storcs
662 1070 814 1122 multi
851 1076 1216 1136 corruperunt
1251 1067 1463 1119 vineam
1495 1083 1694 1129 meam,
1725 1068 1795 1135 (c)
1821 1067 2024 1136 pollue-

447 1171 576 1216 runt
605 1160 684 1230 (ά)
725 1168 932 1229 partem
969 1173 1167 1222 meam,
1199 1157 1467 1212 dederunt
1491 1157 1792 1224 portionem
1819 1157 2024 1210 deside-

445 1247 674 1302 rabilem
732 1261 908 1299 meam
951 1246 1004 1298 in
1045 1247 1316 1298 desertum
1359 1258 1466 1296 non
1505 1244 1770 1311 pervium.
1809 1245 1892 1296 11.
1922 1243 2024 1298 Ρο-

445 1343 547 1396 sita
573 1349 656 1394 est
683 1341 736 1392 in
771 1341 1174 1407 corruptionem
1207 1337 1276 1407 (ε)
1311 1339 1655 1407 perditionis.
1687 1338 1912 1407 Propter
1938 1353 2022 1392 me

443 1448 632 1486 eversa
670 1439 753 1485 est
785 1431 1020 1499 pernicie
1052 1438 1160 1482 tota
1189 1440 1355 1492 terra,
1389 1432 1514 1499 quia
1549 1446 1658 1483 non
1685 1438 1768 1484 est
1795 1431 1894 1493 vir,
1927 1431 2020 1498 qui

445 1531 612 1592 pnnat
655 1522 708 1576 in
749 1523 914 1575 corde
959 1535 1080 1574 suo.
1117 1520 1200 1574 l2.
1251 1519 1427 1590 Super
1463 1537 1678 1575 onmem
1722 1522 1925 1575 exitum
1967 1521 2020 1582 in

444 1616 660 1668 deserto
711 1621 974 1666 venerunt
1017 1613 1086 1682 (Γ)
1137 1613 1170 1665 ii
1208 1615 1299 1683 qui
1345 1622 1544 1667 vexant
1587 1633 1600 1668 :
1647 1616 1776 1683 quia
1811 1614 2022 1683 gladius

445 1705 660 1758 Domini
711 1706 960 1758 comedet
1010 1721 1040 1758 a
1091 1705 1165 1773 (g)
1210 1705 1477 1774 principio
1529 1716 1686 1760 terrae
1733 1722 1906 1776 usque
1953 1709 2019 1761 ad

443 1797 769 1866 principium
805 1805 963 1850 terrae
991 1815 1006 1850 :
1038 1813 1146 1850 non
1177 1807 1260 1851 est
1282 1814 1383 1867 pax
1421 1799 1567 1852 omni
1595 1801 1770 1852 carni.
1807 1801 1892 1854 15.
1931 1802 2024 1855 Se-

443 1889 696 1944 minastis
733 1889 998 1953 triticum,
1035 1897 1088 1942 et
1125 1891 1312 1958 spinas
1336 1892 1648 1946 inessuistis
1683 1909 1694 1943 :
1741 1891 1816 1961 (Ιι)
1847 1901 2024 1946 sortes

443 1982 505 2049 (ἰ)
549 1995 737 2034 eorum
776 1997 882 2035 non
919 1983 1216 2047 proderunt
1251 1983 1349 2036 eis.
1383 1985 1700 2037 Erubescite
1737 1999 1765 2036 a
1797 1983 1869 2051 (lt)
1911 1985 2026 2054 glo-

443 2071 676 2124 riatinne
731 2077 932 2132 vestra,
984 2068 1046 2138 (ι)
1097 2069 1164 2122 ab
1202 2069 1497 2138 opprobrio
1547 2084 1732 2123 coram
1773 2069 2020 2123 Domino.

449 2162 532 2215 l4.
574 2160 711 2226 Quia
762 2163 875 2215 haec
922 2161 1054 2214 dicit
1103 2161 1369 2216 Dominus
1415 2161 1482 2216 de
1528 2161 1784 2214 omnibus
1833 2162 2026 2216 vicinis

445 2251 632 2312 malis,
667 2252 757 2320 qui
791 2261 1019 2319 tangunt
1067 2252 1434 2305 hacreditatem
1483 2265 1682 2311 meam,
1729 2267 1892 2320 quam
1929 2252 2024 2320 (ιιι)

444 2343 716 2399 distribui
749 2343 949 2410 p0p|ll0
1007 2357 1128 2396 meo
1163 2345 1228 2412 ῖς(
1279 2341 1440 2396 Israel
1486 2343 1507 2412 ζ
1563 2360 1576 2395 :
1629 2340 1768 2396 Ecce
1815 2358 1914 2411 ego
1947 2343 2023 2412 (η)

444 2434 672 2487 evellam
719 2450 813 2487 eos
850 2450 914 2486 ex
957 2442 1100 2486 terra
1140 2449 1355 2495 eorum,
1387 2441 1443 2486 et
1481 2433 1704 2487 domum
1744 2433 1897 2487 Jualae
1923 2433 2026 2503 eji-

443 2524 583 2577 ciam
632 2541 698 2578 ex
749 2525 926 2578 medio
969 2541 1180 2578 corum.
1223 2525 1311 2578 15.
1364 2524 1430 2577 Ει
1474 2526 1596 2586 erit,
1635 2537 1917 2594 postquam
1949 2525 2025 2595 (ο)

442 2617 654 2684 ejecero
681 2631 798 2679 eos,
835 2625 1078 2668 revertar
1113 2619 1186 2685 (ρ)
1215 2627 1268 2668 et
1297 2617 1596 2671 miserebor
1623 2632 1830 2678 eorum,
1870 2617 1942 2686 (q)
1975 2627 2029 2672 et

448 2708 696 2760 habitare
721 2705 918 2762 faciam
953 2722 1050 2761 eos
1093 2723 1540 2776 unumquemque
1573 2708 1624 2760 in
1660 2708 2024 2762 haereditate“!

445 2813 626 2857 suam,
677 2807 731 2850 et
773 2812 1220 2865 unumquemque
1261 2803 1314 2850 In
1355 2807 1552 2851 terram
1603 2814 1780 2853 suam.
1828 2799 1914 2851 l6.
1965 2798 2028 2850 Et

446 2890 572 2952 erit,
617 2887 660 2942 si
693 2887 764 2957 (r)
799 2887 1061 2941 discendo
1101 2887 1392 2942 didicerint
1425 2890 1566 2942 viam
1612 2889 1795 2958 populi
1825 2889 1928 2942 mei
1962 2889 2030 2943 ad

445 2977 736 3032 dicendum
768 2977 818 3030 in
861 2976 1081 3031 nomine
1111 2992 1252 3040 meo,
1282 2978 1408 3031 vivit
1441 2977 1724 3042 Domitius,
1759 2981 1900 3033 sicut
1933 2981 2030 3035 do-

447 3075 681 3122 cucrunt
707 3067 966 3135 pepulum
992 3081 1168 3120 meum
1197 3067 1266 3120 ad
1295 3068 1584 3123 dicendum
1617 3071 1668 3122 in
1694 3071 1840 3135 Baal,
1866 3073 2030 3126 etiam

449 3158 774 3212 habitabant
803 3158 854 3210 in
893 3159 1070 3212 medio
1103 3160 1286 3227 populi
1319 3162 1443 3214 mei.
1486 3161 1570 3214 17.
1608 3162 1666 3216 Si
1709 3175 1888 3217 autent
1920 3180 2026 3218 non

448 3251 520 3317 (δ)
557 3263 617 3302 se
647 3247 1012 3302 converterint
1035 3285 1048 3310 ,
1091 3257 1144 3300 et
1179 3247 1364 3302 tollam
1407 3249 1554 3302 illam
1597 3261 1808 3319 gentem
1843 3252 2028 3308 subla-

449 3339 618 3402 tione,
649 3346 701 3390 et
721 3338 1046 3405 perditione,
1075 3339 1142 3404 >κ
1171 3337 1302 3390 dicit
1333 3337 1596 3393 Dominus
1628 3341 1674 3408 ζ.

519 3429 651 3499 Cap.
674 3429 886 3483 Xlll.-—
910 3430 958 3481 1.
979 3427 1101 3482 llaec
1115 3430 1248 3484 dicit
1267 3430 1606 3500 Dominth
1623 3433 1687 3485 ad
1715 3433 2026 3500 meﬁ:Vade,

449 3530 505 3574 et
543 3519 760 3588 posside
809 3521 904 3572 tibi
955 3521 1182 3588 pallium
1235 3521 1355 3585 lini,
1393 3533 1446 3575 et
1491 3539 1630 3590 pone
1677 3523 1808 3576 illud
1867 3539 2031 3592 super

451 3612 595 3665 latus
623 3619 798 3675 tuum,
827 3618 882 3664 et
917 3625 1012 3679 per
1035 3627 1232 3678 aquam
1267 3627 1373 3664 non
1412 3612 1684 3667 transibit.
1717 3615 1769 3666 2.
1807 3614 1872 3668 Et
1913 3631 2034 3684 pos-

452 3703 565 3756 sedi
616 3703 840 3770 pallium
879 3703 1032 3771 juxta
1089 3705 1313 3756 verbum
1347 3703 1582 3769 Domini,
1617 3715 1666 3758 et
1709 3705 1866 3773 posui
1899 3707 2032 3758 illud

453 3811 614 3864 super
647 3797 787 3849 latus
815 3811 1016 3850 meum.
1043 3796 1095 3848 5.
1125 3795 1186 3848 Et
1215 3794 1417 3849 factum
1440 3804 1521 3849 est
1553 3796 1778 3850 verbum
1819 3795 2030 3848 Domini

452 3887 518 3940 ad
544 3902 626 3940 me
646 3889 712 3953 Χ
737 3887 1068 3955 repetitionis
1087 3886 1148 3954 (i.
1165 3902 1237 3950 e.,
1255 3887 1534 3954 iterum);
1553 3887 1738 3942 dicens
1762 3887 1844 3941 τι.
1865 3885 2033 3940 Sume

453 3977 702 4046 pallium,
719 3978 945 4046 Xquod
965 3979 1247 4046 possedisti
1270 3979 1317 4045 ζ,
1334 3979 1480 4054 quod
1505 3995 1670 4047 super
1691 3981 1832 4034 latus
1855 3989 2032 4043 tuum,

453 4079 509 4122 ct
529 4084 710 4137 surge,
744 4077 798 4122 et
823 4071 956 4124 vade
994 4071 1062 4124 ad
1113 4069 1470 4139 Euphratem,
1496 4081 1548 4124 et
1577 4071 1855 4126 absconde
1901 4070 2032 4124 illud

376 4195 384 4204 -
455 4161 526 4214 ibi
563 4163 613 4214 in
653 4161 920 4216 foramine
955 4171 1140 4231 petrae.
1173 4165 1224 4217 5.
1261 4162 1326 4215 Ει
1354 4161 1446 4226 ivi,
1477 4163 1869 4218 etabscondidi
1901 4163 2032 4218 illud

457 4253 508 4306 in
553 4251 842 4320 Euphrate.
882 4254 1024 4307 sicut
1055 4265 1385 4322 praeceperat
1414 4253 1678 4308 Dominus
1707 4255 1860 4308 mihi.
1887 4255 1940 4308 6.
1972 4254 2036 4309 Et

458 4344 672 4401 factum
707 4355 790 4399 est
829 4355 952 4414 post
997 4345 1116 4398 dies
1145 4345 1363 4401 multos.
1411 4357 1465 4400 et
1490 4347 1626 4401 dixit
1667 4347 1928 4402 Dominus
1966 4348 2032 4402 ad

2127 517 2250 571 dem
2275 517 2341 569 ad
2377 517 2601 586 aliquid.
2636 517 2687 570 8.
2718 516 2782 571 Et
2815 517 3015 571 factum
3075 527 3160 573 est
3217 521 3442 574 verbum
3491 521 3710 576 Domini

2127 609 2192 662 ad
2235 624 2340 672 me,
2371 609 2594 663 dicens:
2621 607 2746 662 Haec
2773 610 2903 663 dicit
2927 609 3192 664 Dominus
3225 635 3234 665 :
3270 611 3322 666 9.
3351 611 3441 667 Sic
3457 629 3710 668 corrum—

2127 715 2249 768 pam
2294 699 2371 768 (ac)
2411 699 2795 754 contumeliam
2855 698 3039 762 .ludae,
3088 711 3141 754 et
3183 700 3261 770 (aa)
3315 705 3706 758 contumeliam

2125 789 2424 845 Jerusalem
2459 791 2542 844 l0.
2571 793 2817 852 multam,
2849 794 2913 856 3x
2943 793 3200 859 pupulum
3240 794 3384 846 hunc
3415 797 3620 847 malum
3657 797 3702 863 ζ,

2125 897 2241 944 eos,
2267 882 2358 949 qui
2403 897 2507 934 non
2545 890 2791 950 qttaerunt
2848 882 3068 935 obedire
3103 883 3281 937 verbis
3323 883 3481 946 meis,
3529 888 3593 951 Χ
3630 887 3706 954 (y)

2125 973 2216 1040 qui
2247 972 2530 1025 ambulant
2557 973 2608 1024 in
2643 974 2969 1026 rectitudine
3001 973 3184 1027 cordis
3207 975 3276 1040 ὶδξ·
3309 976 3392 1028 sui
3427 977 3552 1030 mali
3587 978 3710 1045 ιρι

2125 1065 2407 1117 ambulant
2429 1074 2552 1133 post
2577 1064 2704 1118 deos
2729 1065 2956 1130 alienos,
2989 1067 3056 1118 ad
3089 1065 3380 1120 colendum
3413 1069 3699 1122 Servitium

2124 1155 2226 1220 eis,
2251 1165 2302 1208 et
2331 1155 2394 1208 ad
2429 1155 2764 1209 adorandum
2789 1163 2984 1209 eosaet
3013 1165 3174 1210 erunt
3211 1167 3268 1210 ut
3309 1159 3530 1225 pallium
3576 1161 3703 1226 hoc,

2125 1247 2270 1315 quod
2307 1263 2412 1300 non
2445 1259 2629 1314 aptum
2653 1263 2700 1300 ei
2719 1247 2757 1299 it
2789 1261 2850 1300 ne
2873 1246 3092 1314 quidem
3117 1247 3181 1299 ad
3201 1248 3425 1316 aliquid.
3449 1251 3532 1303 11.
3553 1249 3705 1315 Quo-

2125 1339 2270 1392 niam
2320 1340 2462 1393 sicut
2509 1338 2902 1407 agglutinatum
2955 1349 3037 1392 est
3087 1339 3310 1407 pallium
3358 1339 3431 1408 (τι)
3463 1342 3527 1394 ad
3563 1343 3708 1398 latus

2128 1431 2384 1492 hominis,
2425 1431 2496 1483 ita
2543 1430 2870 1498 agglutinavi
2916 1430 2982 1482 ad
3020 1447 3106 1484 me
3137 1432 3202 1497 )9:
3239 1445 3450 1485 omnem
3475 1433 3704 1488 domum

2126 1521 2342 1576 Israelis
2385 1521 2432 1588 ζ,
2465 1529 2518 1574 et
2545 1535 2760 1574 onmem
2799 1521 3022 1574 domum
3053 1517 3228 1584 Judac,
3264 1525 3329 1587 »ξ
3355 1521 3488 1577 dicit
3519 1521 3706 1578 Domi-

2125 1629 2229 1666 nus
2257 1612 2303 1680 ζ,
2335 1621 2394 1665 ιιι
2429 1623 2572 1666 esset
2601 1613 2730 1664 mihi
2772 1613 2824 1664 in
2853 1612 3111 1680 populum
3174 1616 3535 1678 nominatum,
3565 1625 3618 1668 et
3649 1617 3704 1669 in

2127 1703 2523 1772 gloriationem,
2555 1714 2607 1756 et
2653 1705 2705 1756 in
2753 1703 3018 1772 gleriam,
3055 1713 3108 1758 et
3155 1719 3264 1757 non
3307 1705 3704 1760 exaudiret-unt

2057 1786 2097 1840 Β
2125 1811 2230 1848 me.
2265 1796 2349 1849 12.
2383 1795 2447 1848 Et
2469 1795 2616 1849 dices
2642 1794 2708 1848 ad
2733 1796 2992 1863 populum
3025 1797 3247 1848 verbum
3277 1797 3344 1864 >κ
3375 1797 3480 1855 hoc
3502 1796 3524 1864 ζ
3547 1815 3560 1848 :
3582 1795 3705 1851 llaec

2125 1887 2258 1941 dicit
2309 1886 2572 1941 Dominus
2615 1891 2679 1955 >κ
2713 1881 2858 1940 Dens
2904 1887 3122 1942 Israelis
3153 1889 3208 1956 ξε
3237 1890 3312 1954 la)
3347 1887 3540 1943 Omnis
3583 1897 3704 1942 uter

2127 1979 2440 2046 implebitur
2473 1980 2617 2032 vino.
2647 1977 2712 2032 Et
2755 1980 2888 2038 erit,
2925 1979 2968 2032 si
3003 1979 3241 2032 dixerint
3279 1980 3344 2033 ad
3385 1989 3435 2033 te
3467 1999 3480 2034 :
3515 1978 3708 2034 Nonne

2125 2071 2500 2140 cognoscendo
2559 2085 2666 2123 non
2720 2085 3134 2140 cognoscemus,
3176 2071 3320 2140 quod
3361 2071 3541 2125 omnis
3587 2081 3709 2124 uter

2127 2163 2439 2232 implebitur
2467 2163 2593 2216 vino
2612 2162 2635 2214 ?
2655 2163 2742 2217 15.
2766 2162 2938 2216 Etiam
2969 2163 3118 2217 dices
3149 2163 3215 2216 ad
3246 2178 3376 2216 eos:
3423 2161 3546 2216 ibeo
3575 2162 3708 2217 dicit

2127 2251 2392 2306 Dominus
2431 2271 2444 2305 :
2477 2251 2616 2307 Ecce
2653 2268 2754 2322 ego
2797 2254 3107 2320 repleturus
3159 2267 3280 2306 sum
3341 2265 3534 2305 omnes
3585 2253 3708 2306 illos

2109 2345 2218 2412 .qui
2254 2344 2498 2398 habitant
2548 2346 2600 2398 in
2643 2353 2784 2398 terra
2837 2345 2957 2408 hac,
2990 2354 3044 2397 ct
3087 2359 3242 2413 reges
3275 2343 3524 2397 sedentes
3565 2344 3706 2397 lilios

2126 2433 2347 2487 Davidis
2392 2447 2556 2502 super
2609 2435 2808 2488 throno
2853 2447 2918 2488 σι-
2959 2434 3076 2500 ejus
3107 2434 3152 2500 ζ,
3187 2441 3241 2486 et
3287 2433 3622 2498 sacerdotes,
3653 2440 3707 2487 et

2127 2526 2442 2593 prophetas,
2475 2539 2534 2579 -t-
2571 2523 2840 2579 etJudam
2875 2525 2923 2590 ζ,
2947 2533 3002 2577 et
3040 2541 3227 2578 omnes
3257 2524 3378 2578 illos
3413 2525 3506 2593 qui
3553 2526 3702 2579 habi-

2129 2625 2242 2670 tant
2271 2617 2322 2669 in
2353 2617 2654 2670 Jerusalem
2687 2616 2949 2670 ebrietate
2997 2634 3010 2667 :
3045 2616 3125 2668 H.
3161 2615 3224 2668 Et
3255 2616 3559 2685 dispergam
3591 2632 3706 2681 cos,

2127 2709 2326 2771 virum,
2364 2707 2436 2777 (ὁ)
2463 2717 2517 2761 et
2537 2706 2760 2762 fratrem
2793 2707 2934 2775 ejus,
2955 2716 3007 2762 et
3034 2715 3214 2775 patres
3238 2721 3452 2772 eorum,
3487 2717 3539 2760 et
3569 2708 3710 2762 filios

2128 2815 2312 2852 eorum
2351 2799 2536 2852 simul.
2563 2797 2702 2853 Dicit
2731 2798 3028 2853 Dominus:
3051 2799 3120 2867 (c)
3155 2797 3274 2850 Non
3301 2797 3706 2867 concupisc:nn,

2129 2898 2182 2943 et
2205 2905 2310 2942 non
2331 2905 2572 2958 parcam,
2593 2898 2644 2942 et
2667 2875 2773 2942 non
2793 2887 3093 2942 miserebor
3115 2905 3141 2939 a
3163 2887 3467 2956 perditioiie
3495 2903 3704 2941 eorum.

2133 2981 2220 3036 15.
2253 2981 2468 3044 Audite,
2494 2993 2543 3034 et
2577 2980 2902 3042 auscultate,
2936 2989 2988 3032 et
3017 2995 3122 3032 non
3151 2991 3249 3033 vos
3282 2979 3540 3045 elieratis,
3577 2981 3706 3048 quia

2135 3071 2398 3126 Dominus
2430 3073 2645 3126 locutus
2678 3081 2780 3126 est.
2816 3072 2904 3127 16.
2935 3071 3066 3126 Date
3118 3072 3346 3126 Domino
3377 3071 3486 3125 Deo
3519 3083 3706 3127 nostro

2131 3163 2378 3233 gloriam,
2429 3172 2720 3232 antequam
2775 3172 3070 3232 antequam
3127 3161 3191 3234 (')
3244 3164 3602 3226 tenebrcscat,
3654 3173 3711 3217 et

2129 3265 2420 3324 antequam
2467 3254 2743 3308 offendant
2779 3255 2942 3321 pedes
2993 3255 3156 3309 vestri
3191 3254 3268 3324 (ά)
3305 3269 3467 3323 super
3497 3264 3708 3308 montes

2130 3347 2468 3400 tenebrosos.
2515 3345 2582 3398 Et
2630 3346 3018 3415 exspectabitis
3071 3347 3124 3398 in
3181 3345 3378 3409 lucem,
3423 3345 3493 3414 (c)
3539 3354 3594 3398 et
3635 3345 3706 3397 ibi

2131 3437 2322 3489 umbra
2357 3436 2584 3490 mortis:
2614 3445 2668 3490 et
2706 3443 2978 3505 ponentur
3018 3436 3070 3487 in
3113 3436 3372 3488 tenebris.
3413 3434 3496 3486 l7.
3533 3433 3589 3487 Si
3620 3451 3711 3488 au-

2132 3537 2238 3580 tem
2265 3541 2371 3579 non
2400 3526 2682 3580 audieritis
2701 3528 2768 3594 χ
2795 3527 2900 3580 hoc
2928 3527 2974 3594 ζ,
3007 3526 3072 3595 (Ι)
3103 3527 3329 3580 latenter
3353 3525 3500 3578 llebit
3529 3527 3708 3578 anima

2133 3627 2309 3671 vestra
2339 3632 2520 3671 coram
2552 3617 2689 3672 facie
2713 3619 2788 3687 (g)
2819 3617 3184 3681 contumeliae,
3207 3601 3351 3685 κλει
3373 3617 3712 3672 laerimando

2133 3708 2507 3762 lacrimabitur
2543 3711 2589 3778 ζ,
2623 3718 2676 3762 et
2708 3709 2981 3764 deducent
3023 3709 3166 3762 oculi
3198 3709 3360 3762 vestri
3417 3709 3709 3774 lacrimas;

2132 3802 2259 3869 quia
2293 3799 2619 3855 confractus
2669 3811 2754 3856 est
2805 3816 2934 3871 grex
2975 3799 3210 3854 Domini.
3245 3800 3330 3854 18.
3371 3800 3544 3853 1)ίι·ἱιιξ
3577 3799 3709 3868 regi,

2133 3903 2186 3947 et
2225 3893 2299 3962 (h)
2331 3894 2640 3962 potentibus
2690 3912 2704 3946 :
2756 3893 3164 3960 Humiliamini,
3215 3903 3269 3947 et
3323 3894 3540 3958 sedete;
3591 3895 3712 3962 quia

2134 3985 2345 4039 sublata
2377 3986 2555 4040 estde
2588 3987 2764 4056 capite
2805 3997 2988 4040 vestro
3044 4001 3246 4041 corona
3285 3988 3468 4056 gloriae
3500 3997 3714 4041 vestrae.

2137 4076 2222 4130 l9.
2245 4077 2307 4146 (ἰ)
2332 4076 2524 4139 Urbes,
2549 4091 2674 4144 quae
2705 4076 2770 4130 ad
2791 4086 3062 4142 austrum,
3089 4077 3312 4132 inclusae
3345 4085 3490 4142 sunt,
3531 4086 3582 4130 et
3607 4092 3714 4130 non

2134 4176 2270 4229 erat,
2289 4167 2378 4231 qui
2401 4168 2628 4236 aperiat.
2657 4167 3088 4238 Transmigravit
3107 4167 3267 4236 Iuda,
3303 4168 3720 4237 perlecittrans-

2135 4257 2520 4326 migrationem
2585 4258 2659 4328 (lt)
2713 4260 3109 4316 retributionis.
3177 4259 3269 4313 ΩΟ.
3327 4257 3467 4314 Leva
3527 4260 3718 4313 oculos

2137 4354 2279 4408 tuos,
2310 4359 2366 4399 -t-
2400 4344 2704 4401 Jerusalem
2733 4347 2780 4414 ζ,
2801 4357 2854 4401 et
2883 4348 3006 4403 vide
3035 4348 3315 4403 Venientes
3345 4349 3415 4403 ab
3439 4349 3718 4417 aquilone.

458 4455 543 4494 me
578 4457 592 4495 :
629 4439 822 4510 Surge,
849 4440 983 4495 vade
1011 4441 1076 4494 ad
1111 4439 1467 4508 Euphratem,
1503 4449 1558 4494 et
1589 4456 1745 4494 sume
1765 4439 1889 4495 inde
1919 4440 2032 4509 pal-
2066 4452 2109 4506 ι)
2141 4437 2243 4492 Ubi
2271 4446 2355 4492 est
2381 4439 2640 4507 grex,qui
2667 4441 2825 4493 datus
2849 4449 2934 4494 est
2964 4440 3081 4504 tibi,
3115 4455 3248 4494 oves
3273 4438 3337 4509 (ι)
3359 4440 3545 4508 gloriae
3569 4449 3674 4493 tua:
3700 4439 3722 4492 τ

458 4533 608 4596 lium,
639 4532 782 4601 quod
833 4533 1060 4602 praecepi
1099 4532 1217 4596 tibi,
1266 4542 1325 4585 ut
1361 4533 1725 4587 abseonderes
1763 4532 1857 4586 ibi.
1893 4532 1944 4588 7.
1971 4533 2037 4586 Et

457 4625 565 4676 abii
608 4628 672 4677 ad
726 4623 1076 4693 Euphratem,
1106 4633 1159 4676 et
1190 4622 1372 4686 effodi,
1421 4624 1665 4677 etsumsi
1715 4624 1934 4692 pallium
1967 4639 2034 4678 ex

459 4713 598 4779 loco,
634 4730 742 4783 quo
764 4713 826 4785 (ι)
860 4713 1018 4768 obrui
1043 4713 1176 4767 illud
1209 4713 1298 4768 ibi.
1323 4711 1389 4767 Et
1415 4729 1539 4768 ecce
1569 4725 1885 4783 corruptum
1918 4723 2035 4769 erat

533 4958 608 5028 (b)
643 4955 732 5028 A_.,
768 4955 852 5028 8.,
885 4954 1079 5028 dilecta
1104 4956 1298 5028 anima:
1323 4970 1476 5009 meae.
1556 4953 1626 5024 (c)
1659 4943 2150 5028 Conculeaverunt.

1764 5023 1837 5092 (ῃ)
1874 5023 2148 5092 Extremo.

460 5024 600 5098 mea
647 5025 712 5095 (Γ)
739 5027 849 5098 ειη,
862 5024 1173 5098 praedones.
1205 5025 1288 5098 8.,
1320 5033 1686 5098 corruptores.

463 5097 544 5162 8.,
581 5105 636 5152 et
658 5091 1062 5164 "Itaireditabitis
1107 5111 1215 5149 non
1261 5095 1460 5149 ﬁdelia.
1486 5091 1499 5092 ί
1540 5094 1602 5164 (ἱ)
1651 5091 1874 5164 Vestrae.

464 5167 699 5220 Domini.
781 5163 875 5234 (ιιι)
909 5164 1000 5228 Α.,
1032 5163 1114 5222 8..
1152 5181 1316 5234 quam
1365 5165 1486 5218 dedi
1519 5163 1713 5217 sertos.

463 5239 692 5306 gratiam
730 5233 1081 5306 faeiamgeis.’
1151 5233 1226 5303 (q)
1263 5235 1438 5306 A.,_et
1467 5234 1774 5306 restituam.

463 5304 754 5360 audierint.
835 5307 898 5373 (ι)
933 5304 1084 5370 Quod
1123 5304 1407 5358 abscondi.

1979 5091 2072 5161 (Ιί)
2093 5095 2180 5155 Α.,
2227 5090 2584 5160 proventibus
2615 5091 2829 5161 vestris.

1793 5163 1867 5232 (η)
1901 5159 1994 5222 Au‘
2034 5159 2118 5232 Si.
2149 5159 2461 5232 essepatr-

1856 5229 1925 5302 (r)
1969 5229 2344 5283 ΜΑΘΟΝΤΕΣ
2378 5230 2702 5302 ΜΑΘΩΣΙΝ,
2735 5231 2997 5302 discentes
3023 5231 3328 5302 didicerint.

1519 5305 1596 5371 (ιι)
1649 5304 1738 5365 Α.,
1785 5299 2348 5371 ιῖιιιιρτοερθτειιιιιιιιτ
2395 5316 2461 5353 ne
2489 5301 2704 5371 quidem
2738 5301 2802 5353 ad
2834 5299 3060 5371 aliquid.

2141 4529 2231 4582 21.
2262 4529 2399 4595 Quid
2421 4531 2586 4592 dices,
2631 4547 2752 4585 cutn
2785 4531 2878 4602 (ιιι)
2919 4531 3262 4587 visitaverint
3304 4532 3387 4586 te?
3419 4532 3482 4586 Et
3524 4541 3580 4585 tu
3625 4531 3721 4584 do-

2145 4621 2308 4675 cuisti
2340 4637 2434 4675 eos
2463 4621 2540 4688 (η)
2565 4631 2752 4675 contra
2779 4631 2831 4676 te
2853 4623 3131 4678 doctrinas
3161 4623 3236 4688 (oi
3265 4624 3318 4678 in
3353 4620 3723 4692 principium?

2141 4707 2331 4766 Nonne
2368 4711 2585 4764 dolores
2613 4713 3078 4782 comprehendent
3117 4722 3191 4776 te,
3229 4725 3289 4766 ut
3315 4712 3602 4766 mulierem
3627 4727 3718 4780 pa-

2230 4949 2306 5023 (d)
2341 4948 2719 5023 llaereditatem
2752 4967 2949 5004 meam.
3030 4951 3099 5023 (e)
3123 4951 3212 5018 Α.,
3247 4949 3330 5018 8.,
3363 4951 3501 5005 luxit
3535 4961 3722 5007 contra

2229 5019 2302 5090 (Ιι)
2331 5023 2418 5086 Α.,
2465 5021 2604 5091 datae
2634 5031 2762 5076 sunt
2796 5024 2874 5076 eis
2911 5019 3107 5091 sortes,
3159 5031 3214 5075 et
3255 5039 3364 5074 non
3400 5023 3720 5091 proderunt.

2925 5091 2988 5159 (ι)
3027 5089 3254 5160 Reliqui,
3284 5091 3352 5145 ab
3402 5089 3486 5145 ira
3523 5090 3724 5145 furoris

2541 5159 2861 5234 (q)__4.,_$.,
2904 5159 3250 5234 excerpsero.
3328 5163 3530 5234 (p)r.~l.,
3566 5160 3728 5234 S.._et

3166 5229 3344 5284 crint."
3409 5231 3474 5300 (δ)
3519 5233 3609 5294 Α..
3643 5229 3724 5296 8.,

3166 5301 3355 5369 (1.9.4.,
3392 5302 3724 5368 superbiam.

465 5377 540 5443 (y)
572 5373 656 5439 S.,
692 5375 784 5442 qui
817 5369 1092 5444 praecincti
1143 5375 1401 5428 incedunt
1428 5373 1482 5444 in
1530 5369 1865 5444 beneplacito
1891 5369 2074 5444 cerdis
2103 5369 2373 5444 sui,__eos,
2419 5373 2506 5444 qui
2533 5369 2911 5444 adhaerescunt
2943 5369 3056 5444 diis
3079 5371 3454 5444 mendacibus.
3533 5369 3723 5444 (z)_A.,

467 5446 652 5498 lumbo
681 5445 801 5497 viri.

469 5517 649 5569 rebor.
728 5515 792 5584 (⁹)
822 5511 911 5568 Sic
934 5516 1164 5568 iteratur
1197 5516 1248 5568 in
1281 5511 1424 5568 textu
1467 5513 1588 5584 Syr.
1621 5511 1823 5584 υιιιιςιι.

469 5587 715 5656 umbram
765 5585 976 5656 mortis.
1054 5585 1120 5656 (Γ)
1149 5587 1236 5656 A._,
1271 5585 1322 5656 in
1357 5585 1612 5656 tenebris.

473 5654 711 5706 meridiei
737 5654 936 5708 clausae
966 5653 1111 5708 sunt.
1192 5653 1262 5720 (li)
1293 5653 1617 5707 Pcrfeclam.

472 5725 549 5792 (ιι)
583 5723 669 5787 8.,
693 5723 779 5776 illa
815 5740 979 5792 super
1011 5743 1066 5780 sc
1090 5725 1387 5780 adsuefecit
1406 5725 1793 5794 principatum.

880 5445 951 5513 (c)
977 5445 1063 5506 Α.,
1087 5445 1267 5498 omnis
1309 5443 1496 5513 hydria
1526 5452 1578 5496 ct
1610 5437 1789 5513 omnis
1826 5439 2131 5513 laguncula.
2212 5437 2294 5503 8.,
2327 5437 2508 5493 omnis
2538 5447 2732 5492 crater.

1904 5511 1982 5580 (ά)
2010 5509 2100 5580 Α.,
2138 5524 2316 5580 super
2349 5517 2562 5580 montes
2597 5518 2915 5580 nocturnos.

1691 5583 1763 5650 (g)
1793 5585 1882 5649 Α.,
1909 5575 2052 5647 stipe:

2133 5575 2222 5631 ref
2276 5575 2353 5646 (Ιι)
2395 5577 2881 5650 A.,d9minatrici.
2921 5575 3327 5650 S.,'Adominm.'
3365 5579 3427 5649 (ἰ)
3454 5578 3534 5642 8.,
3565 5579 3724 5650 urbes

1697 5645 1758 5719 (ll
1790 5645 1879 5716 8.,
1906 5645 2190 5770 cpi—ehratae
2219 5645 2343 5700 tuae.
2423 5649 2516 5717 (ιιι)
2539 5645 2620 5712 8.,
2659 5647 3052 5702 cxuminaverit
3083 5656 3166 5714 te;
3201 5657 3254 5702 tu
3288 5645 3432 5702 enim
3469 5646 3724 5704 docuisti-

1701 5739 1793 5770 ιιιι.
1871 5725 1924 5770 lo
1981 5747 1996 5770 .-
2030 5758 2068 5770 ..
2099 5734 2150 5770 ιιι
2184 5729 2364 5770 caput.

1871 5723 1946 5789 (ο)
1981 5723 2068 5785 .-l.,
2099 5723 2150 5772 in
2184 5729 2364 5786 caput.

2810 5439 2884 5507 (b)
2919 5441 3008 5503 A.,
3035 5440 3124 5492 ad.
3201 5441 3271 5507 (c)
3297 5439 3380 5502 8.,
3426 5455 3530 5494 ιιοιι
3565 5441 3726 5493 mise-

2995 5510 3062 5579 (ε)
3095 5507 3184 5579 Α.,
3217 5518 3271 5562 et
3311 5521 3476 5579 ponet
3511 5525 3632 5563 eam
3671 5507 3724 5561 in
