2078 3730
176 164 250 191 9325
794 166 954 196 tantum;
982 166 1095 194 t:.\rt'r
1124 167 1178 195 xv.
1728 163 1798 191 25:16

175 221 308 248 rientem?
322 220 366 249 ΞΕ.
380 220 411 247 Et
426 221 447 247 si
466 221 566 249 diXeris
582 221 608 248 in
624 221 707 249 corde
732 226 777 248 ttto
790 232 796 249 ε
811 222 901 255 Quare
915 230 961 248 oc-
977 223 996 250 Α
1015 227 1100 249 morte
1114 231 1164 257 ego
1188 222 1384 249 rousummabo
1404 229 1461 249 eos.
1476 222 1519 249 15.
1537 221 1568 248 Ει
1584 222 1640 249 dixi
1660 229 1666 248 :
1689 215 1729 253 (κ)
1743 221 1797 254 Hie,

174 271 319 292 currerunt
331 266 396 293 mihi
413 266 488 293 haec?
503 271 613 301 propter
634 266 835 293 multitudinem
850 267 960 301 injusti-

176 314 219 338 tlte
237 317 289 339 tuae
305 313 409 340 detecta
431 318 495 339 sunt
506 314 545 347 (ρ)
558 313 708 347 posteriora
725 318 781 345 tua,
801 318 829 340 ut
844 313 960 339 illudan-

176 361 220 384 tur
240 358 358 384 calvanei
384 359 432 384 lui.
458 359 503 385 25.
526 358 553 385 Si
580 358 695 384 mutabit
719 358 844 392 ,λΕιΙιίορε
864 358 959 392 pellem

175 408 262 432 Suam.
274 406 300 428 et
318 402 417 435 pardus
431 402 576 430 varietates
588 410 663 435 snas,
679 404 761 430 etiam
780 412 827 431 vos
840 405 961 438 poteritis

175 446 243 472 bene
251 445 350 479 facere,
366 455 426 473 cum
441 448 590 474 ditliceritis
602 449 776 484 niala.2i.(q)
791 449 822 476 Et
836 451 962 477 dissemi-

175 492 235 517 uavi
251 492 285 526 (r)
307 499 365 524 eos,
383 497 411 519 ut
435 493 560 527 stipulas,
584 501 645 527 qua:
661 493 788 521 feruntur
801 503 816 522 a
836 500 916 522 vento
934 497 959 522 in

174 538 321 564 desertum.
342 538 386 565 25.
414 539 475 565 Haec
495 546 555 566 sors
579 544 634 571 tua,
659 547 722 573 pars
747 540 817 574 ejus,
839 541 910 574 quod
927 541 960 575 (δ)

175 583 341 611 rebellabitis
361 584 490 611 adversus
512 592 564 616 me,
586 585 652 611 dicit
678 585 819 613 Dominus.
841 586 872 620 (ι)
892 586 960 619 Quia

174 630 258 655 oblita
269 637 298 656 es
310 629 373 661 tnei,
383 635 409 656 et
421 630 536 663 sperasti
551 638 633 664 super
649 632 809 662 mendaciis,
824 632 869 658 ‘20.
879 633 959 659 etiam

174 683 224 709 ego
240 676 361 709 detegant
379 675 417 710 (ιι)
435 677 587 709 posteriora
603 682 647 703 tua
663 685 745 711 super
763 677 858 704 faciem
874 682 959 711 tuam,

173 725 201 746 et
213 720 347 747 videbitur
361 721 510 755 ignominia
530 725 586 754 tua,
603 722 647 748 27.
662 723 838 753 adulteriutn,
855 729 881 749 et
899 724 960 750 hin-

174 766 248 792 nitus
262 770 335 798 tuus,
347 771 372 793 et
386 767 426 800 (π)
443 767 572 794 alienatio
590 767 782 795 fornicationis
797 774 857 795 tute.
875 769 961 803 Super

174 811 299 843 collibus,
317 815 340 838 el
363 811 389 838 in
412 813 485 844 agris
512 812 567 839 vidi
589 813 805 840 abominatioues
828 818 896 841 tuas.
916 814 961 841 Va:

174 857 235 889 tibi,
251 856 419 891 Jerusalem;
433 858 470 892 (y)
487 858 553 892 quia
575 866 630 886 non
647 859 775 886 mundata
791 868 820 887 es
836 866 897 894 post
918 869 960 888 me

174 909 317 935 usquequo
335 902 433 930 adlme.

210 948 235 973 l.
253 947 433 982 Cap.XlV.—
444 949 468 976 Ι.
485 948 517 974 Ει
529 948 629 975 factum
640 953 681 976 est
690 949 799 976 verbum
810 950 914 977 Domini
930 951 962 977 ad

172 992 318 1020 Jeru-miam
337 994 370 1020 de
389 994 423 1026 Β(
447 995 536 1021 verbis
557 995 568 1028 ζ
592 994 785 1028 prohibitionis
805 995 912 1029 pluvias.
933 996 961 1023 2.

173 1037 370 1070 LuxitJudzea,
385 1043 412 1065 et
428 1043 510 1073 porta:
527 1040 588 1074 ejus
608 1040 644 1073 (ι)
660 1047 752 1066 vacua:
765 1039 842 1067 factae
857 1046 964 1073 sunl,et

172 1084 357 1111 obtenebrata:
367 1090 430 1112 sunt
442 1093 523 1119 super
540 1090 631 1112 terra:
650 1092 676 1113 et
695 1087 798 1113 clamor
814 1085 963 1114 Jerusalem

172 1129 308 1157 ascendit.
318 1131 345 1157 5.
360 1130 397 1165 (rt)
410 1130 441 1157 Et
455 1135 597 1166 magnates
609 1132 646 1166 (ὁ)
657 1132 717 1166 ejus
734 1132 964 1166 miseruntjunio—

173 1182 220 1201 res
231 1182 295 1201 suos
310 1180 370 1209 post
380 1183 479 1209 aquam
500 1185 506 1203 :
525 1182 658 1203 venerunt
672 1176 706 1211 (c)
721 1184 802 1210 super
815 1182 922 1211 puteos,
938 1182 964 1204 et

173 1229 230 1247 non
256 1220 418 1248 invenerunt
437 1229 547 1256 aquam,
564 1226 739 1257 reportarunt
764 1223 874 1258 lagenas
900 1232 964 1251 suas

172 1273 288 1297 vacuas,
303 1267 336 1299 Χ
360 1267 539 1300 erubuerunt,
560 1272 587 1294 et
604 1269 706 1302 pudore
735 1268 823 1295 allecti
848 1259 927 1299 sunt,’
937 1275 964 1295 et

172 1317 341 1346 operuerunt
352 1317 433 1346 caput
448 1319 527 1338 suutn
547 1312 571 1344 ζ.
584 1312 610 1338 ιι.
627 1313 665 1346 (d)
678 1311 711 1338 Et
725 1320 807 1346 opera
823 1317 901 1339 terrae
916 1313 964 1339 de-

173 1357 308 1388 fecerunt,
322 1358 385 1390 quia
405 1364 458 1383 non
475 1361 533 1384 erat
555 1358 644 1391 pluvia
661 1358 695 1390 Χ
708 1365 789 1391 super
803 1362 884 1384 terra.
901 1357 965 1383 Eru-

172 1403 295 1429 buerunt
314 1402 457 1436 agricolze,
481 1407 648 1436 operuerunt
669 1407 751 1436 caput
778 1410 868 1429 suum.
883 1402 910 1429 5.
932 1402 965 1429 Et

172 1454 264 1473 cervae
274 1446 300 1472 iu
310 1454 376 1480 agro
390 1451 564 1480 pepererunt,
584 1450 611 1473 et
627 1447 816 1480 reliquerunt;
835 1448 898 1480 quia
910 1454 963 1473 non

171 1496 236 1519 erat
257 1492 339 1518 berba
357 1492 379 1525 ζ.
395 1492 421 1519 6.
443 1492 542 1527 Onagri
574 1496 707 1519 steterunt
732 1492 767 1526 (e)
792 1500 874 1526 super
887 1492 962 1526 juga,

171 1542 349 1565 attraxerunt
376 1543 501 1571 ventum,
531 1540 564 1571 Χ
587 1543 615 1564 ιιι
646 1538 729 1565 draco
751 1538 787 1572 ξε
807 1538 964 1566 defecerunt

171 1584 249 1611 oculi
266 1591 371 1616 eorum,
398 1586 461 1618 quia
480 1592 534 1610 non
557 1588 616 1610 erat
639 1583 741 1611 ftenum
770 1585 803 1611 ab
823 1584 964 1619 iniquitate

171 1629 281 1664 populi.
300 1629 325 1655 7.
351 1628 378 1655 Si
396 1634 504 1663 peccata
526 1633 618 1656 nostra
634 1633 768 1656 steterunt
789 1633 883 1656 contra
901 1637 963 1661 nos,

171 1673 301 1704 Domine,
320 1672 362 1700 fac
377 1678 486 1708 propter
512 1680 610 1700 nomen
639 1679 725 1704 tuum.
743 1674 807 1708 quia
830 1674 914 1700 tuulta
930 1674 963 1709 (1⁷)

172 1726 288 1753 peccata
307 1724 399 1745 nostra
421 1725 451 1745 -ιν
469 1726 561 1745 coram
585 1723 610 1745 te
628 1719 656 1752 ζ,
673 1719 719 1745 tibi
736 1718 918 1753 peccavimus.
935 1718 962 1744 8.

172 1766 216 1800 (9)
234 1764 408 1798 Exspectatio
425 1764 543 1795 lsraclis,
556 1763 714 1795 Domine,et
727 1764 845 1790 salvabis
858 1764 884 1789 in
901 1769 965 1790 tem-

170 1817 245 1846 pore
264 1810 407 1836 malorum.
433 1808 523 1839 Quare
547 1809 634 1836 factus
651 1817 690 1842 es,
712 1815 741 1835 ut
762 1810 864 1835 advena
882 1816 965 1842 super

172 1861 261 1885 terra,
279 1860 304 1881 et
318 1855 394 1887 ut(h)
415 1854 540 1887 indigena
557 1854 695 1880 divertens
715 1854 748 1879 ad
764 1853 965 1880 diversorium?

170 1901 202 1929 9.
221 1901 251 1934 (ἰ)
268 1899 326 1926 Non
339 1899 404 1931 eris,
415 1903 443 1925 ut
455 1900 536 1925 bouto
549 1899 698 1931 donnieus,
715 1899 750 1933 (Is)
766 1904 793 1926 et
808 1903 838 1926 ut
855 1900 905 1931 vir,
918 1900 964 1933 qui

169 1952 234 1973 non
257 1949 345 1979 potest
369 1945 483 1971 salvare.
500 1944 533 1970 Et
551 1949 580 1971 tu
594 1945 620 1970 in
644 1944 723 1971 nobis
737 1952 783 1977 es,
800 1944 923 1976 Domine,
938 1949 965 1972 et

170 1998 278 2019 nomen
297 1996 372 2017 tuum
390 1997 472 2024 super
492 1997 542 2016 nos
560 1989 713 2016 invocatutn
723 1995 764 2016 est
779 1999 784 2016 :
802 1990 832 2024 (ι)
847 1997 880 2017 ne
896 1990 965 2017 obli-

170 2035 294 2063 viscaris
307 2035 402 2062 nostri.
418 2035 460 2061 Η).
482 2034 528 2062 Sic
543 2035 608 2062 tlicit
624 2035 754 2061 Dominus
770 2036 869 2069 popqu
882 2036 963 2063 huic:

170 2085 211 2119 >κ
231 2083 268 2109 lta
285 2083 295 2116 ζ
314 2082 466 2109 dilexerunt
480 2089 588 2108 movere
606 2081 686 2115 pedes
703 2089 777 2114 suos,
795 2087 822 2108 et
840 2090 893 2108 non
920 2090 964 2116 pe-

169 2133 335 2164 percerunt,
347 2132 374 2154 et
387 2127 457 2155 Deus
469 2135 522 2154 non
543 2128 594 2154 sibi
612 2127 812 2161 complacuitin
829 2129 966 2155 eisznunc

169 2174 368 2203 rccordabitur
401 2173 574 2207 iniquitalum
602 2180 716 2204 eorum,
744 2174 778 2207 Ἀ(
798 2178 825 2200 et
845 2173 966 2200 visitabit

1013 268 1059 302 qui
1086 272 1136 299 est,
1157 267 1279 299 Domine,
1305 267 1433 299 Domine,
1456 274 1519 293 ecce
1545 266 1681 301 propheta:
1706 266 1800 292 dicunt

1012 312 1052 339 eis
1073 322 1078 339 :
1096 311 1154 338 Non
1169 312 1296 338 videbitis
1316 311 1454 346 gladium,
1479 314 1506 338 et
1521 310 1605 337 fames
1631 318 1684 337 non
1704 310 1756 337 erit
1772 311 1798 336 in

1012 358 1106 390 vobis;
1125 359 1188 392 quia
1207 365 1298 392 pacem
1311 357 1347 392 (0)
1359 362 1385 383 et
1398 364 1490 383 verum
1507 356 1577 383 dabo
1586 363 1615 383 νει
1625 364 1706 390 super
1715 360 1800 388 terra,

1012 404 1092 430 etiam
1110 403 1120 436 ζ
1135 403 1161 429 in
1177 403 1235 430 loco
1253 403 1314 430 hoc.
1333 403 1377 429 M.
1391 401 1423 428 Et
1443 402 1512 428 dixit
1532 401 1663 428 Dominus
1678 401 1712 428 ad
1729 408 1772 427 me
1790 410 1798 428 ς

1014 448 1090 475 Falsa
1105 449 1242 483 pmpheta:
1254 448 1419 482 prophetant
1433 455 1513 482 super
1528 447 1636 474 nomine
1651 455 1711 473 meo
1724 455 1730 473 :
1746 454 1798 473 non

1012 495 1072 521 misi
1090 502 1145 524 eos.
1159 499 1185 520 et
1202 501 1255 520 non
1268 495 1381 528 praecepi
1397 494 1447 525 eis,
1461 501 1548 527 neque
1565 493 1671 520 locutus
1685 500 1746 520 sum
1765 493 1799 519 ad

1011 547 1068 566 eos.
1085 539 1153 571 Quia
1166 539 1286 566 visiones
1304 539 1461 570 mendaces,
1476 544 1503 565 et
1516 538 1709 569 divinationes,
1722 543 1748 564 et
1761 539 1800 584 (γ’)

1011 586 1139 619 auguria,
1158 590 1184 611 et
1204 585 1343 619 proposita
1372 585 1462 612 cordis
1490 586 1531 612 sui
1559 586 1608 620 ipsi
1637 586 1800 619 prophetam

1011 631 1098 656 vobis.
1117 630 1156 656 l5.
1177 629 1292 664 Propter
1314 630 1365 656 hoc
1386 630 1441 656 ha>c
1456 630 1521 656 dicit
1543 630 1674 657 Dominus
1689 630 1722 657 tle
1738 638 1801 664 pro-

1011 677 1109 711 phetis,
1127 676 1172 710 qui
1197 676 1360 710 prophetam
1386 684 1467 709 super
1486 678 1594 702 nomine
1621 684 1690 707 meo,
1706 680 1732 702 et
1751 684 1801 710 ego

1012 729 1066 749 non
1079 722 1140 748 misi
1154 721 1265 755 eos,qui
1276 721 1389 747 dicunt:
1407 720 1529 752 Gladius,
1546 726 1572 747 et
1586 720 1671 747 fames
1685 729 1739 748 non
1750 722 1801 747 erit

1012 772 1094 798 super
1103 769 1173 791 terra
1191 764 1240 791 bac
1255 773 1261 789 :
1275 763 1303 789 In
1321 768 1408 790 morte
1422 764 1591 791 vehementis
1605 764 1754 795 cruciatus,
1766 765 1800 797 ὴ(

1012 810 1038 836 in
1052 810 1141 844 gladio
1164 814 1190 835 et
1208 809 1220 842 ζ
1240 809 1266 835 in
1291 808 1362 835 fame
1385 808 1421 843 (ᾳ)
1443 813 1638 835 consumentur
1664 809 1802 843 prophetae

1015 855 1047 888 ἃ(
1064 855 1100 881 illi
1115 854 1138 888 ζ,
1153 855 1194 881 16.
1207 860 1233 881 et
1249 855 1374 889 populus,
1390 854 1490 888 quibus
1506 854 1555 889 ipsi
1571 855 1732 889 prophetam
1742 854 1800 882 eis:

1013 905 1040 928 et
1050 907 1129 928 erttnt
1141 901 1251 935 projecti
1267 900 1293 926 in
1305 900 1400 934 plateis
1413 899 1562 927 Jerusalem
1574 907 1589 926 a
1604 900 1671 927 facie
1684 900 1763 927 famis
1773 905 1800 927 ct

1015 947 1105 982 gladii,
1118 951 1144 974 et
1153 955 1206 973 nott
1218 950 1269 976 est,
1281 946 1331 982 qui
1340 946 1451 979 sepeliat
1460 953 1517 977 eos,
1526 947 1559 978 3K
1572 946 1621 979 ipsi
1634 947 1657 980 ζ,
1667 950 1694 972 et
1703 953 1801 973 uxores

1014 1000 1120 1024 eorum,
1129 998 1156 1018 et
1168 992 1213 1018 lilii
1226 998 1332 1022 eorum,
1349 995 1375 1017 et
1389 991 1450 1017 filim
1460 998 1564 1023 eorum,
1580 996 1607 1018 et
1615 991 1749 1019 effundam
1759 1000 1802 1019 su-

1014 1045 1061 1072 per
1076 1044 1123 1064 cos
1136 1038 1204 1064 mala
1221 1045 1280 1064 sua.
1296 1035 1338 1062 Π.
1352 1035 1383 1062 Et
1394 1036 1467 1063 dices
1483 1037 1516 1064 ad
1530 1044 1576 1064 eos
1598 1038 1710 1065 verbum
1731 1039 1800 1066 hoc:

1015 1082 1144 1110 Deducite
1160 1084 1194 1110 ab
1206 1083 1240 1119 (r)
1253 1084 1340 1111 oculis
1355 1084 1454 1111 vestris
1473 1083 1600 1111 lacrimas
1613 1089 1691 1112 nocte
1703 1089 1730 1112 et
1746 1085 1800 1117 di»,

1015 1134 1041 1155 et
1056 1136 1109 1155 nou
1118 1134 1240 1162 cessent;
1259 1129 1322 1163 quia
1352 1129 1485 1156 fractione
1498 1137 1595 1164 magna
1612 1130 1695 1157 fracta
1709 1135 1750 1157 est
1766 1132 1800 1164 κ

1015 1175 1091 1209 virgo
1105 1175 1115 1208 ζ
1134 1175 1188 1202 ﬁlia
1205 1175 1298 1209 populi
1328 1175 1391 1207 mei,
1407 1179 1434 1202 et
1451 1175 1528 1209 plaga
1557 1175 1685 1202 dolorosa
1712 1175 1798 1202 valde.

1016 1220 1059 1247 18.
1084 1219 1112 1246 Si
1137 1227 1230 1246 exeam
1249 1219 1275 1245 in
1291 1226 1436 1253 campum,
1457 1223 1485 1245 et
1507 1227 1570 1246 ecce
1590 1219 1673 1247 occisi
1695 1220 1800 1254 gladio:

1015 1270 1041 1292 et
1061 1266 1083 1292 si
1106 1265 1242 1298 ingrediar
1265 1265 1292 1291 in
1309 1264 1416 1295 urbem,
1433 1268 1460 1291 et
1474 1272 1536 1291 ecce
1554 1265 1588 1299 (ι)
1601 1266 1680 1292 dolor
1702 1265 1799 1294 famis:

1015 1310 1077 1344 quia
1099 1310 1229 1343 propheta
1252 1314 1279 1336 et
1305 1310 1432 1336 sacerdos
1449 1309 1478 1344 (I)
1491 1310 1616 1337 abierunt
1638 1311 1665 1337 in
1687 1315 1798 1341 terram.

1016 1363 1098 1390 quam
1124 1363 1176 1382 non
1203 1361 1399 1389 cognoverunt.
1425 1355 1466 1382 μ).
1487 1356 1526 1391 (u)
1542 1355 1610 1382 Nutu
1632 1357 1801 1391 reprobando

1016 1401 1166 1435 reprobasti
1192 1400 1301 1433 Judam,
1320 1406 1347 1428 et
1366 1409 1380 1428 a
1398 1402 1481 1428 Sioue
1496 1402 1609 1429 recessit
1623 1403 1714 1429 anima
1737 1403 1801 1429 tua?

1015 1447 1104 1480 Quare
1127 1447 1288 1482 percussisti
1310 1455 1375 1478 nos,
1389 1452 1415 1474 et
1439 1456 1492 1475 non
1513 1453 1555 1476 est
1578 1448 1657 1475 nobis
1678 1449 1801 1475 sanatio?

1015 1493 1238 1527 Exspectavimus
1253 1497 1393 1527 pacem,et
1407 1501 1460 1520 non
1477 1493 1586 1521 fuerunt
1602 1494 1683 1527 bona,
1695 1498 1800 1528 tempus

1016 1537 1175 1568 sanationis,
1185 1541 1212 1563 et
1221 1544 1282 1564 ecce
1293 1537 1664 1573 turbatio.20.Cognovimus,
1673 1538 1800 1570 Domine,

1015 1587 1123 1617 peccata
1147 1588 1239 1609 nostra
1250 1603 1257 1615 ,
1277 1590 1312 1602 νδ
1324 1588 1352 1610 et
1367 1584 1377 1617 ζ
1393 1583 1548 1618 iniquitates
1571 1590 1677 1619 patrum
1697 1590 1802 1613 nostro-

1014 1637 1092 1661 rum;
1115 1629 1178 1663 quia
1202 1629 1374 1663 pecearimus
1404 1637 1496 1656 coram
1520 1630 1611 1657 te.2l.
1631 1631 1670 1666 (ac)
1690 1631 1800 1659 Abstine

1015 1679 1123 1709 propter
1137 1682 1234 1700 nomen
1250 1679 1338 1706 tuum,
1354 1676 1392 1709 (ν)
1404 1683 1435 1701 tte
1448 1676 1542 1709 perdas
1558 1676 1685 1703 tbronutn
1705 1677 1798 1711 gloriae

1016 1724 1078 1746 tune.
1098 1721 1251 1746 Recordare
1266 1729 1272 1746 :
1290 1721 1325 1754 (ι)
1340 1728 1373 1746 tte
1390 1720 1494 1747 irritutn
1508 1721 1593 1748 facias
1607 1726 1797 1749 testamentum

1016 1771 1103 1798 tuttm,
1120 1766 1192 1801 quod
1219 1766 1372 1794 nobiscum.
1383 1766 1428 1792 2'2.
1444 1765 1512 1792 Nunt
1538 1772 1579 1794 est
1595 1767 1621 1794 in
1638 1768 1716 1796 idolis
1739 1776 1802 1803 gen-

1015 1812 1094 1844 tium,
1113 1812 1160 1846 qui
1176 1812 1268 1846 pluere
1285 1811 1385 1838 faciat?
1398 1812 1428 1839 Et
1447 1813 1468 1838 si
1485 1814 1583 1840 coelum
1597 1814 1672 1840 dabit
1689 1814 1801 1841 satieta-

1014 1863 1068 1885 tem
1096 1865 1184 1888 suam,
1211 1865 1300 1885 nonne
1327 1862 1354 1884 tu
1379 1866 1408 1884 es
1432 1860 1465 1892 χ
1487 1858 1543 1892 ipse
1570 1858 1703 1887 Dominus
1727 1859 1799 1886 Deus

1015 1907 1108 1929 noster
1119 1904 1129 1936 ζ
1140 1904 1150 1929 ‘i
1162 1903 1191 1929 Et
1207 1908 1395 1937 exspectamus
1421 1908 1456 1936 te,
1474 1904 1537 1938 quia
1555 1908 1582 1931 tu
1597 1903 1684 1932 fecisti
1707 1905 1798 1932 omnia

1000 1951 1003 1953 '
1016 1949 1083 1976 haec.

1051 1994 1117 2028 Cap.
1132 1993 1295 2021 XV.—I.Et
1306 1994 1375 2021 dixit
1386 1994 1515 2023 Dominus
1526 1995 1559 2023 ad
1575 2004 1617 2023 me
1633 1996 1679 2023 :Si
1695 1997 1798 2024 steterit

1015 2040 1116 2071 Moses,
1126 2044 1152 2065 et
1164 2040 1274 2066 Samuel
1288 2045 1350 2067 ante
1365 2039 1461 2067 facictn
1477 2048 1576 2073 meam,
1590 2049 1644 2068 non
1658 2046 1699 2069 est
1709 2042 1798 2069 anima

1018 2094 1075 2113 mea
1095 2093 1126 2113 -ι-
1143 2086 1176 2112 ad
1193 2093 1240 2112 eos
1256 2086 1278 2119 ζ.
1294 2085 1426 2120 Populum
1448 2087 1521 2113 hunc
1535 2087 1627 2114 emitte
1644 2088 1675 2121 )3:
1689 2088 1723 2115 ab
1739 2093 1801 2115 ante

1018 2132 1115 2160 faciem
1133 2140 1220 2159 nteant
1238 2133 1249 2165 ζ
1266 2136 1293 2159 et
1304 2137 1411 2158 exeant.
1425 2132 1452 2158 2.
1474 2132 1506 2158 Ει
1521 2133 1582 2165 erit,
1598 2133 1621 2160 si
1640 2133 1756 2160 dixerint
1768 2134 1802 2160 ad

1019 2184 1044 2206 te
1061 2189 1067 2206 :
1082 2180 1142 2212 Quo
1152 2179 1340 2214 egredietnur?
1356 2179 1437 2205 etiam
1453 2179 1527 2206 dices
1541 2179 1574 2205 ad
1592 2186 1640 2206 eos
1657 2188 1663 2206 :
1683 2179 1745 2206 Han:
1759 2180 1801 2206 di-

168 2224 289 2256 peceata
303 2227 397 2246 em-um
418 2219 441 2253 ζ.
465 2219 506 2245 ll.
525 2218 558 2245 Et
574 2218 642 2245 dixit
657 2218 788 2246 Dominus
802 2219 834 2246 ad
852 2227 894 2246 me
907 2228 913 2245 :
928 2218 962 2246 Ne

1018 2226 1055 2252 cit
1073 2224 1202 2251 Dominus
1219 2235 1224 2252 :
1240 2224 1292 2256 Qui
1313 2224 1345 2250 ad
1367 2229 1493 2255 morti-ni,
1509 2224 1541 2251 ad
1563 2229 1689 2257 mortem,
1714 2229 1741 2252 et
1757 2226 1802 2259 qui

168 2273 242 2294 ores
261 2273 310 2299 pro
330 2265 430 2299 popqu
458 2265 509 2291 hoc
528 2264 555 2291 in
574 2264 674 2291 bonum
693 2273 699 2291 :
721 2264 764 2290 12.
783 2265 923 2298 quoniam,
941 2265 964 2291 si

164 2311 372 2348 jejunaverint,
393 2319 446 2337 non
459 2310 601 2337 exaudiam
621 2309 772 2336 orationem
786 2317 891 2341 eorum,
904 2315 930 2337 et
943 2311 966 2337 si

166 2357 329 2386 obtulerint
343 2357 511 2387 holocausta,
528 2360 555 2382 et
572 2355 619 2389 (m)
632 2355 808 2387 sacriﬁcium,
829 2363 882 2382 non
899 2357 966 2383 mihi

166 2403 355 2438 complacebo
372 2404 398 2429 in
412 2403 467 2435 eis;
486 2401 549 2436 quia
563 2401 590 2428 in
605 2400 704 2432 gladio,
717 2405 744 2427 et
759 2401 786 2428 in
804 2401 885 2434 fame,
902 2407 929 2429 et
941 2404 967 2430 in

1019 2270 1052 2297 ad
1068 2270 1199 2305 gladium,
1226 2269 1259 2296 ad
1281 2269 1411 2304 gladium,
1429 2273 1456 2296 et
1473 2269 1520 2303 qui
1537 2269 1569 2296 ad
1586 2268 1695 2301 famem,
1711 2269 1745 2296 ad
1761 2270 1802 2295 fa-

1021 2322 1102 2347 mem,
1117 2319 1144 2341 et
1157 2314 1202 2348 qui
1219 2314 1251 2341 ad
1268 2313 1462 2348 captivitatem,
1477 2313 1510 2340 ad
1525 2313 1719 2347 captivitatem.
1731 2314 1757 2340 5.
1771 2313 1804 2341 Et

1020 2361 1140 2388 ulciscar
1156 2368 1237 2394 super
1252 2367 1299 2387 eos
1318 2364 1435 2394 quatuor
1453 2359 1566 2394 species,
1582 2360 1647 2387 dicit
1662 2359 1802 2392 Dominus,

1020 2407 1139 2442 gladium
1157 2405 1189 2432 ad
1216 2405 1425 2441 jugulationem,
1444 2410 1471 2433 et
1485 2412 1567 2432 canes
1583 2405 1616 2432 ad
1632 2405 1804 2433 dilaceratio-

212 2527 255 2563 (p)
275 2528 319 2560 Α..
331 2527 373 2559 S.,
389 2526 577 2563 ﬁmbritetuze,
590 2526 685 2560 polluti
698 2528 872 2563 sunttalitni.
908 2528 962 2563 (q).

1013 2526 1535 2563 S.,etdispergameosrrclutstipulam.
1565 2526 1676 2563 (τηυξ.
1714 2526 1801 2563 (s)A.,

166 2561 318 2592 mensura:
330 2567 382 2589 tua:
397 2570 410 2588 a
423 2570 475 2588 tne.
515 2564 548 2596 (ι)
562 2561 647 2588 Sicut.
687 2563 727 2594 (τι)
742 2562 787 2594 Α.,
803 2562 843 2594 S.,
856 2561 980 2590 fimbrias
991 2568 1061 2590 tuas.
1100 2562 1193 2597 (:r)A.,
1206 2562 1333 2596 cogitatio
1343 2562 1530 2589 fornicationis
1543 2567 1603 2589 tute.
1642 2561 1683 2592 S.,
1700 2562 1802 2588 abomi—

167 2598 259 2627 natio
271 2597 458 2624 fornicationis
474 2602 536 2624 tute.
574 2597 611 2631 (y)
625 2598 669 2626 Α..
697 2605 749 2623 non
763 2598 835 2624 enim
855 2603 880 2624 te
892 2598 1027 2626 mundastt
1044 2603 1104 2632 post
1122 2606 1164 2624 me
1184 2605 1303 2632 unquam
1322 2597 1435 2632 adhuc,
1459 2597 1495 2632 (ι)
1514 2598 1557 2628 Α..
1574 2597 1714 2632 infirmata;
1727 2602 1807 2632 sunt,

167 2634 219 2665 S.,
240 2632 408 2658 ceciterunt.
447 2633 485 2665 ((ι)
501 2632 545 2661 Α..
568 2629 725 2658 θὶίιιτικιιιιί
747 2640 841 2659 eorum
866 2633 1000 2660 miserunt
1022 2629 1151 2659 minores.
1190 2629 1237 2666 (ὁ)
1253 2631 1364 2658 Eorum.
1403 2631 1439 2666 (ε)
1460 2629 1549 2666 super
1573 2631 1666 2666 colles.
1705 2629 1800 2665 (108.,

166 2671 293 2705 propter
308 2671 406 2693 terram
419 2666 482 2705 victi
493 2672 566 2705 sunt.
605 2666 779 2705 (ἠδη-νεαρ
799 2668 831 2694 ad
847 2668 1038 2705 attrahendum
1062 2665 1283 2705 ventumgsicut
1309 2665 1423 2705 sirenas.
1576 2665 1803 2705 S.,Hav_ersirones.

166 2699 212 2740 (9)
293 2703 459 2740 exspectatio
477 2703 592 2740 Israelis.
630 2699 669 2736 (Ιι)
684 2701 807 2740 A.,__T_lt.,
823 2702 999 2740 proficiscens
1015 2702 1107 2740 in‘via.
1144 2701 1229 2740 (ἤχει,
1240 2710 1326 2740 quare
1339 2702 1423 2740 fuisti.
1463 2699 1499 2740 (ξ)
1510 2702 1573 2740 aut.
1614 2700 1700 2740 (ι)
1718 2699 1801 2740 ἕως

165 2736 304 2767 Jttnittas
315 2744 375 2763 nos.
414 2736 461 2770 (nt)
473 2736 517 2767 Α..
533 2736 708 2763 oblationem.
728 2736 808 2763 Hebr.
826 2745 937 2764 tnunus.

975 2737 1013 2772 (ιι)
1031 2737 1111 2764 Hebr.
1125 2733 1195 2763 abab
1211 2733 1346 2772 Domine.”
1368 2735 1413 2772 8Ἷ
1427 2743 1454 2767 o,
1467 2733 1598 2772 Domine._
1627 2735 1668 2772 (ο)
1683 2733 1766 2772 ᾼκδ..
1777 2736 1804 2759 et

166 2774 335 2801 veritatem.
384 2769 423 2806 (Ρ)
445 2773 489 2804 Α.,
507 2772 642 2798 deliriutn.
663 2771 705 2804 8.,
720 2773 834 2799 vanitas.
892 2773 928 2807 (ιι)
949 2769 1107 2799 morientur.
1160 2774 1185 2805 (ν
1216 2772 1259 2802 Α..
1277 2771 1348 2798 oeuli
1364 2771 1426 2797 mei.
1475 2770 1509 2804 (ς)
1530 2771 1576 2801 Α.,
1593 2769 1692 2796 infirmi
1719 2769 1801 2806 fame.

166 2809 206 2841 (ι)
231 2806 277 2838 S.,
294 2806 486 2833 circuiverunt.
543 2807 581 2841 (ιι)
601 2807 646 2838 A.,
661 2815 725 2833 num
741 2807 873 2841 ejiciendo
893 2808 996 2841 ejeeisti
1016 2806 1125 2834 Jutlam.
1182 2772 1222 2841 ex)
1242 2806 1286 2840 Α.,
1308 2814 1342 2834 tte
1366 2805 1518 2840 protrahas.
1540 2803 1582 2838 S.,
1605 2811 1639 2831 ne
1664 2804 1801 2831 irascaris.

166 2809 206 2843 (I)
231 2806 277 2847 εί,
294 2806 486 2847 cli‘rcuiverunt.
543 2807 581 2841 (ιι)
601 2807 725 2847 AI.,_nt‘tm
741 2807 873 2847 ejiciendo
893 2806 996 2847 ejecisti
1016 2806 1125 2834 Jutlatn.

1192 2806 1222 2842 ιε)
1242 2806 1286 2840 Α.,
1308 2814 1342 2834 tte
1366 2803 1518 2840 protrahas.
1540 2803 1582 2838 S.,
1605 2811 1639 2831 ne
1664 2803 1801 2831 irascaris.

164 2841 215 2882 (ς)
242 2842 288 2874 Δι,
301 2841 342 2873 S.,
357 2849 390 2869 ne
406 2847 577 2869 contemnas.
616 2841 653 2875 (ι)
675 2842 719 2874 A.,
732 2850 765 2869 ne
778 2842 886 2870 irritum
903 2842 986 2870 facias
998 2847 1106 2877 pactum
1122 2847 1209 2869 tuutu.
