4102 6278
540 343 648 404 252
658 347 681 397 Ἰ

1704 346 1924 402 (ΣΟΟΕΧ
1979 342 2648 403 SYllO-IIEXAPLARIS.

3653 345 3798 407 2328

543 479 690 522 nem.
739 471 794 517 et
841 463 1090 518 volucres
1138 463 1282 526 coeli,
1314 471 1368 517 et
1395 461 1598 519 bestias
1624 477 1784 518 terra:
1812 464 1878 517 ad
1909 464 2113 528 cibum,
2148 469 2190 525 Α
2221 463 2468 520 Seorsim
2509 463 2786 529 sedebam,
2829 461 2956 532 quia
3010 461 3081 533 (ε)
3140 463 3505 519 amaritudine
3555 465 3797 534 repletus

543 562 598 606 et
633 552 698 607 ad
730 554 1158 622 corruptionem.
1187 554 1240 606 4.
1280 551 1344 608 Ει
1375 557 1586 607 tradam
1620 569 1713 607 eos
1757 555 1834 622 (a)
1859 554 1916 607 in
1945 569 2122 623 angu-

544 646 681 699 stias
716 645 971 698 omnibus
1008 645 1190 715 regnis
1227 655 1384 698 terra:
1438 654 1658 714 propter
1707 645 2010 700 Manassen]
2054 644 2120 698 ti-

544 732 678 788 lium
717 732 957 788 Hezecia:
990 748 1168 801 regem
1202 731 1376 795 Jodm,
1417 747 1514 801 pro
1542 734 1816 794 onmibus,
1845 749 1966 802 quae
1996 733 2124 786 fecit

547 825 603 877 in
638 822 964 877 Jerusalem.
1008 823 1062 877 5.
1089 822 1222 887 Quis
1259 832 1442 891 parcet
1471 838 1634 891 super
1677 830 1746 887 te,
1775 821 2122 877 Jerusalem?

439 931 452 943 ν
544 923 599 967 et
650 914 773 983 quis
821 913 1235 967 contristabitur
1271 929 1434 982 super
1469 914 1550 966 te?
1600 922 1694 967 aut
1730 914 1854 982 quis
1887 923 2122 968 reverte-

547 1014 654 1068 tur,
711 1008 775 1070 3t(
833 1004 1190 1074 interrogabit
1239 1006 1260 1072 ζ
1298 1006 1350 1058 in
1386 1019 1571 1074 pacem
1605 1007 1794 1058 tuam?
1827 1006 1880 1059 6.
1911 1007 1993 1059 Tu
2035 1007 2120 1059 in-

542 1097 763 1164 dignata
809 1112 868 1151 es
899 1111 1009 1162 me,
1042 1097 1174 1150 dicit
1207 1095 1469 1150 Dominus
1506 1114 1520 1149 :
1556 1106 1857 1151 retrorsum
1893 1097 2015 1153 ibis.
2055 1097 2120 1152 Et

542 1191 829 1244 extendam
874 1205 1096 1242 manum
1145 1205 1318 1242 meam
1355 1204 1518 1258 super
1545 1199 1614 1254 te,
1669 1198 1722 1242 et
1770 1203 2116 1258 corrumpam

548 1291 618 1342 te,
658 1281 732 1350 (b)
783 1289 839 1334 et
866 1296 972 1334 non
1020 1281 1254 1349 amplius
1286 1282 1557 1334 dimittam
1595 1297 1730 1336 eos:
1766 1283 1817 1335 7.
1855 1283 1924 1352 (c)
1960 1293 2013 1338 et
2037 1283 2120 1336 di-

544 1387 795 1442 spergam
849 1387 946 1427 eos
995 1373 1049 1425 in
1108 1372 1468 1440 dispersione,
1523 1373 1576 1426 in
1613 1374 1785 1442 portis
1821 1375 1897 1445 (d)
1932 1376 2117 1444 populi

547 1465 654 1520 mei
710 1467 877 1535 stirpe
934 1466 1133 1522 succisi
1193 1475 1323 1519 sunt
1379 1483 1392 1519 :
1445 1466 1798 1536 perdiderunt
1855 1467 2115 1536 populum

547 1572 729 1612 meum
767 1559 837 1627 (c)
867 1569 1088 1628 propter
1126 1559 1360 1613 malitias
1385 1573 1533 1620 suas,
1585 1560 1649 1625 χ
1689 1566 1743 1611 et
1770 1573 1875 1612 non
1911 1559 2114 1613 reversi

546 1658 676 1701 sunt
703 1648 725 1715 ζ
755 1667 768 1701 :
804 1650 856 1702 8.
894 1648 1262 1717 inultiplicata:
1295 1655 1423 1702 sunt
1456 1649 1522 1714 )K
1563 1663 1726 1716 super
1760 1643 1846 1702 ine
1880 1648 1901 1714 ζ
1940 1646 2117 1701 vidua:

542 1753 731 1791 eorum
760 1740 879 1807 plus
906 1755 1067 1807 quam
1100 1754 1259 1792 arena
1288 1738 1456 1792 maris
1488 1754 1501 1789 :
1536 1735 1722 1790 induxi
1751 1740 1818 1804 >ε<
1845 1739 1924 1790 eis
1965 1739 1987 1806 ζ
2020 1752 2114 1790 ευ-

2224 572 2366 610 sum.
2420 554 2602 620 18.(t)
2639 553 2819 619 Quare
2863 553 2955 623 qui
3006 553 3254 622 afﬂigunt
3303 570 3409 618 me,
3454 555 3798 612 invalescunt

2223 661 2388 715 super
2429 646 2554 699 me?
2609 644 2771 715 Plaga
2820 660 2940 700 mea
2970 646 3109 699 dura
3148 667 3159 698 :
3203 646 3344 700 unde
3365 647 3639 702 sanabor?
3665 649 3792 703 dum

2223 737 2304 799 fit,
2340 737 2478 790 facta
2521 737 2654 789 mihi
2694 745 2799 802 est,
2845 745 2903 790 ut
2941 751 3079 805 aqua
3121 738 3374 799 mendax.
3429 739 3516 793 cui
3563 754 3671 792 non
3713 747 3798 794 est

2223 830 2379 884 fides.
2433 828 2517 882 l9.
2561 827 2788 896 Propter
2828 827 2931 882 hoc
2979 828 3095 883 haec
3139 829 3271 882 dicit
3305 829 3570 884 Dominus
3603 848 3617 883 ε
3651 829 3708 884 Si
3745 839 3798 883 te

2222 929 2533 984 convertas,
2567 928 2621 974 et
2665 919 2945 973 restituam
2986 930 3059 980 te,
3087 929 3212 972 ante
3235 918 3428 972 faciem
3475 935 3651 973 meam
3686 929 3795 974 sta-

2221 1010 2326 1065 bis.
2367 1009 2432 1063 Et
2479 1011 2524 1064 si
2560 1010 2761 1064 educas
2808 1010 3104 1079 pretiosum
3166 1010 3242 1080 (ιι)
3291 1007 3360 1064 ab
3415 1025 3500 1074 eo,
3549 1011 3642 1079 qui
3687 1026 3798 1065 nor.

2220 1101 2414 1170 dignus
2445 1109 2550 1162 est,
2577 1101 2735 1169 quasi
2769 1115 2831 1154 os
2862 1115 3041 1154 meum
3074 1101 3204 1154 eris.
3232 1099 3297 1152 Et
3332 1109 3669 1154 revertentur
3693 1101 3790 1168 ips'

2218 1194 2288 1245 ad
2320 1202 2394 1254 te,
2427 1202 2482 1246 et
2507 1202 2562 1246 tu
2597 1206 2705 1245 non
2739 1193 3027 1246 reverteris
3069 1193 3134 1246 ad
3178 1206 3292 1246 eos.
3325 1185 3414 1246 2‘0.
3472 1191 3538 1246 Et
3567 1193 3709 1246 dabo
3745 1200 3792 1245 tr.

2221 1281 2421 1348 populo
2456 1280 2600 1338 lmic.
2643 1290 2700 1334 ut
2747 1296 2961 1334 murum
2998 1282 3123 1335 aeris
3169 1283 3459 1345 munitum,
3515 1293 3568 1336 et
3623 1283 3791 1336 bella-

2223 1373 2354 1426 bunt
2376 1373 2638 1426 adversus
2673 1383 2742 1437 te,
2779 1381 2834 1427 et
2860 1387 2967 1426 non
3002 1373 3257 1442 p'oterunt
3286 1374 3548 1428 adversus
3575 1375 3790 1442 te,qnia

2221 1473 2402 1517 tecum
2428 1480 2548 1518 sunt
2585 1463 2651 1516 ad
2687 1465 3006 1518 salvandum
3040 1473 3115 1526 te.
3142 1465 3232 1518 2|.
3269 1474 3323 1518 et
3349 1465 3414 1518 ad
3446 1465 3789 1533 eripiendum

2221 1563 2293 1619 te,
2327 1559 2393 1622 Χ
2429 1557 2561 1609 dicit
2587 1555 2871 1616 Dominus,
2895 1565 2948 1608 et
2979 1556 3208 1624 eripiam
3247 1566 3298 1608 te
3337 1557 3446 1624 :ex
3481 1570 3646 1608 manu
3678 1571 3794 1608 ma-

2220 1649 2420 1711 lorum,
2457 1652 2523 1716 >ε<
2555 1659 2608 1702 ct
2643 1649 2908 1702 redimam
2937 1657 2989 1702 te
3025 1646 3047 1714 ζ
3084 1663 3148 1701 ex
3182 1662 3344 1701 manu
3385 1648 3465 1715 (τις)
3504 1656 3794 1716 corrupto~

2219 1756 2361 1793 rum.

542 1845 636 1898 per
667 1798 888 1883 mairem
924 1798 1366 1883 adolescentium
1417 1829 1484 1896 (ι’)
1540 1828 1818 1882 miseriam
1864 1831 1916 1883 in
1951 1832 2113 1886 meri-
2146 1798 2188 1853 Β
2287 1830 2418 1900 Cap.
2454 1828 2593 1882 XVI.
2628 1830 2756 1885 —l.
2798 1829 2936 1883 Dicit
2971 1829 3229 1883 Dominus
3256 1828 3396 1884 Deus
3419 1828 3638 1883 Israelis
3667 1849 3678 1882 :
3713 1829 3786 1898 (ει

541 1921 628 1974 die
667 1939 680 1973 :
715 1921 874 1988 injeci
904 1936 1066 1988 super
1103 1937 1221 1974 ea-n
1274 1931 1494 1988 repente
1529 1919 1604 1988 (g)
1636 1930 1925 1974 tremorem
1954 1932 2006 1976 et
2037 1923 2114 1976 fe-

543 2013 912 2067 stinationem.
941 2013 994 2066 9.
1023 2009 1204 2065 Vacua
1235 2012 1373 2065 facta
1410 2019 1513 2078 est,
1544 2027 1666 2081 qua:
1700 2015 1842 2081 parit
1871 2025 2108 2082 septem:

543 2105 854 2172 perturbata
905 2115 989 2158 est
1041 2104 1218 2156 anima
1254 2105 1373 2174 ejus
1424 2126 1438 2158 :
1480 2104 1680 2160 occidit
1728 2106 1809 2160 sol
1853 2107 1941 2172 ei,
1989 2122 2112 2161 cum

541 2191 721 2244 adhuc
745 2190 956 2245 medius
983 2191 1100 2245 dies
1124 2208 1137 2256 ;
1166 2192 1405 2252 erubuit,
1429 2201 1480 2246 et
1510 2194 1767 2262 probrum
1803 2210 1962 2264 passa
1987 2205 2073 2250 est
2096 2216 2109 2251 :

540 2281 785 2348 reliquos
815 2297 1005 2335 eorum
1053 2283 1104 2334 in
1149 2283 1384 2349 gladium
1438 2283 1581 2338 dabo
1630 2300 1815 2340 coram
1873 2288 2113 2345 inimicis

540 2385 752 2432 eorum,
805 2371 938 2424 dicit
990 2371 1273 2425 Dominus.
1333 2371 1420 2430 10.
1485 2360 1576 2428 Vae
1620 2375 1750 2428 mihi
1787 2392 1910 2445 ego,
1942 2389 2114 2432 mater

541 2473 687 2523 mea,
714 2460 931 2528 qualem
969 2461 1201 2529 genuisti
1237 2478 1318 2515 me
1352 2463 1526 2515 viru:u
1551 2463 1628 2532 (Ιι)
1656 2464 2013 2533 judicantem,
2045 2472 2112 2535 ἒς(

538 2559 594 2603 et
639 2552 864 2616 virum:
901 2552 963 2619 (i)
990 2552 1256 2606 dicentem
1289 2553 1554 2621 judicium
1601 2558 1751 2610 omni
1803 2559 2004 2613 terras?
2038 2560 2108 2630 (Ic)

538 2640 657 2694 Non
721 2643 920 2707 profui,
972 2654 1024 2695 et
1057 2658 1164 2696 non
1213 2643 1414 2712 profuit
1464 2647 1595 2699 mihi
1651 2662 1751 2702 nec
1796 2650 2108 2718 quisquam.

540 2732 604 2803 (ι)
639 2734 820 2787 Robur
851 2751 1026 2788 meum
1056 2735 1251 2789 defecit
1282 2735 1334 2788 in
1362 2735 1450 2802 iis,
1479 2739 1572 2807 qui
1603 2739 1932 2793 maledicunt
1956 2743 2108 2795 mihi.

540 2827 630 2878 Η.
672 2825 810 2888 Fiat,
865 2826 1111 2891 Domine,
1141 2843 1265 2881 cum
1298 2827 1394 2896 (ut)
1426 2828 1526 2896 ipsi
1563 2846 1818 2898 prospere
1850 2846 2014 2902 agunt
2043 2838 2108 2900 )K

543 2917 597 2970 in
629 2917 831 2970 bonum
862 2918 908 2985 ζ.
935 2915 991 2970 Si
1027 2933 1134 2970 non
1173 2919 1296 2972 steti
1329 2935 1513 2973 coram
1558 2928 1609 2972 te
1640 2920 1691 2973 in
1724 2923 1965 2991 tempore
1996 2939 2112 2977 ma-

541 3011 718 3064 lorum
753 3016 967 3073 eorum,
1029 3017 1084 3064 et
1133 3009 1185 3063 in
1224 3019 1467 3080 tempore
1489 3012 1798 3067 aillictionis
1832 3027 1896 3068 +
1919 3029 2108 3070 eorum

2217 1921 2282 1976 Et
2311 1931 2365 1975 tu
2406 1925 2472 1990 >ε<
2505 1938 2572 1976 ne
2603 1922 2788 1990 capias
2817 1922 2909 1975 tibi
2939 1936 3185 1985 uxorem,
3215 1920 3270 1974 2.
3294 1930 3348 1975 et
3389 1920 3413 1986 ζ
3452 1937 3559 1973 non
3600 1921 3795 1990 gigne-

2218 2023 2306 2067 tur
2333 2014 2428 2067 tibi
2462 2013 2625 2075 Illius,
2660 2027 2837 2082 neque
2864 2012 2969 2065 filia
3009 2013 3062 2065 in
3099 2013 3221 2065 loco
3253 2012 3374 2064 huc.
3413 2013 3466 2065 5.
3503 2010 3549 2076 Q
3574 2011 3642 2063 tia
3679 2012 3794 2064 Ιιυιρ

2216 2105 2348 2160 dicit
2378 2104 2646 2159 Dominus
2670 2105 2736 2160 de
2760 2106 2886 2160 liliis
2913 2114 2968 2159 et
3002 2104 3238 2168 ﬁliabus,
3275 2104 3366 2173 qui
3397 2112 3706 2157 nascuntur
3734 2103 3790 2154 in

2215 2196 2336 2250 loco
2367 2195 2492 2256 hoc,
2523 2206 2575 2250 et
2611 2197 2678 2250 de
2717 2197 2984 2249 matribus
3027 2210 3240 2258 eorum,
3291 2211 3414 2263 qua:
3459 2203 3793 2262 pepererunt

2217 2302 2333 2349 eos.
2369 2295 2422 2340 et
2462 2287 2530 2341 de
2577 2288 2823 2354 patribus
2853 2302 3064 2349 eorum,
3112 2287 3204 2354 qui
3253 2294 3560 2355 genuerunt
3607 2300 3702 2338 eos
3733 2285 3792 2338 in

2217 2385 2359 2431 terra
2391 2377 2489 2432 hac
2523 2397 2535 2431 :
2575 2377 2630 2432 ι.
2675 2378 2728 2429 1η
2779 2386 2954 2430 morte
2995 2377 3327 2430 vehementis
3359 2376 3638 2428 cruciatus
3674 2391 3791 2427 ηιθ-

2219 2469 2426 2522 rienlur
2477 2487 2490 2520 :
2550 2485 2655 2521 non
2710 2469 3054 2537 plangentur.
3105 2482 3280 2536 neque
3312 2465 3643 2534 srpelieutur
3681 2482 3694 2517 :
3731 2465 3788 2517 in

2218 2559 2508 2613 ludibrium
2543 2575 2707 2624 super
2751 2558 2890 2612 facie
2935 2567 3090 2611 terrae
3121 2567 3282 2610 erunt
3329 2574 3342 2608 :
3381 2556 3432 2608 in
3469 2555 3652 2625 gladio
3699 2570 3789 2607 ea-

2217 2641 2364 2714 dent,
2401 2661 2454 2704 et
2485 2652 2537 2704 in
2584 2649 2725 2703 fame
2759 2659 3153 2703 consumentur
3186 2666 3198 2700 :
3229 2656 3282 2702 et
3324 2656 3484 2700 erunt
3521 2647 3788 2699 cadavera

2216 2758 2405 2796 eorum
2441 2742 2492 2794 in
2521 2742 2702 2795 cibum
2737 2740 3049 2794 volucribus
3091 2740 3237 2802 cmli,
3265 2747 3320 2792 et
3347 2738 3423 2809 (a)
3456 2738 3650 2792 bestiis
3681 2748 3792 2790 ter-

2215 2847 2309 2885 ra}.
2340 2833 2392 2886 5.
2421 2830 2497 2900 (a)
2534 2831 2656 2884 Haec
2678 2831 2808 2883 dicit
2835 2830 3096 2883 Dominus
3125 2847 3138 2884 :
3173 2829 3254 2882 Ne.
3282 2829 3607 2899 ingrediaris
3633 2828 3708 2896 (b)
3733 2828 3788 2878 in

2217 2933 2448 2978 turmam
2479 2937 2690 2986 eorum,
2723 2937 2898 2990 neque
2920 2922 3083 2976 abeas
3107 2923 3170 2974 ad
3195 2921 3578 2990 plangendum,
3612 2935 3787 2987 neque

2215 3015 2400 3083 lugeas
2435 3028 2532 3068 eos
2570 3033 2582 3065 :
2620 3013 2747 3082 quia
2793 3012 2996 3066 removi
3031 3027 3216 3081 pacem
3270 3027 3443 3065 meam
3508 3026 3537 3063 a
3584 3011 3789 3079 populo

542 3101 596 3155 in
632 3101 821 3170 bona:
856 3102 1116 3156 adversus
1142 3102 1445 3156 inimicum.
1483 3104 1568 3155 12.
1610 3103 1687 3172 (η)
1718 3104 1774 3157 Si
1809 3121 2102 3175 cognosce-
2135 3123 2178 3180 α
2216 3109 2317 3161 hoc
2373 3106 2478 3160 hoc
2539 3105 2624 3174 (°),
2691 3105 2822 3157 dicit
2884 3103 3168 3165 Dominus,
3221 3105 3288 3169 ἶ(
3328 3103 3789 3168 misericordiam,

541 3194 722 3262 tur(o)
755 3193 980 3256 ferrum,
1012 3204 1064 3246 et
1093 3194 1486 3262 operimentum
1525 3198 1647 3249 teris
1699 3197 1868 3250 robur
1915 3202 2107 3254 tuum?

545 3283 631 3336 15.
668 3283 733 3336 Et
773 3284 1058 3337 thesauros
1105 3292 1226 3336 tuos
1268 3283 1321 3336 in
1356 3283 1718 3354 direptionem
1753 3287 1918 3349 dabo,
1955 3303 2107 3342 com-

541 3375 895 3428 mutationem
924 3383 1142 3443 propter
1165 3377 1344 3428 omnia
1373 3384 1592 3444 peccata
1617 3386 1729 3438 tua,
1756 3387 1809 3430 et
1841 3379 1894 3430 in
1925 3378 2105 3432 omni-

538 3465 643 3518 bus
673 3465 917 3518 terminis
947 3465 1071 3519 tuis.
1125 3465 1211 3518 M.
1267 3464 1331 3518 Et
1383 3466 1587 3520 servire
1633 3477 1685 3520 te
1737 3465 1930 3521 faciam
1968 3469 2109 3524 inter

541 3556 794 3610 inimicos
829 3565 974 3621 tuos,
1031 3555 1085 3608 in
1139 3563 1305 3618 terra,
1340 3572 1503 3624 quam
1546 3572 1652 3610 non
1707 3560 1902 3613 novisti
1935 3581 1948 3614 :
1979 3563 2105 3629 quia

540 3646 681 3714 ignis
719 3661 981 3700 accensus
1033 3661 1095 3700 ex
1151 3645 1334 3699 furore
1370 3661 1509 3711 nico,
1548 3663 1709 3716 super
1752 3665 1849 3704 vos
1876 3651 2103 3704 ardebit.

541 3739 628 3793 15.
663 3742 730 3806 Χ
761 3738 841 3792 Tu
869 3738 1086 3802 novisti,
1123 3737 1350 3792 Domine
1378 3738 1400 3806 ζ
1435 3755 1447 3790 :
1481 3739 1771 3792 recordare
1802 3741 1927 3803 mei,
1957 3750 2011 3795 et
2037 3743 2110 3795 vi-

541 3830 643 3882 sita
677 3845 784 3895 me,
813 3830 890 3900 (p)
945 3837 998 3883 et
1047 3829 1323 3898 impunem
1373 3829 1584 3883 dimitte
1629 3845 1714 3884 me
1747 3832 1816 3885 ab
1849 3833 1954 3894 bis,
2013 3835 2106 3902 qui

539 3929 943 3988 persequuntur
972 3935 1056 3973 me
1090 3939 1102 3972 :
1140 3936 1246 3973 non
1285 3920 1336 3972 in
1362 3920 1826 3991 longanimitatem
1861 3926 1924 3987 χ(
1962 3933 2104 3978 tuam

539 4011 807 4080 suscipias
843 4027 929 4066 me
960 4015 1005 4083 ζ.
1059 4015 1229 4076 Scito,
1283 4012 1426 4083 quod
1462 4013 1644 4082 accepi
1680 4029 1780 4083 pro
1809 4023 1862 4069 te
1907 4030 2105 4085 Oppro-

538 4105 717 4157 brium
775 4103 862 4159 16.
913 4107 981 4160 ab
1029 4107 1134 4168 his,
1165 4106 1237 4175 (τι)
1266 4105 1359 4175 qui
1393 4105 1730 4174 praevaricati
1759 4115 1887 4160 sunt
1918 4107 1970 4159 in
1999 4123 2108 4160 ser-

536 4211 727 4250 mones
756 4205 879 4251 luos
911 4215 925 4250 :
962 4212 1282 4251 consumma
1313 4212 1427 4251 eos.
1469 4195 1534 4250 Et
1572 4197 1676 4250 erit
1702 4199 1925 4252 verbum
1954 4211 2104 4252 tuum

538 4286 668 4339 mihi
703 4288 755 4339 in
785 4287 1066 4356 gaudium,
1119 4295 1172 4340 et
1216 4286 1269 4340 in
1304 4286 1546 4340 laetitiam
1583 4287 1764 4340 cordis
1797 4287 1939 4352 mei;
1981 4288 2105 4358 quia

537 4378 849 4432 invocatum
880 4389 963 4432 est
998 4393 1192 4432 nomen
1223 4386 1372 4430 tuum
1415 4392 1578 4446 super
1626 4393 1731 4442 me,
1782 4377 2008 4434 Domine
2037 4383 2105 4448 3K

2209 3207 2264 3252 et
2335 3197 2865 3252 commiserationem
2925 3215 2936 3248 :
3009 3194 3063 3249 6.
3131 3204 3186 3248 ct
3251 3195 3552 3248 morientur
3622 3210 3790 3264 gran-

2208 3288 2304 3342 des
2357 3295 2412 3341 et
2465 3286 2614 3354 parvi
2668 3285 2720 3337 in
2781 3295 2922 3339 terra
2986 3284 3105 3346 hac,
3170 3297 3276 3336 non
3340 3283 3673 3351 sepelientur
3725 3282 3749 3348 ζ

2210 3393 2386 3448 neque
2443 3379 2697 3447 plangent
2760 3391 2922 3444 super
2983 3376 3083 3439 eis,
3153 3389 3329 3443 neque
3385 3373 3586 3427 facient
3652 3375 3791 3426 inci-

2209 3483 2407 3530 suras,
2466 3483 2642 3537 neque
2711 3468 2782 3537 (c)
2846 3466 3070 3529 radent,
3127 3467 3194 3531 Ἀ(
3267 3479 3444 3532 neque
3508 3465 3789 3519 dellebnnt

2208 3571 2324 3622 eos,
2368 3572 2473 3610 non
2535 3556 2868 3625 sepelientur
2901 3555 2959 3621 ζ,
2995 3555 3048 3606 7.
3087 3568 3264 3620 neque
3306 3553 3587 3622 frangetur
3627 3554 3789 3620 panis

2209 3648 2261 3702 in
2319 3648 2466 3701 luctu
2509 3662 2696 3700 eorum
2739 3647 2791 3699 in
2840 3647 3270 3700 consolationem
3315 3660 3480 3713 super
3521 3655 3782 3698 mortuo:

2209 3753 2316 3792 non
2353 3738 2615 3807 potabunt
2648 3752 2772 3790 eum
2809 3737 2976 3791 calice
3009 3736 3406 3791 consolationis
3437 3751 3600 3804 super
3626 3743 3785 3805 patre

2207 3831 2346 3900 ejus,
2379 3839 2432 3884 et
2470 3838 2642 3883 matre
2671 3829 2810 3897 ejus.
2847 3828 2900 3881 8.
2937 3829 2993 3881 lu
3026 3829 3246 3881 domum
3279 3825 3514 3882 comivii
3551 3841 3659 3878 non
3692 3825 3782 3878 in-

2210 3920 2498 3991 gredieris,
2525 3927 2582 3973 ut
2611 3921 2803 3974 sedeas
2829 3934 2954 3972 cum
2988 3920 3068 3972 eis
3105 3919 3170 3971 ad
3208 3917 3499 3979 edendum,
3523 3925 3577 3969 et
3605 3916 3672 3969 ad
3706 3915 3787 3969 bi-

2209 4013 2466 4067 bendum.
2501 4011 2553 4065 9.
2589 4010 2725 4076 Quia
2763 4011 2876 4065 haec
2905 4011 3033 4064 dicit
3067 4009 3328 4064 Dominus
3351 4009 3610 4062 virtutum
3637 4007 3786 4063 Deus

2210 4103 2424 4157 lsraelis
2459 4122 2470 4155 :
2504 4101 2637 4155 Ecce
2658 4117 2758 4171 ego
2792 4102 2999 4154 irritam
3038 4101 3179 4154 facio
3209 4101 3422 4155 deloco
3455 4100 3557 4153 hoc
3587 4115 3782 4155 coram

2207 4195 2383 4248 Ol'UiiS
2412 4193 2630 4257 vestris,
2675 4200 2730 4246 et
2764 4192 2817 4244 in
2847 4193 3040 4247 diebus
3079 4193 3296 4256 vestris,
3345 4206 3532 4246 vocem
3565 4192 3782 4261 gaudii,

2207 4295 2258 4340 el
2285 4299 2470 4337 vocem
2507 4283 2719 4347 laetitiae,
2763 4297 2951 4336 vocem
2996 4282 3207 4351 sponsi,
3237 4290 3293 4335 et
3321 4295 3510 4336 vocem
3534 4296 3779 4350 sponsa.

2211 4377 2294 4430 t0.
2334 4375 2399 4428 Et
2427 4375 2551 4438 erit,
2583 4374 2800 4444 quando
2835 4374 3242 4427 annuntiaveris
3268 4372 3468 4441 populo
3495 4371 3625 4425 huic
3652 4386 3783 4425 om-

536 4469 678 4524 Deus
708 4471 728 4538 ζ
766 4469 1129 4538 omnipotens.
1164 4470 1250 4522 17.
1285 4468 1403 4523 Non
1447 4469 1559 4523 sedi
1612 4470 1663 4522 in
1709 4484 1970 4525 consessu
2004 4487 2101 4525 eo-
2139 4448 2182 4502 θ
2211 4468 2296 4520 nia
2341 4467 2503 4519 verba
2549 4466 2682 4529 haec,
2735 4472 2790 4517 et
2845 4464 3078 4518 dixerint
3110 4465 3175 4517 ad
3209 4472 3261 4517 te
3291 4480 3305 4516 :
3342 4463 3523 4527 Quare
3559 4461 3782 4517 locutus

535 4576 677 4629 rum,
709 4576 831 4616 cum
860 4561 1070 4624 ludunt,
1099 4561 1190 4615 sed
1218 4560 1287 4630 (r)
1308 4560 1500 4613 erubui
1539 4576 1566 4611 a
1588 4558 1729 4613 facie
1753 4576 1950 4616 manus
1970 4572 2092 4614 tuae.

605 4737 680 4806 (a)
717 4736 806 4799 Α.,
843 4738 896 4790 in
927 4736 1328 4792 eribratiouem.
1369 4733 1449 4796 8.,
1489 4735 1540 4786 in
1589 4749 1754 4787 unum
1779 4737 2028 4803 (errorem
2058 4735 2141 4786 hic
2173 4733 2459 4806 suspicor).

2205 4567 2290 4611 est
2326 4555 2584 4610 Dominus
2615 4570 2776 4623 super
2822 4569 2922 4608 nos
2959 4553 3144 4607 omnia
3190 4552 3330 4606 mala
3378 4566 3574 4620 magna
3617 4549 3781 4604 haec?

2564 4730 2637 4798 (b)
2677 4729 2766 4791 Α.,
2798 4730 2973 4783 lassus
3007 4745 3126 4781 sum
3167 4731 3595 4784 consolationem
3629 4733 3779 4785 acri-

534 4798 681 4880 pere.
718 4798 1119 4880 Etﬁispergam
1145 4821 1258 4880 eos.
1414 4805 1592 4880 [assus
1614 4820 1733 4858 sum
1765 4798 1830 4858 eo
1852 4805 1992 4880 quod
2008 4798 2302 4880 transfero.
2380 4798 2451 4872 (c)
2467 4800 2530 4854 Et
2563 4801 2869 4880 dispergam
2895 4814 2991 4854 cos
3012 4799 3384 4880 itindeset‘lultt.
3463 4803 3541 4880 (ᾖ)
3564 4798 3772 4880 Terrae.

537 4872 606 4944 (c)
649 4877 739 4936 A.,
783 4875 862 4937 8.,
900 4872 928 4927 ἐι
971 4872 1069 4930 viis
1101 4877 1232 4929 suis.
1311 4877 1378 4945 (ι’)
1405 4872 1487 4932 8.,
1521 4883 1845 4927 vastatores.

539 4946 788 4998 utilitate.
867 4945 938 5013 (ἔς)
975 4945 1089 5000 Non
1130 4945 1413 5009 fumeravi,
1447 4960 1545 4997 nec
1578 4945 1912 4997 fceneraruut
1944 4945 2095 4996 mihi.

540 5031 643 5068 nea
695 5016 738 5068 si
773 5009 1047 5070 residuum
1086 5025 1236 5069 tuum
1264 5027 1381 5069 erat
1433 5014 1562 5066 mihi
1600 5015 1650 5066 in
1696 5015 1915 5075 bonum,
1951 5015 1995 5066 si
2029 5029 2136 5066 non
2169 5015 2382 5066 occurri
2423 5011 2515 5063 tibi
2548 5011 2598 5060 in
2637 5019 2872 5075 tempore
2903 5009 3192 5062 malorum.

1713 5083 1785 5152 (ο)
1831 5087 1916 5143 Λ..
1955 5085 2154 5136 ferrum
2190 5083 2332 5134 ferro
2356 5080 2718 5152 abaquilone,
2746 5079 2948 5152 (ει-ξυεῖ
2979 5078 3163 5131 Robur
3194 5089 3367 5152 tuum,
3396 5090 3451 5134 et
3481 5080 3774 5134 theSauros

493 5097 496 5100 ’
536 5086 957 5138 (ξυιιευυὶίώηην.
991 5085 1072 5151 8.,
1103 5088 1363 5153 numquid
1402 5083 1632 5136 nocebit.

1951 4875 2022 4942 (θ)
2066 4873 2147 4936 8.,
2181 4869 2456 4927 civitatem
2488 4880 2542 4924 et
2577 4869 2973 4942 fi‘rstinationes.

2197 4943 2258 5010 (ι)
2300 4942 2542 5007 Quisque
2578 4940 2846 4992 maledicit
2885 4939 3041 5000 mihi,
3068 4941 3198 4992 dicit
3233 4938 3511 4994 Dominus.

3051 4869 3235 4937 una"
3268 4871 3396 4924 litis.
3475 4871 3532 4938 (ἰ,
3556 4872 3778 4933 A.,sine

3591 4943 3690 5007 (m)
3717 4942 3774 4995 Si

3273 5017 3350 5076 tu)
3391 5013 3478 5068 Α..
3506 5013 3772 5078 mnnquid

537 5165 659 5209 tuos
686 5157 736 5207 in
767 5157 863 5207 diri
887 5148 1120 5222 ptioue'm
1153 5148 1312 5216 dabo,
1349 5171 1452 5206 non
1489 5154 1542 5206 in
1581 5148 2031 5206 commutatione.
2077 5151 2160 5213 8.,
2195 5155 2396 5222 ferrum
2431 5150 2572 5222 ferro
2600 5150 2672 5222 ab
2703 5149 2978 5222 aquilone,
3027 5159 3081 5222 et
3128 5148 3460 5222 tes?_llobur
3506 5161 3685 5212 tuum,
3719 5163 3773 5202 et

537 5229 821 5279 thesauros
853 5232 977 5277 tuos
1009 5225 1060 5276 in
1097 5225 1328 5293 praedam
1361 5225 1502 5277 dabo
1542 5239 1640 5291 pro
1674 5224 1861 5276 nihilo.

1963 5225 2039 5290 (ρ)
2081 5225 2169 5285 Α..

2205 5223 2288 5283 8.,
2324 5221 2408 5273 fac
2442 5220 2594 5272 nobis
2629 5219 2938 5272 vindictam.
3017 5220 3090 5286 (τι)
3131 5222 3219 5281 Α.,
3253 5219 3452 5273 inventi
3493 5229 3622 5274 sunt
3655 5236 3773 5274 ser-

537 5310 725 5347 mones
751 5297 850 5356 lui,
880 5304 932 5347 et
963 5287 1171 5348 comedi
1196 5310 1310 5356 eos,
1338 5305 1387 5348 ct
1420 5287 1619 5346 factum
1648 5305 1730 5346 est
1758 5287 2159 5346 vcrbum'tuum
2195 5293 2322 5344 n'nhi
2359 5293 2410 5344 in
2453 5290 2729 5357 gaudium.
2765 5287 2847 5349 8.,
2880 5289 3080 5341 inventi
3112 5289 3334 5342 fuerunt
3375 5304 3660 5344 sermones
3693 5291 3768 5342 tui

537 5363 850 5416 alimentum
886 5366 1038 5427 mihi,
1073 5374 1127 5417 et
1161 5363 1362 5417 factum
1388 5373 1471 5417 est
1511 5363 1733 5417 verbum
1765 5373 1916 5414 tuum
1947 5362 2076 5414 mihi
2115 5361 2166 5429 in
2192 5362 2472 5429 gaudium.

1878 5431 1947 5496 (δ)
1987 5431 2076 5494 Α.,
2111 5428 2208 5490 8.,
2237 5432 2452 5484 robore.

537 5511 588 5572 e_t
617 5503 767 5572 plaga
801 5520 915 5558 mea
948 5504 1064 5559 sine
1106 5497 1408 5566 curatione,
1449 5519 1556 5556 non
1609 5517 1769 5572 passa
1803 5511 1888 5554 est
1917 5515 2126 5572 moram
2162 5499 2236 5572 ad
2266 5499 2641 5572 accipiendum
2669 5497 3024 5572 curationem.

2019 5570 2094 5639 (y)
2138 5570 2226 5634 Α..
2259 5569 2342 5634 8.,
2373 5566 2427 5621 et
2450 5568 2650 5622 factum
2683 5575 2766 5620 est
2799 5567 3031 5639 verbum
3053 5566 3265 5639 Domini
3305 5571 3371 5622 ad
3407 5584 3514 5626 me.
3553 5569 3764 5639 dicens.

538 5431 620 5495 8.,
646 5443 696 5504 et
732 5436 941 5489 laetatus
971 5450 1091 5488 sum
1121 5445 1341 5504 propter
1373 5448 1592 5486 manum
1629 5441 1800 5485 tuam.

537 5569 622 5643 8.,
651 5587 683 5643 a_
708 5569 954 5643 ittgtdico
993 5577 1274 5629 obscmno.
1351 5574 1428 5643 (at)
1465 5572 1554 5643 ᾼ.,
1590 5570 1916 5643 validorum.

537 5639 616 5712 (al
652 5641 740 5700 Α..
768 5640 886 5704 ΤΙι.,
907 5646 1254 5697 animalibus.
1329 5639 1403 5712 (ὰ)

537 5708 656 5764 lilio
705 5720 881 5765 textus
913 5713 1137 5781 Syriaci.
1174 5708 1394 5767 1mm;
1453 5716 1501 5785 τ)
1542 5715 1627 5778 Α.,
1664 5711 2084 5782 glabrabuntse.

1469 5641 1669 5708 Reliqui
1689 5681 1703 5702 ,
1728 5641 1986 5708 quoniam
2024 5645 2154 5694 lucc.

2551 5361 2620 5425 (r)
2665 5361 2748 5420 A.,
2782 5367 2837 5410 et
2870 5359 3141 5425 superbivi
3175 5374 3203 5410 a
3239 5358 3377 5411 facie
3410 5374 3605 5413 manus
3641 5369 3767 5413 tum.

2530 5431 2594 5494 (ι)
2637 5426 2720 5487 8.,
2752 5442 2922 5494 quare
2968 5425 3068 5480 fuit
3112 5429 3265 5481 dolor
3295 5445 3450 5484 meus
3480 5438 3767 5487 constans.

3102 5500 3182 5562 (τι)
3221 5497 3310 5562 Α.,
3362 5502 3432 5552 ab
3476 5499 3764 5552 obscaeno.

2236 5641 2310 5709 (b)
2353 5642 2441 5703 Α.,
2478 5639 2544 5693 ad
2577 5639 2796 5694 domum
2837 5637 3164 5706 epulationis
3197 5652 3409 5692 eorum.
3489 5642 3554 5708 (·)
3593 5635 3772 5707 Repe-
