4102 6278
404 359 551 419 25'29

1643 346 1960 406 JEBEMMS
1998 345 2230 402 CAPUT
2272 342 2435 400 XVII.

3529 345 3669 403 2530

404 475 538 541 Quae
571 471 830 542 iniquitas
868 477 1081 534 nostra,
1107 476 1164 524 et
1190 468 1339 539 quod
1381 476 1663 537 peccatum
1714 473 1984 523 nostrum.
2019 469 2062 525 Α
2094 470 2314 533 peccata
2346 470 2438 515 tua
2476 461 2530 515 in
2574 460 2833 517 omnibus
2868 461 3069 517 finibus
3115 461 3244 517 tuis.
3279 463 3334 517 4.
3382 462 3451 520 Et
3500 466 3668 521 relin-

406 565 554 635 quod
582 564 930 634 peccavimus
953 576 1142 617 coram
1164 559 1397 615 Domino
1424 558 1536 613 Deo
1561 556 1789 612 nostro?
1820 556 1904 609 11.
1926 553 1992 607 Et

407 658 558 711 dices
585 659 653 724 Χ
684 655 749 709 ad
787 669 884 709 eos
916 655 938 722 ζ
977 671 992 708 :
1026 652 1132 708 Pro
1160 668 1226 707 eo
1263 650 1407 721 quod
1451 650 1857 718 dereliquerunt
1897 662 1992 716 pa-

411 754 522 806 tres
553 744 715 800 vestri
750 759 858 809 me,
889 743 1026 799 dicit
1047 741 1336 809 Dominus,
1363 751 1417 797 et
1439 742 1694 796 abierunt
1719 750 1840 811 post
1860 740 1990 795 deos

408 837 640 900 alienos,
667 846 724 891 et
757 837 1048 892 coluerunt
1077 835 1357 891 servitium
1403 835 1505 900 eis,
1545 845 1599 888 et
1628 835 1991 888 adoraveruut

409 944 526 992 cos,
560 939 614 984 et
650 944 734 983 me
767 930 1198 999 dereliqueruut,
1234 937 1289 982 et
1319 928 1491 996 legem
1526 941 1701 980 meam
1749 941 1857 979 non
1888 940 1988 977 cu-

408 1020 752 1074 stodiverunt
787 1040 800 1074 :
847 1020 935 1075 12.
966 1029 1021 1074 et
1045 1034 1143 1074 vos
1182 1020 1323 1074 male
1367 1018 1556 1089 egistis
1586 1018 1654 1086 3a:
1684 1018 1751 1071 ad
1782 1014 1988 1071 faciem

409 1112 539 1164 dum
576 1111 599 1178 ζ
639 1114 764 1180 plus
799 1125 962 1180 quam
996 1119 1182 1180 patres
1211 1111 1400 1165 vestri.
1426 1109 1491 1164 Et
1521 1123 1650 1164 ecce
1674 1125 1773 1163 vos
1801 1108 1990 1162 ambu—

411 1203 537 1256 latis
582 1203 964 1272 unusquisque
993 1213 1117 1272 post
1148 1202 1229 1273 (ά)
1258 1217 1342 1266 ea,
1396 1216 1520 1271 quae
1575 1201 1791 1270 placent
1837 1201 1987 1256 cordi

409 1303 594 1348 vestro
621 1294 789 1356 malo,
822 1304 883 1348 ut
928 1309 996 1348 ne
1025 1294 1295 1349 obediatis
1325 1293 1480 1347 mihi.
1512 1293 1598 1346 1‘5.
1638 1293 1702 1346 Et
1730 1292 1985 1360 abjiciam

413 1395 511 1437 vos
540 1396 604 1435 ex
634 1392 776 1436 terra
810 1382 913 1438 hac
941 1382 994 1435 in
1023 1392 1248 1446 terram,
1273 1397 1439 1451 quam
1465 1396 1572 1435 non
1602 1383 1834 1437 novistis
1864 1397 1982 1446 vos,

410 1483 464 1527 et
486 1484 670 1542 patres
702 1474 889 1537 vestri,
919 1483 973 1525 et
1001 1474 1189 1528 coletis
1219 1473 1499 1529 servitium
1536 1472 1607 1526 ibi
1642 1472 1747 1526 diis
1770 1473 1892 1527 aliis
1918 1476 1986 1541 )t(

408 1564 497 1618 die
521 1574 575 1617 et
596 1573 756 1617 nocte
782 1564 803 1631 ζ
829 1602 843 1627 ,
876 1565 946 1633 (ε)
975 1565 1070 1633 qui
1111 1579 1218 1617 non
1250 1563 1457 1617 dabunt
1493 1563 1645 1618 vobis
1675 1563 1986 1618 misericor-

410 1655 577 1710 diam.
612 1655 699 1710 14.
735 1653 965 1724 Propter
986 1656 1086 1709 hoc
1115 1670 1242 1710 ecce
1274 1655 1393 1708 dies
1431 1656 1678 1715 veniunt.
1713 1653 1846 1709 dicit
1877 1653 1983 1708 Do-

409 1744 593 1799 minus
626 1761 640 1797 :
676 1753 731 1799 et
764 1759 869 1798 non
901 1743 1084 1797 dicent
1112 1742 1372 1811 amplius,
1408 1740 1540 1796 vivit
1572 1739 1855 1803 Dominus,
1887 1740 1982 1809 qui

410 1834 597 1888 eduxit
623 1834 764 1889 filios
792 1831 1010 1889 lsi-aclis
1030 1849 1094 1888 ex
1128 1841 1269 1886 terra
1303 1831 1553 1903 Egypti;
1588 1830 1675 1884 15.
1724 1831 1817 1885 sed
1856 1832 1987 1885 vivit

411 1923 697 1989 Dominus,
725 1924 820 1994 qui
847 1925 1033 1979 eduxit
1066 1927 1134 1993 )t(
1170 1932 1224 1979 et
1257 1925 1404 1978 ducit
1443 1922 1466 1991 ζ
1503 1923 1639 1977 filios
1677 1922 1893 1977 lsraelis
1919 1938 1984 1976 ex

410 2025 554 2070 terra
586 2017 882 2086 aquilonis,
909 2024 963 2070 et
991 2032 1058 2071 ex
1089 2016 1347 2071 omnibus
1371 2015 1710 2083 regionibus,
1743 2029 1856 2082 quo
1901 2028 1990 2068 ex-

409 2107 550 2178 pulsi
583 2115 711 2162 sunt
739 2107 831 2162 ibi.
868 2105 929 2161 Et
956 2116 1196 2162 revertar
1230 2116 1376 2161 stare
1397 2106 1593 2160 faciam
1621 2121 1718 2160 eos
1745 2107 1800 2159 in
1841 2114 1987 2159 terra

410 2215 532 2267 sua,
563 2216 727 2269 quam
755 2200 878 2255 dedi
902 2200 1147 2267 patribus
1168 2214 1382 2254 eorum.
1422 2197 1506 2254 16.
1539 2196 1678 2252 Ecce
1702 2212 1805 2267 ego
1831 2197 1988 2253 mitto

411 2291 714 2362 piscatores
760 2292 988 2356 multos,
1018 2291 1152 2345 dicit
1192 2289 1481 2355 Dominus,
1528 2298 1583 2343 et
1631 2289 1989 2358 piscabuntur

408 2398 527 2447 eos,
570 2392 625 2438 et
654 2391 779 2453 post
813 2382 927 2438 haec
953 2382 1165 2436 mittam
1194 2394 1482 2436 venatores
1506 2382 1730 2445 multos,
1752 2391 1807 2434 et
1832 2395 1987 2434 vena-

410 2473 617 2528 buntur
661 2487 759 2528 eos
808 2472 1043 2541 desuper
1088 2471 1237 2526 oumi
1283 2470 1347 2539 (‘)
1387 2478 1592 2535 monte,
1637 2481 1691 2523 et
1753 2470 1988 2538 desuper

408 2564 559 2618 omni
602 2563 763 2630 colle,
807 2571 862 2618 et
910 2563 977 2616 de
1033 2559 1283 2615 cavernis
1332 2569 1606 2628 petrarum
1664 2578 1677 2613 :
1723 2560 1808 2613 17.
1857 2561 1985 2629 quia

408 2656 554 2710 oculi
604 2655 710 2717 mei
761 2668 927 2723 super
973 2667 1167 2707 omnes
1224 2651 1338 2705 vias
1391 2665 1602 2716 eorum,
1656 2653 1723 2718 >κ
1789 2652 1879 2703 ubi
1925 2666 1985 2705 se

407 2745 870 2801 abscondiderunt
895 2759 926 2797 a
952 2742 1091 2797 facie
1114 2757 1234 2796 mea
1260 2743 1305 2810 ζ,
1337 2750 1390 2795 et
1410 2756 1517 2795 non
1549 2750 1678 2795 sunt
1697 2739 1987 2794 abscondi-

410 2845 479 2891 ιω
528 2835 841 2903 iniquitates
881 2849 1072 2889 eorum
1107 2833 1176 2887 ab
1203 2842 1331 2886 ante
1357 2832 1548 2886 oculos
1588 2845 1760 2885 meos.
1798 2830 1885 2883 18.
1916 2829 1986 2884 Et

408 2928 712 2982 retribuam
770 2927 1006 2995 primum
1039 2924 1284 2993 duplices
1315 2922 1615 2992 injuslilias
1662 2938 1879 2985 eorum,
1931 2932 1987 2975 et

408 3027 630 3089 peccata
699 3033 933 3083 eorum,
997 3017 1052 3071 itt
1121 3017 1324 3086 quibus
1393 3016 1710 3086 polluerunt
1780 3025 1982 3069 terram

411 3126 591 3165 meam
640 3111 694 3165 in
745 3110 1106 3167 cadaveribus
1146 3108 1618 3163 abominationum
1652 3121 1900 3173 suarum,
1931 3117 1985 3160 et
2011 3121 2053 3178 ε
2088 3126 2353 3181 aquarum

411 3203 481 3274 (ί)
540 3205 592 3257 iu
646 3203 1032 3273 iniquitatibus
1086 3202 1223 3263 suis,
1272 3200 1327 3254 in
1374 3200 1575 3270 quibus
1624 3199 1986 3269 impleverunt

412 3294 781 3349 hereditatem
844 3304 1044 3349 meam.
1103 3292 1195 3347 19.
1247 3291 1499 3355 Domine,
1548 3291 1717 3345 robur
1779 3305 1985 3353 meum,

412 3385 491 3457 (9)
538 3394 593 3440 et
644 3384 909 3438 auxilium
955 3399 1160 3451 meum,
1203 3391 1258 3438 et
1302 3381 1572 3452 refugium
1610 3397 1786 3436 meum
1818 3383 1871 3435 in
1902 3383 1989 3438 die

414 3478 707 3541 malorum,
761 3477 828 3531 ad
871 3485 924 3531 te
958 3486 1146 3545 gentes
1182 3475 1401 3530 venient
1433 3475 1504 3528 ab
1531 3483 1779 3528 extremo
1808 3484 1986 3540 terrae,

411 3576 468 3623 et
491 3568 695 3632 dicent,
729 3567 876 3636 quod
908 3567 1050 3621 idola
1088 3565 1224 3620 falsa
1265 3566 1627 3636 possederunt
1673 3576 1854 3636 patres
1888 3583 1989 3619 no-

413 3659 537 3723 stri,
566 3668 621 3712 et
658 3673 765 3713 non
796 3666 878 3713 est
920 3657 973 3711 in
1016 3658 1097 3712 eis
1128 3657 1355 3710 utilitas.
1415 3656 1505 3709 ει).
1562 3657 1618 3711 Si
1669 3658 1831 3711 faciet
1882 3657 1987 3712 sibi

414 3748 580 3804 homo
606 3750 758 3811 deos,
785 3754 839 3803 et
864 3748 964 3816 ipsi
994 3762 1101 3802 non
1132 3757 1263 3800 sunt
1294 3744 1422 3798 Dii?
1457 3745 1548 3800 2|.
1602 3747 1830 3816 PrOpter
1886 3748 1991 3803 hoc

412 3856 544 3896 ecce
570 3854 674 3909 ego
696 3839 982 3894 ostendam
1010 3839 1090 3893 eis
1118 3838 1197 3908 (Ιι)
1234 3838 1287 3891 in
1337 3846 1579 3905 tempore
1620 3841 1720 3891 hoc
1767 3853 1987 3891 Inanqu

416 3944 616 3991 meam,
644 3937 700 3982 et
728 3929 896 3982 robur
927 3941 1105 3981 meum
1130 3935 1319 3980 uotum
1356 3924 1554 3979 faciam
1579 3926 1680 3989 eis,
1711 3934 1767 3980 et
1789 3926 1985 3991 scient,

412 4020 560 4091 quod
589 4035 785 4074 nomen
810 4020 943 4073 mihi
971 4018 1253 4073 Dominus.

484 4110 617 4179 Cap.
644 4107 807 4163 XVII.
832 4138 906 4149 —
924 4109 975 4162 1.
1015 4111 1082 4177 χ
1106 4108 1392 4162 Peccatum
1423 4105 1575 4161 ludas
1614 4107 1879 4175 scriptum
1907 4116 1992 4162 est

415 4202 480 4273 (i)
521 4202 574 4257 in
603 4200 749 4256 ferro
775 4201 828 4254 in
854 4201 1068 4271 ouycha
1091 4199 1465 4264 adamantina,
1498 4198 1766 4266 sculptum
1799 4197 1871 4267 (Ιί)
1892 4212 1989 4252 su-

416 4307 512 4361 per
542 4302 761 4360 pectore
790 4289 974 4344 cordis
1002 4304 1214 4353 eorum,
1265 4298 1320 4343 et
1356 4302 1520 4357 super
1566 4287 1826 4341 cornibus
1855 4285 1991 4340 alta-

419 4386 559 4439 rium
583 4399 801 4438 eorum.
831 4383 888 4436 2.
921 4382 1058 4436 Cum
1097 4381 1366 4435 recordati
1413 4381 1621 4434 fuerint
1662 4379 1758 4433 lilii
1798 4393 1987 4433 eorum

415 4478 668 4531 altarium
725 4491 976 4538 suorum,
1002 4483 1059 4529 et
1090 4473 1480 4544 plantariorum
1525 4487 1773 4535 suorum,
1825 4485 1989 4539 super

416 4570 564 4637 ligno
617 4568 901 4632 frondoso,
960 4575 1015 4622 et
1067 4581 1230 4634 super
1272 4565 1505 4618 collibus
1543 4565 1793 4618 excelsis.
1835 4563 1888 4617 5.
1926 4561 1990 4616 Ει

2093 553 2280 623 queris
2312 552 2399 623 (ι),
2433 563 2487 608 et
2515 553 2840 622 deprimeris
2893 555 2963 609 ab
2995 555 3310 611 hmreditate
3352 564 3464 621 tua,
3498 573 3665 627 quam

2093 646 2216 700 dedi
2251 645 2369 709 tibi,
2424 645 2519 716 (ιιι)
2558 654 2614 700 et
2663 645 2958 700 ascendere
2991 643 3191 699 faciam
3229 653 3282 700 te
3327 645 3380 699 in
3427 646 3668 704 inimicis

2093 737 2204 792 tuis
2240 737 2295 791 in
2342 745 2508 802 terra,
2545 752 2711 807 quam
2748 753 2856 790 non
2884 736 3028 791 neSti
3061 754 3075 791 :
3108 737 3239 806 quia
3289 737 3432 807 ignis
3476 752 3667 793 ascen-

2092 842 2189 882 sus
2239 828 2293 881 in
2354 826 2543 883 furore
2597 843 2743 894 meo,
2785 842 2959 895 usque
2990 828 3044 881 in
3075 828 3333 882 saeculum
3371 828 3583 883 ardebit
3616 831 3665 898 ζ.

2090 919 2148 974 5.
2184 918 2314 975 Haec
2350 920 2487 975 dicit
2508 920 2772 975 Dominus
2802 938 2816 975 :
2850 919 3170 975 Maledictus
3199 920 3382 983 homo,
3419 920 3508 975 cui
3541 935 3669 992 spes

2090 1022 2174 1066 est
2200 1026 2364 1081 super
2389 1012 2687 1075 hominem,
2724 1014 2803 1081 (η)
2833 1021 2889 1066 et
2922 1011 3164 1066 firmabit
3195 1026 3416 1066 carttem
3450 1011 3665 1068 brachii

2090 1102 2199 1168 sui,
2234 1113 2288 1158 et
2316 1118 2346 1157 a
2378 1102 2610 1158 Domino
2643 1103 2886 1158 discedet
2909 1119 3005 1158 cor
3029 1103 3168 1172 ejus.
3221 1102 3273 1156 6.
3335 1102 3401 1157 Et
3457 1105 3563 1158 erit
3603 1112 3666 1157 ut

2090 1193 2294 1262 myrica
2320 1196 2551 1265 agrestis
2584 1199 2658 1264 (ο)
2692 1195 2746 1249 in
2781 1196 3020 1262 deserto,
3061 1207 3116 1251 et
3143 1211 3253 1251 non
3284 1196 3508 1260 videbit,
3539 1211 3664 1250 cum

2089 1286 2310 1340 venient
2341 1287 2481 1340 bona
2512 1305 2525 1339 :
2550 1297 2606 1341 et
2626 1287 2893 1342 habitabit
2917 1288 2994 1359 (ρ)
3022 1288 3161 1342 inter
3190 1288 3387 1343 herbas
3412 1288 3584 1342 salsas
3609 1289 3664 1341 iu

2088 1378 2305 1433 deserto
2334 1388 2492 1434 terra:
2525 1381 2706 1445 salsae,
2735 1381 2883 1451 quod
2925 1396 3037 1435 non
3065 1382 3363 1436 habitatur.
3401 1382 3449 1437 7.
3484 1380 3551 1436 Et
3581 1382 3668 1435 be-

2089 1471 2338 1526 nedictus
2376 1473 2561 1536 homo,
2590 1472 2683 1540 qui
2719 1474 2945 1528 conlidit
2971 1489 3133 1543 super
3170 1472 3423 1536 Domino,
3475 1482 3530 1528 et
3560 1473 3669 1527 erit

2090 1562 2356 1619 Dominus
2379 1581 2506 1635 spes
2539 1566 2679 1635 ejus.
2711 1566 2768 1620 8.
2802 1566 2865 1619 Et
2910 1566 3015 1622 erit
3044 1574 3105 1621 ut
3136 1567 3338 1638 lignum
3373 1567 3450 1637 (ᾳ)
3485 1566 3665 1621 fertile

2085 1670 2252 1724 super
2267 1670 2457 1725 aquas,
2481 1664 2529 1709 et
2551 1670 2712 1725 super
2741 1658 3028 1711 humorem
3055 1658 3232 1711 mittet
3258 1657 3472 1712 radices
3495 1672 3660 1712 suas:

2087 1751 2142 1796 et
2171 1759 2277 1798 non
2316 1744 2550 1809 timebit,
2581 1761 2706 1800 cum
2745 1746 2958 1801 venerit
2986 1752 3171 1812 assius,
3205 1755 3261 1801 et
3296 1753 3459 1800 erunt
3499 1745 3553 1799 in
3596 1760 3666 1799 eo

2087 1834 2226 1887 rami
2252 1835 2496 1890 umbrosi
2529 1837 2603 1889 in.
2627 1850 2794 1901 anno,
2824 1836 2918 1906 qui
2951 1838 3071 1892 sine
3100 1837 3304 1906 pluvia,
3355 1851 3462 1891 non
3499 1836 3664 1890 time—

2089 1925 2186 1989 bit,
2218 1934 2274 1979 et
2301 1940 2409 1980 non
2446 1928 2686 1982 cessabit
2712 1927 2919 1982 faciens
2949 1928 3183 1983 fructus.
3217 1929 3272 1983 9.
3306 1926 3378 1996 (r)
3420 1928 3493 1998 (a)
3534 1927 3667 1982 Pro-

2089 2014 2322 2069 fundum
2344 2030 2440 2070 cor
2464 2017 2587 2085 plus
2616 2032 2781 2087 quam
2826 2019 3011 2073 omnia
3059 2036 3072 2072 :
3107 2026 3163 2072 et
3187 2018 3251 2088 (ι)
3285 2019 3454 2072 homo
3483 2028 3586 2083 est,
3612 2027 3668 2072 et

2088 2107 2215 2175 quis
2247 2118 2545 2175 cognoscet
2589 2108 2751 2162 eum?
2786 2108 2873 2163 10.
2915 2107 3032 2178 Ego
3077 2107 3341 2163 Dominus
3367 2108 3446 2177 (ιι)
3472 2123 3665 2162 nume-

2084 2207 2220 2247 rans
2240 2194 2428 2259 corda,
2457 2201 2512 2247 et
2535 2196 2775 2265 probans
2800 2211 2984 2261 renes,
3007 2197 3073 2251 ad
3103 2198 3347 2251 dandum
3369 2197 3668 2267 unicuique

2088 2287 2394 2340 secundum
2431 2287 2550 2342 vias
2600 2288 2745 2357 ejus,
2789 2296 2845 2343 et
2875 2288 3178 2345 secundum
3215 2286 3430 2344 fructus
3453 2289 3666 2342 studio-

2088 2393 2210 2431 rum
2238 2379 2381 2444 ejus.
2414 2378 2501 2432 11.
2532 2377 2691 2441 Dedit
2729 2394 2920 2434 vocem
2953 2379 3163 2448 perdix,
3187 2380 3269 2448 (ω)
3295 2378 3664 2450 congregavit,

2087 2484 2211 2539 qua:
2237 2485 2346 2523 non
2380 2470 2611 2539 peperit,
2634 2468 2849 2525 faciens
2873 2470 3094 2525 divitias
3118 2486 3249 2525 suas
3267 2486 3392 2525 cum
3415 2470 3662 2537 judicio:

2088 2561 2143 2614 in
2185 2560 2414 2614 dimidio
2459 2561 2672 2614 dierum
2711 2561 2833 2629 ejus
2863 2561 3171 2629 relinquent
3215 2575 3364 2622 eum.
3398 2567 3452 2613 et
3481 2562 3535 2614 in
3562 2574 3661 2615 ex-

2086 2660 2260 2704 tremo
2282 2665 2381 2704 suo
2401 2651 2506 2704 erit
2528 2652 2605 2719 (υ)
2634 2652 2852 2706 stultus.
2899 2651 2987 2705 12.
3025 2651 3232 2706 Solium
3268 2652 3457 2721 gloriae
3485 2651 3664 2705 elevao

2086 2751 2204 2796 tum
2234 2745 2301 2809 ὴ(
2332 2757 2363 2796 a
2400 2742 2687 2813 principio,
2741 2743 2895 2799 locus
2926 2743 2951 2810 ζ
2992 2744 3289 2798 sanctuarii
3330 2745 3529 2809 nostri,
3570 2743 3663 2799 15.

2085 2834 2417 2901 exspectatio
2474 2832 2710 2899 lsraelis,
2764 2834 3028 2898 Domine,
3075 2848 3287 2897 omnes,
3344 2835 3437 2905 qui
3471 2835 3667 2891 dereli-

2086 2922 2308 2990 querint
2351 2931 2421 2985 te,
2471 2924 2797 2980 erubescent
2827 2942 2842 2978 :
2875 2926 2948 2993 (π.)
2979 2925 3076 2994 qui
3123 2927 3469 2993 recesserint,
3502 2941 3668 2996 super

2091 3027 2232 3073 terra
2257 3020 2597 3087 scribentur;
2626 3020 2754 3088 quia
2795 3020 3201 3090 dereliquerunt
3247 3018 3323 3093 (a)
3357 3019 3562 3075 fontem
3598 3023 3665 3089 χ

2403 3111 2425 3179 ζ
2470 3112 2792 3178 viventium,
2846 3110 3161 3166 Dominum.
3214 3113 3301 3166 11.
3361 3111 3507 3167 Sana
3557 3127 3664 3176 me,

2091 3201 2341 3264 Domine,
2377 3209 2432 3255 et
2459 3201 2697 3255 sanabor
2744 3218 2758 3253 :
2797 3202 2947 3255 salva
2983 3216 3091 3268 me,
3121 3211 3176 3256 et
3199 3201 3455 3256 salvabor
3486 3221 3500 3255 :
3536 3202 3665 3272 quia

2091 3291 2166 3363 (ὁ)
2197 3292 2449 3362 gloriatio
2487 3307 2607 3346 mea
2640 3308 2719 3348 es.
2760 3292 2849 3347 15.
2903 3294 3041 3348 Ecce
3081 3293 3186 3363 ipsi
3210 3293 3401 3347 dicunt
3426 3293 3493 3347 ad
3522 3308 3608 3348 me
3649 3311 3664 3347 :

2093 3382 2193 3438 Ubi
2222 3393 2308 3438 est
2341 3384 2568 3437 verbum
2605 3384 2841 3450 Domini,
2875 3386 3057 3440 veniat
3083 3385 3152 3453 χ
3184 3399 3332 3438 nunc
3361 3383 3409 3452 ζ.
3440 3383 3528 3438 16.
3555 3386 3669 3454 Ego

2090 3486 2270 3530 autem
2306 3478 2377 3545 (ο)
2419 3492 2526 3530 non
2559 3477 2804 3531 defessus
2836 3491 2981 3542 sum,
3036 3476 3415 3530 adhaerescens
3443 3485 3565 3544 post
3594 3487 3667 3541 te,

2089 3577 2143 3622 et
2161 3568 2304 3621 diem
2338 3567 2575 3621 hominis
2596 3581 2704 3622 non
2735 3566 3042 3621 desideravi
3079 3584 3093 3620 :
3118 3574 3174 3620 tu
3201 3567 3330 3621 scis.
3364 3567 3496 3634 Quae
3521 3583 3670 3638 egre-

2090 3660 2316 3713 diuntur
2344 3673 2438 3728 per
2476 3658 2618 3712 labia
2651 3672 2793 3721 mea,
2829 3668 2954 3712 ante
2987 3658 3181 3713 faciem
3217 3666 3366 3713 tuam
3403 3666 3551 3714 sunt.
3578 3660 3667 3717 17.

2091 3749 2168 3805 Ne
2197 3753 2274 3805 sis
2302 3749 2434 3803 mihi
2459 3750 2536 3819 (ά)
2575 3750 2630 3803 in
2661 3749 3068 3815 alienationem,
3097 3765 3220 3804 cum
3254 3750 3432 3819 parcis
3455 3754 3522 3818 Χ
3542 3759 3600 3805 ιιι
3638 3751 3664 3821 ζ

2093 3844 2225 3897 mihi
2249 3843 2302 3896 in
2327 3844 2415 3896 die
2443 3844 2608 3897 malo.
2643 3841 2730 3897 18.
2763 3842 3123 3906 Erubescant,
3145 3845 3240 3913 qui
3268 3854 3668 3914 persequimtur

2092 3949 2198 3999 me,
2248 3944 2303 3989 et
2352 3949 2458 3987 non
2514 3935 2830 3990 erubescam
2867 3949 2967 4003 ego
3018 3952 3034 3988 :
3078 3946 3310 4004 paveant
3340 3934 3438 4001 illi,
3472 3944 3665 3989 etnon

2090 4038 2314 4093 paveam
2347 4036 2449 4092 ego
2491 4042 2504 4078 :
2554 4024 2719 4079 induc
2764 4039 2930 4095 super
2963 4039 3060 4079 eos
3108 4025 3252 4079 diem
3289 4025 3491 4079 malum
3522 4043 3535 4079 :
3563 4024 3670 4079 fra-

2092 4113 2272 4167 ctione
2302 4113 2465 4181 dupla
2510 4113 2697 4182 frange
2734 4127 2854 4168 eos.
2890 4114 2974 4168 19.
3005 4114 3129 4169 llaec
3153 4117 3286 4170 dicit
3312 4113 3576 4172 Dominus
3597 4117 3665 4171 ad

2092 4219 2180 4257 me
2217 4221 2232 4257 :
2269 4203 2430 4266 Vade,
2472 4213 2527 4257 et
2565 4212 2646 4258 sta
2688 4205 2742 4257 in
2774 4205 2946 4273 portis
2990 4206 3223 4260 filiorum
3258 4208 3443 4276 populi
3471 4209 3573 4273 tui,
3607 4209 3664 4262 in

2092 4294 2293 4364 quibus
2330 4294 2707 4364 ingrediuntur
2736 4308 2799 4349 +
2839 4296 2892 4348 in
2936 4295 3069 4367 eis:
3115 4312 3268 4367 reges
3299 4295 3472 4363 ludas,
3517 4306 3572 4353 et
3608 4299 3662 4352 in

2093 4387 2288 4455 quibus
2329 4386 2680 4456 egrediuntur
2718 4386 2772 4438 in
2797 4385 2898 4451 eis,
2926 4394 2981 4440 et
3011 4387 3065 4440 in
3094 4388 3348 4442 omnibus
3378 4390 3547 4457 portis
3576 4387 3667 4444 Je-

2096 4478 2330 4532 rusalem
2357 4499 2369 4533 :
2400 4476 2489 4530 20.
2521 4485 2574 4531 et
2606 4478 2756 4532 dices
2798 4477 2879 4532 eis
2917 4496 2929 4532 :
2959 4479 3158 4533 Audite
3177 4481 3399 4536 verbum
3426 4480 3661 4547 Domini,

2092 4581 2252 4637 reges
2281 4565 2454 4632 Judae,
2482 4576 2535 4620 et
2561 4566 2739 4621 onmis
2766 4564 2975 4632 Judzea,
3023 4577 3078 4621 et
3103 4583 3296 4624 omnes
3322 4570 3359 4624 ii
3389 4570 3482 4640 qui
3518 4570 3673 4624 habi-

418 4673 634 4716 nioutes
667 4664 720 4715 in
756 4675 908 4729 agro,
947 4660 1118 4713 robur
1164 4667 1338 4723 tuum,
1370 4667 1424 4711 et
1467 4671 1660 4711 omnes
1702 4657 1990 4710 thesauros

417 4766 545 4811 tuos
586 4755 640 4810 in
676 4754 1034 4823 direptionem
1067 4753 1232 4818 dabo,
1282 4761 1336 4806 et
1379 4751 1591 4806 excelsa
1639 4761 1729 4804 tua
1770 4760 1992 4819 propter

2094 4668 2213 4714 tant
2245 4659 2298 4712 in
2319 4656 2646 4722 Jerusalem,
2674 4659 2708 4712 ii
2731 4660 2824 4729 qui
2856 4659 3231 4728 iugredieutur
3270 4661 3324 4715 in
3359 4663 3532 4730 portis
3557 4663 3660 4718 his.

2094 4749 2187 4802 ‘21.
2224 4746 2349 4803 Haec
2378 4749 2510 4803 dicit
2546 4748 2810 4804 Dominus
2844 4768 2858 4803 :
2885 4748 3169 4804 Custodite
3191 4751 3403 4806 animas
3434 4760 3666 4817 vestras,

490 5063 571 5135 (δι
612 5063 703 5128 Α.,
736 5063 1143 5133 perversitatem
1171 5060 1349 5117 cordis
1370 5059 1476 5116 sui.
1556 5059 1624 5129 (ε)
1668 5061 1757 5124 Α.,
1784 5058 1876 5113 ubi
1907 5072 2016 5112 non
2047 5056 2190 5112 dabo
2210 5055 2365 5112 vobis
2398 5057 2586 5126 gratis.
2668 5058 2731 5129 (‘)
2774 5059 2914 5112 Ante
2944 5072 3133 5113 vocem
3168 5070 3345 5115 monte
3386 5059 3580 5130 legitur
3615 5061 3671 5113 in

423 5166 571 5212 textu
622 5155 849 5226 Syriaco
893 5138 1078 5226 3551'),
1122 5151 1274 5206 colle.
1312 5151 1418 5205 Sed
1461 5151 1764 5226 delendum
1786 5150 1928 5204 haud
1969 5149 2305 5226 dubitamus.
2356 5145 2599 5226 Ijorllerg
2649 5149 3284 5226 vero_vertit,_¢_i_e£upgr
3332 5168 3497 5226 omne
3537 5153 3671 5206 colle

425 5237 616 5290 monte,
662 5214 777 5278 'non
818 5214 1256 5277 animadvertens
1284 5237 1411 5276 mox
1438 5220 1613 5290 sequi.
1651 5233 1697 5274 et
1729 5219 1950 5286 desuper
1983 5220 2126 5274 omni
2160 5216 2320 5290 rulle._
2352 5216 2436 5271 Cf.
2476 5214 2678 5290 Teitus
2723 5219 2911 5290 Hebr:
2919 5229 2974 5274 et
2998 5214 3005 5216 ⁷
3026 5219 3168 5274 LXX
3195 5214 3426 5276 'Graece.
3466 5222 3666 5276 Duce.

426 5296 494 5364 (ι’)
534 5286 628 5359 Α..
669 5293 753 5364 8.,
803 5293 1266 5364 abominationum
1292 5286 1591 5364 _su_arum.__
1656 5292 1730 5362 (g)
1772 5292 1861 5353 Α.,
1904 5290 1987 5352 8.,

2098 5286 2369 5364 fortitudo
2387 5302 2532 5364 mea;
2635 5289 2711 5357 (It)
2749 5290 2839 5364 11.,
2871 5289 2993 5364 _Tlt.,
3024 5305 3132 5345 una
3162 5291 3278 5364 vice
3311 5292 3434 5364 hac.
3511 5292 3573 5362 (ἕ)
3612 5292 3668 5344 lu

424 5355 588 5438 stylo.
614 5355 624 5359 ’
667 5355 748 5435 (It)
777 5364 882 5438 A_._,_
915 5359 1001 5438 S.._
1038 5376 1204 5438 super
1233 5361 1414 5438 tabula
1446 5362 1627 5416 cordis
1659 5355 1881 5438 :éorum‘.
1955 5431 1964 5438 _
1993 5362 2070 5438 (l)_
2098 5357 2244 5438 sola.
2353 5356 2450 5438 (ιιι)
2482 5355 2589 5438 ⁸8η.
2607 5355 2663 5413 et
2689 5359 2974 5438 subjiciam
3008 5370 3079 5438 te;
3156 5359 3392 5438 .(n)..4._,
3422 5370 3476 5416 et
3510 5355 3674 5438 punct

424 5426 647 5489 ca'rnem
677 5426 888 5488 brachii
920 5434 1026 5487 sui.
1110 5426 1209 5500 ’(ο)
1252 5436 1344 5495 Α.,
1371 5432 1423 5484 in
1465 5447 1623 5500 aequo
1658 5431 1795 5485 loco.
1825 5430 1911 5495 S.,
1936 5431 2007 5500 in
2038 5426 2266 5500 ‘Arabia.
2328 5428 2418 5500 (ρ)
2459 5426 2548 5493 Α.,
2578 5429 2718 5483 inter
2745 5430 3011 5500 excisum.
3040 5427 3124 5491 S.,
3155 5426 3209 5483 in
3247 5426 3523 5487 Siccitatef
3547 5431 3589 5485 Τ
3591 5432 3671 5491 Ιι..

426 5505 482 5560 in
520 5507 711 5559 foveis.
790 5503 866 5573 (ᾳ)
906 5503 994 5566 Α.,
1035 5496 1334 5572 plantatum
1370 5496 1546 5572 super—
1567 5518 1760 5571 aquas.
1838 5499 2111 5570 (r)Grave.
2191 5499 2259 5569 (a)
2300 5496 2390 5560 A.,
2423 5514 2671 5552 curvum.
2749 5500 2811 5567 (ι)
2851 5496 2935 5564 8.,
2968 5500 3252 5552 vir-autem
3280 5502 3404 5570 quis
3432 5512 3538 5562 est,
3578 5503 3672 5571 qri

428 5607 724 5669 cognoscat
748 5594 917 5669 illud?
990 5594 1069 5669 (ιι)
1107 5595 1199 5669 Α.-.
1228 5596 1577 5669 investigans.
1657 5595 1736 5661 (as)
1778 5593 1866 5669 4.,
1944 5592 2308 5669 coacervavit.
2386 5592 2462 5659 (ξι)
2500 5591 2610 5669 Α.,·
2635 5591 2957 5658 liquescens.
2989 5590 3149 5669 _lleb..
3167 5590 3340 5669 Nabal
3362 5578 3489 5669 ιδῃ
3529 5596 3672 5669 desi-

428 5660 622 5740 piens).
656 5738 663 5740 _
696 5666 899 5740 (ιδ-8.,
924 5671 978 5717 et
1000 5660 1265 5740 increduli
1306 5660 1478 5740 super
1511 5660 1671 5720 terra
1699 5660 2030 5740 scribentur.
2108 5662 2188 5733 (a)
2353 5660 2739 5740 scaturriginem
2772 5674 2926 5740 aqua:
2954 5662 3201 5717 viventis.
3299 5660 3388 5736 (ὑ)
3417 5668 3510 5734 Α.,
3555 5668 3675 5723 laus

430 5727 596 5794 'mea.’
647 5727 718 5808 (εδ
754 5727 840 5803 8.,
880 5727 989 5789 non
1021 5734 1272 5790 detentus
1302 5727 1477 5791 factus
1514 5750 1632 5791 sum
1659 5750 1689 5789 a
1719 5732 1924 5788 malitia
1955 5743 2079 5802 post
2102 5727 2178 5788 te.
2250 5731 2329 5801 (ά)
2370 5733 2459 5794 Α.,
2493 5727 2582 5795 8.,“
2610 5730 2790 5798 pavori
2823 5727 2835 5783 ξ
2872 5746 2993 5799 spes
3026 5747 3141 5785 mea
3174 5743 3249 5787 to.
