4102 6278
463 382 600 438 esst
1626 373 1851 430 (IODEX
1895 374 2568 434 svuoamxarmms.
3572 389 3716 446 235,

467 508 520 554 et
554 510 622 552 ne
667 492 888 566 gestctis
917 490 1160 546 sarcinas
1207 491 1258 544 in
1313 491 1398 545 die
1439 491 1812 554 sabbatorum,
1866 508 2040 561 neque
2071 509 2114 564 Α
2145 510 2241 564 pro
2270 497 2449 557 bonis.
2485 513 2606 566 quae
2627 497 2842 550 locutus
2872 511 2991 551 sum
3023 500 3200 552 facere
3225 499 3326 554 eis.
3367 501 3453 556 ΙΙ.
3480 501 3542 557 Et
3572 521 3718 561 nunc

468 585 822 660 egrediamini
858 584 1031 653 portis
1048 581 1352 636 Jerusalem
1387 601 1399 634 :
1431 582 1522 635 22.
1567 598 1742 651 neque
1798 583 2042 638 etlucatis
2143 587 2232 640 die
2263 588 2330 640 ad
2362 589 2510 642 viros
2539 586 2712 650 Judae,
2752 597 2805 642 et
2835 589 2898 641 ad
2931 603 3049 651 eos,
3077 588 3170 657 qui
3204 590 3445 645 habitant
3480 593 3532 645 in
3561 592 3717 648 Jeru-

470 679 718 734 sarcinas
747 691 779 731 e
817 675 1076 729 domibus
1109 676 1306 728 vestris
1356 674 1410 727 in
1453 673 1539 727 die
1579 675 1954 738 sabbatorum,
1990 682 2044 728 et
2145 677 2335 742 salem,
2369 680 2434 744 >κ
2479 678 2664 732 dicens
2697 695 2711 730 :
2754 677 2830 732 Ita
2869 679 2999 732 dicit
3030 677 3293 734 Dominus
3329 681 3351 748 ζ
3394 701 3407 735 :
3454 681 3591 737 Ecce
3619 700 3719 755 ego

469 784 633 822 ontne
662 782 801 836 opus
843 781 950 820 non
996 765 1205 820 facit-tis
1241 783 1254 818 :
1283 775 1336 818 et
1364 765 1702 818 sanctificate
1737 764 1880 818 diem
1915 765 2039 818 sah-
2147 782 2272 821 creo
2302 783 2466 835 super
2495 783 2594 822 vos
2625 769 2787 834 mala,
2811 779 2866 823 et
2891 771 3068 839 cogito
3103 786 3266 839 super
3303 787 3398 825 vos
3435 776 3719 842 cogitatio-

473 861 746 922 batorum,
783 858 928 912 sicut
953 856 1181 923 praecepi
1213 857 1459 924 patribus
1482 857 1678 910 vestris
1705 864 1792 910 :et
1823 871 1930 909 non
1954 871 2044 909 au-
2149 874 2293 911 nem.
2327 858 2652 912 Revertatur
2675 861 2836 928 igitur
2862 862 3234 930 unusquisque
3259 877 3290 915 a
3323 863 3404 916 via
3437 880 3535 918 sua
3555 868 3718 929 mala,

471 951 746 1013 diverunt,
783 963 882 1001 nec
913 947 1243 1001 inclinarunt
1268 947 1335 1017 (e)
1373 963 1532 1001 aures
1555 962 1706 1012 suas,
1737 948 1826 1001 25.
1869 956 1922 1000 ct
1943 947 2044 1001 ob-
2147 954 2203 998 ct
2253 947 2566 1014 pulchriora
2613 947 2774 1002 facite
2808 951 2985 1003 studia
3021 959 3232 1013 vestra,
3285 953 3352 1018 )K
3382 962 3430 1006 et
3466 955 3584 1009 vias
3634 971 3724 1008 ve-

472 1043 742 1095 durarunt
787 1041 986 1093 collum
1040 1055 1198 1092 suum
1253 1055 1312 1093 -ι-
1364 1041 1484 1108 plus
1514 1056 1677 1108 quam
1721 1051 1905 1108 patres
1945 1057 2042 1096 eo~
2149 1045 2292 1090 stras
2317 1037 2362 1104 ζ.
2395 1036 2483 1092 12.
2515 1037 2581 1092 Ει
2617 1039 2913 1093 dixerunt:
2953 1039 3028 1108 (y)
3061 1040 3296 1094 Viriliter
3323 1058 3566 1111 agemus;
3594 1045 3722 1112 quia

476 1147 596 1186 rum
639 1131 701 1197 ζ,
752 1145 820 1182 ne
857 1131 1108 1184 audirent
1130 1146 1234 1193 me,
1265 1139 1319 1183 et
1358 1147 1425 1184 ne
1466 1132 2047 1201 acciperenttliscipli-
2149 1136 2274 1195 post
2323 1128 2635 1183 aversione?»
2680 1139 2896 1183 nostras
2942 1129 3182 1194 ibimus,
3228 1141 3285 1185 ει
3350 1135 3724 1202 unusquisque

476 1238 628 1275 nam.
661 1221 752 1274 24.
788 1220 853 1274 Ει
882 1222 1008 1282 erit,
1063 1222 1108 1275 si
1159 1221 1431 1274 audiendo
1459 1221 1744 1276 audieritis
1775 1238 1882 1286 me,
1914 1224 2048 1277 dicit
2147 1234 2234 1280 ea.
2295 1219 2368 1287 (ι)
2425 1235 2546 1287 quae
2593 1222 2805 1289 placem
2849 1221 2999 1274 cordi
3053 1221 3172 1290 ejus
3227 1223 3392 1284 malo.
3432 1223 3718 1277 faciemus.

476 1311 762 1375 Dominus,
791 1323 850 1366 ut
873 1327 976 1365 non
1009 1311 1252 1366 inferatis
1287 1314 1532 1368 sarcinas
1561 1331 1656 1382 per
1687 1324 1871 1383 portas
1897 1316 2046 1370 urbis
2153 1312 2234 1364 15.
2286 1311 2514 1379 Propter
2560 1313 2662 1365 hoc
2697 1313 2810 1365 haec
2855 1313 2986 1366 diei!
3035 1312 3299 1368 Dominus
3331 1333 3344 1367 :
3395 1313 3725 1386 Interrogata

478 1404 640 1471 hujus
671 1404 721 1455 in
753 1404 840 1457 die
865 1403 1242 1467 sabbatorum,
1271 1412 1325 1457 et
1346 1405 1410 1456 ad
1435 1406 1882 1459 sanctificandum
1903 1407 2045 1459 diem
2150 1416 2295 1454 nunc
2319 1400 2372 1452 in
2397 1402 2672 1470 gentibus,
2704 1403 2828 1470 quis
2863 1403 3070 1456 audivit
3110 1405 3236 1457 talia
3271 1405 3572 1469 horribilia,
3603 1423 3725 1475 quae

476 1494 850 1556 Sabbatorum,
913 1505 966 1548 ut
1026 1511 1133 1549 non
1182 1497 1396 1551 faciatis
1440 1497 1493 1550 in
1544 1513 1610 1552 eo
1659 1513 1822 1550 Oll’tlte
1872 1513 2045 1564 opus;
2149 1493 2276 1546 fccit
2305 1493 2460 1547 valde
2509 1494 2662 1564 virgo
2711 1495 3196 1566 lsraelis?14.(a)
3246 1496 3385 1550 Num
3419 1499 3723 1552 deiicienta

476 1585 568 1640 25.
597 1587 758 1640 etiam
793 1588 1167 1655 ingredientur
1195 1605 1290 1658 per
1331 1598 1518 1658 portas
1569 1590 1718 1642 urbis
1754 1589 1918 1656 hujus
1962 1604 2048 1643 re-
2150 1595 2300 1654 petra
2333 1585 2520 1650 ubera,
2549 1595 2644 1639 aut
2672 1587 2761 1639 nix
2789 1602 2819 1638 a
2854 1586 3221 1641 Libano?aut
3259 1587 3548 1642 declinabit
3583 1605 3724 1658 aqua

477 1689 594 1741 ges,
627 1685 680 1727 et
730 1676 1000 1742 principes
1047 1675 1296 1730 sedentes
1337 1691 1500 1745 super
1545 1677 1685 1730 solio
1719 1676 1957 1742 Davidis,
1994 1685 2049 1731 et
2151 1676 2411 1730 violenter
2449 1677 2679 1730 abducta
2711 1678 2908 1730 vento?
2956 1678 3042 1732 15.
3080 1677 3219 1744 Quia
3263 1679 3416 1733 obliti
3453 1691 3582 1732 sunt
3618 1681 3725 1733 mei

477 1765 615 1818 vecti
643 1779 805 1832 super
833 1767 1090 1820 curribus
1135 1775 1189 1820 et
1219 1767 1376 1836 equis
1402 1768 1538 1830 suis,
1571 1777 1625 1821 et
1650 1768 1922 1837 principes
1955 1783 2049 1822 ρο·
2083 1793 2121 1849 η
2151 1767 2385 1834 populus
2413 1780 2567 1820 meus
2607 1784 2620 1819 :
2653 1767 2706 1819 in
2738 1782 2936 1820 vanum
2981 1767 3324 1829 adoluerunt,
3370 1769 3440 1836 (b)
3482 1776 3535 1822 et
3575 1769 3728 1822 infir-

477 1869 623 1916 rum,
655 1853 721 1922 (Γ)
755 1855 854 1908 viri
879 1853 1050 1918 Judae,
1084 1857 1246 1910 etiam
1285 1857 1358 1910 illi
1384 1858 1476 1926 qui
1515 1859 1758 1911 habitant
1802 1859 1853 1911 in
1885 1857 2044 1912 Jern-
2158 1855 2452 1908 Inahuntur
2489 1855 2539 1908 in
2571 1855 2673 1908 viis
2711 1855 2827 1908 suis
2856 1854 3080 1909 funiculi
3110 1857 3444 1925 sempiterni,
3469 1857 3536 1910 ad
3583 1858 3731 1911 ince—

479 1945 669 2008 salem,
695 1946 768 2014 (g)
797 1955 851 2000 et
893 1946 1224 2000 habitabitur
1253 1949 1384 2002 urbs
1426 1949 1538 2002 hinc
1562 1950 1614 2002 in
1641 1949 1918 2002 saeculum.
1959 1948 2045 2001 26.
2155 1947 2391 2000 dendum
2449 1947 2502 1998 in
2557 1947 2789 2011 semitis,
2828 1947 3026 2016 quibus
3070 1962 3175 2000 non
3225 1957 3308 2001 est
3351 1948 3436 2000 via
3479 1948 3546 2002 ad
3602 1933 3728 2013 iter,

479 2033 546 2089 Et
569 2037 870 2090 veniente:
899 2038 1126 2091 urbibus
1159 2037 1331 2103 Judze,
1357 2048 1410 2092 et
1437 2054 1503 2092 ex
1531 2039 1851 2093 circuitibus
1892 2037 2049 2092 Jeru-
2160 2037 2244 2092 16.
2276 2039 2341 2092 ad
2373 2039 2683 2108 ponendum
2724 2047 2927 2093 terram
2963 2055 3116 2093 suam
3166 2039 3219 2092 in
3256 2041 3478 2094 exitium
3511 2050 3563 2094 et
3595 2042 3727 2095 sibi-

481 2129 672 2192 salem,
703 2137 757 2181 et
797 2143 860 2181 ex
903 2135 1045 2181 terra
1088 2127 1392 2196 Benjamin,
1430 2137 1484 2182 et
1508 2145 1572 2182 ex
1605 2129 1682 2198 (h)
1717 2129 1958 2196 planitie,
1996 2137 2050 2183 et
2159 2130 2270 2182 lum
2319 2129 2727 2198 sempiternum.
2776 2129 2977 2184 Omnes
3026 2129 3061 2182 ii
3111 2130 3203 2198 qui
3251 2140 3534 2184 transeunt
3565 2147 3730 2200 super

479 2237 549 2276 ex
587 2228 790 2285 monte,
840 2228 894 2272 et
939 2233 1003 2271 ex
1044 2233 1128 2282 ea,
1175 2235 1298 2288 quae
1349 2221 1416 2272 ad
1444 2205 1764 2284 ~meridiem,
1817 2220 2050 2274 ferentes
2158 2233 2219 2270 ea
2277 2219 2682 2287 obstupescent,
2742 2230 2791 2274 et
2853 2223 3272 2275 commovebunt
3331 2233 3491 2292 caput
3543 2241 3726 2279 suum.

493 2311 836 2374 holocausta,
897 2319 950 2365 et
991 2310 1052 2380 (ἰ)
1101 2310 1472 2380 tbymiamata,
1512 2319 1566 2364 et
1602 2309 1674 2379 (k)
1728 2325 1950 2373 manna,
1997 2319 2052 2364 et
2162 2307 2321 2376 17(c)
2358 2309 2512 2362 Sicut
2551 2319 2773 2362 ventqu
2807 2318 2998 2374 aestus,
3041 2311 3344 2381 dispergam
3373 2329 3466 2367 eos
3493 2315 3732 2380 antevfa-

483 2403 632 2465 thus,
665 2412 717 2456 et
745 2400 1034 2455 alierentes
1086 2404 1150 2464 (Ι)
1193 2401 1402 2456 laudem
1452 2401 1505 2454 in
1541 2401 1763 2454 domum
1815 2400 2046 2455 Domini.
2159 2399 2296 2452 ciem
2330 2398 2673 2452 inimicorum
2715 2414 2938 2453 suorum
2973 2419 2986 2454 :
3023 2403 3088 2468 χ
3117 2402 3192 2470 (d)
3220 2403 3501 2470 cervicem,
3530 2417 3583 2459 et
3616 2422 3724 2459 nott

481 2495 572 2548 27.
624 2493 692 2547 Et
737 2494 783 2548 si
843 2508 951 2547 non
1006 2490 1293 2548 audieritis
1332 2509 1439 2556 me,
1487 2493 1551 2545 ad
1601 2491 2048 2547 sanctilirandum
2159 2488 2405 2554 faciem:
2455 2489 2736 2544 ostendam
2787 2491 2866 2544 eis
2916 2491 2968 2543 in
3018 2493 3103 2546 die
3153 2493 3468 2560 perditionis
3511 2511 3730 2551 eorum.

482 2585 629 2640 diem
666 2586 1040 2645 sabbatorum,
1085 2597 1144 2638 ut
1194 2598 1262 2638 ne
1311 2583 1538 2654 gestetis
1584 2585 1850 2645 sarcinas,
1883 2593 1930 2638 et
1970 2585 2052 2638 in-
2163 2582 2251 2636 18.
2291 2580 2356 2634 Ει
2409 2581 2663 2635 dixerunt
2711 2599 2724 2632 :
2772 2579 2979 2647 Venite,
3031 2583 3333 2652 cogitemus
3372 2600 3535 2654 super
3580 2585 3732 2641 Jere-

483 2677 804 2745 grediamini
843 2677 894 2728 in
927 2668 1096 2746 portis
1115 2674 1417 2729 Jerusalem
1460 2675 1512 2727 in
1545 2675 1633 2728 die
1675 2675 2050 2739 sabbatorum,
2163 2669 2327 2722 miam
2366 2671 2792 2737 cogitationem;
2829 2671 2953 2738 quia
2997 2687 3103 2724 non
3148 2674 3346 2740 peribit
3379 2673 3458 2727 lex
3491 2691 3521 2728 a
3553 2691 3735 2730 sater-

481 2769 647 2822 etiam
672 2767 964 2821 accendant
1003 2767 1179 2834 ignem
1224 2765 1278 2818 in
1321 2765 1492 2832 portis
1523 2765 1666 2832 ejus,
1694 2775 1746 2818 et
1772 2765 2055 2820 devorabit
2163 2759 2306 2820 dole.
2340 2769 2394 2813 et
2417 2761 2702 2813 consilium
2749 2775 2778 2814 a
2823 2761 2891 2831 (e)
2933 2763 3214 2831 prudente,
3250 2774 3304 2818 et
3334 2780 3511 2820 sermo
3535 2783 3566 2820 a
3608 2783 3736 2837 pro-

485 2858 582 2927 (ιη)
610 2858 812 2926 plateas
844 2855 1172 2918 Jerusalem,
1205 2865 1259 2909 et
1279 2869 1384 2907 non
1411 2855 1804 2923 exstinguetnr.
2163 2851 2344 2919 pheta.
2375 2850 2584 2914 Venite,
2613 2860 2668 2906 et
2707 2855 3076 2921 percutiamus
3111 2869 3235 2908 eum
3273 2856 3326 2909 in
3359 2857 3559 2925 lingua,
3588 2864 3656 2928 3,(
3681 2870 3736 2914 et

557 2946 710 3000 CAP.
744 2944 930 2999 XVIII.
954 2945 1092 2998 -—l.
1149 2943 1408 3010 Verbum,
1451 2947 1596 3013 quod
1647 2944 1848 2999 factum
1877 2944 2052 2999 estad
2166 2956 2272 2994 non
2310 2941 2332 3008 ζ
2369 2943 2654 2997 audiemus
2688 2959 2879 2998 omnes
2915 2960 3194 3000 sermones
3224 2947 3362 3015 ejus.
3403 2948 3488 3001 l9.
3525 2947 3731 3004 Exaudi

487 3036 776 3093 Jeremiam
801 3053 830 3089 a
850 3035 1100 3099 Domino,
1131 3036 1318 3090 dicens
1353 3053 1366 3088 :
1396 3034 1448 3088 2.
1480 3035 1671 3104 Surge,
1703 3047 1758 3088 et
1788 3035 2056 3090 descende
2164 3049 2272 3098 me,
2307 3033 2554 3099 L‘omine,
2582 3043 2636 3089 et
2673 3036 2872 3090 exaudi
2909 3051 3098 3090 vocem
3127 3039 3193 3108 (ι’)
3228 3038 3368 3107 juris
3401 3040 3527 3094 mei.
3554 3041 3645 3094 20.
3675 3041 3733 3096 Si

492 3131 546 3184 in
577 3127 802 3181 domum
835 3127 911 3197 (η)
942 3127 1111 3198 figuli,
1143 3135 1196 3180 et
1230 3126 1302 3179 ibi
1338 3125 1524 3181 audies
1549 3127 1708 3180 verba
1750 3141 1889 3180 mea.
1922 3127 1956 3180 3
2000 3125 2065 3182 Et
2093 3143 2134 3196 ρ
2169 3123 2545 3177 retribuuntur
2591 3125 2732 3178 mala
2782 3139 2878 3193 pro
2925 3126 3117 3191 bonis;
3141 3128 3212 3198 (g)
3253 3130 3378 3198 quia
3411 3131 3571 3185 locuti
3605 3144 3734 3188 sunt

489 3222 746 3277 descendi
801 3221 856 3273 in
906 3220 1128 3274 domum
1179 3217 1348 3287 figuli,
1389 3226 1442 3272 et
1493 3233 1621 3272 ecce
1674 3218 1788 3287 ipse
1829 3216 2063 3272 faciebat
2163 3215 2326 3268 simul
2356 3214 2720 3286 (Ii)judicium
2757 3232 2818 3273 σε-
2856 3233 3021 3287 super
3054 3221 3289 3273 animam
3327 3237 3523 3287 meam,
3556 3233 3610 3278 et
3639 3239 3737 3294 po-

489 3330 627 3384 opus
655 3315 728 3383 (ο)
753 3327 919 3382 super
944 3312 1210 3380 lapidibus
1238 3328 1252 3364 :
1281 3310 1334 3364 4.
1364 3319 1421 3364 et
1445 3310 1872 3379 ceciditlagena,
1896 3325 2059 3380 quam
2166 3321 2295 3360 nere
2332 3307 2384 3360 in
2417 3317 2580 3376 caput
2622 3324 2779 3362 suutn
2810 3310 2870 3377 (i.
2907 3326 2956 3364 e.
3005 3312 3192 3378 punire
3230 3324 3387 3366 semet
3424 3315 3610 3385 ipsos),
3643 3333 3737 3372 oc-

492 3405 609 3474 ipse
645 3403 876 3458 faciebat
912 3405 978 3469 )ευ(
1011 3403 1065 3476 in
1095 3401 1210 3455 luto
1243 3403 1264 3470 ζ
1321 3403 1374 3454 in
1411 3403 1659 3456 manibus
1693 3400 1767 3471 (p)
1803 3402 1919 3456 suis
1959 3421 1974 3454 :
2009 3409 2064 3454 et

2165 3393 2442 3447 cultarunt
2474 3393 2520 3460 ζ.
2551 3393 2858 3448 Recordare
2884 3397 3011 3462 mei,
3043 3412 3166 3451 cum
3218 3401 3337 3453 steti
3386 3414 3510 3455 ante
3542 3402 3733 3458 faciem

493 3511 688 3551 rursus
732 3494 860 3549 fecit
888 3509 1007 3548 eam
1059 3493 1306 3562 lagonam
1353 3493 1600 3558 alteram,
1647 3501 1707 3546 ut
1753 3491 1955 3560 placuit
1989 3490 2061 3559 (ιι)

2168 3494 2334 3548 tuam,
2362 3484 2428 3537 ad
2455 3485 2782 3553 loquendum
2827 3502 2922 3554 pro
2967 3487 3048 3542 eis
3089 3489 3230 3544 bona
3271 3491 3336 3544 ad
3381 3496 3733 3549 avertendum

493 3603 677 3642 coram
699 3601 765 3639 eo
793 3587 990 3639 facere.
1025 3585 1078 3638 5.
1115 3583 1179 3637 Et
1227 3582 1432 3636 factum
1471 3593 1558 3636 est
1592 3583 1812 3637 verbum
1849 3581 2062 3635 Domini
2166 3575 2403 3630 furorem
2436 3585 2586 3629 tuum
2626 3577 2696 3631 ab
2717 3577 2816 3630 eis.
2857 3579 2945 3631 Ἡ.
2983 3578 3208 3648 Propter
3232 3584 3345 3642 hoc
3373 3584 3436 3638 da
3474 3585 3612 3641 illius
3644 3603 3739 3642 eo-

493 3678 562 3734 ad
590 3693 696 3742 me,
735 3677 960 3730 dicens:
1010 3674 1063 3728 6.
1101 3671 1180 3734 Si,
1225 3672 1684 3741 quemadmodum
1722 3673 1916 3741 figulus
1954 3672 2062 3734 hic,
2167 3682 2288 3719 rum
2318 3668 2368 3719 in
2401 3666 2618 3730 famem,
2663 3678 2717 3722 et
2763 3668 2824 3738 (ἱ)
2858 3686 3120 3740 congrega
3154 3687 3250 3727 eos
3289 3675 3342 3727 in
3375 3692 3598 3731 manum
3632 3681 3741 3749 gla-

498 3785 605 3825 non
645 3777 836 3838 potero
870 3766 1044 3820 facere
1077 3780 1194 3828 vos,
1226 3763 1420 3818 domus
1445 3762 1678 3823 Israelis.
1708 3765 1776 3830 Χ
1806 3763 1937 3816 dicit
1960 3760 2067 3813 Do-
2167 3757 2262 3810 dii.
2293 3757 2449 3811 Fiant
2477 3774 2672 3814 uxores
2694 3775 2882 3814 eorum
2915 3763 3034 3816 sine
3073 3763 3279 3831 liberis,
3325 3777 3378 3820 et
3425 3769 3600 3824 vidua:
3634 3789 3647 3824 :
3683 3781 3739 3824 et

497 3860 714 3916 minus?
747 3861 769 3926 ς
801 3858 938 3912 Ecce
984 3859 1126 3912 sicut
1172 3858 1342 3910 lutum
1392 3857 1459 3924 >ε<
1498 3856 1550 3908 in
1600 3855 1852 3908 manibus
1895 3853 2063 3923 figuli,
2170 3849 2270 3902 viri
2305 3863 2494 3902 eorum
2521 3849 2630 3904 sint
2669 3851 2832 3905 occisi
2867 3861 3062 3916 morte,
3099 3855 3171 3924 (ἡ)
3207 3865 3261 3910 et
3293 3857 3520 3922 juvenes
3546 3876 3737 3916 eorum

495 3954 574 4006 ita
609 3951 752 4018 zvos
782 3949 914 4003 estis
937 3949 990 4001 in
1025 3947 1277 4001 manibus
1299 3945 1749 4013 meis.)s(domus
1782 3945 1992 3999 lsraelis
2019 3945 2063 4012 ζ.
2170 3939 2424 3993 cadentes
2458 3940 2511 3992 in
2548 3940 2729 4010 gladio
2761 3941 2813 3993 in
2847 3941 3006 3996 bello.
3055 3943 3145 3997 22.
3183 3943 3302 4000 Fiat
3326 3949 3532 4004 clamor
3564 3952 3619 4005 in
3649 3954 3742 4007 do-

500 4042 554 4096 7.
585 4043 654 4112 (r)
691 4041 770 4093 Ad
799 4054 1067 4093 summam
1097 4039 1290 4105 loquar
1315 4051 1477 4104 super
1502 4044 1738 4104 gentem,
1769 4043 1861 4087 aut
1906 4050 2068 4104 super
2171 4030 2348 4084 ntibus
2377 4045 2586 4097 eorum;
2617 4033 2684 4100 >ε<
2712 4033 2837 4101 quia
2875 4035 2896 4102 ζ
2929 4034 3167 4090 adduces
3192 4053 3352 4107 super
3382 4055 3476 4095 eos
3503 4042 3741 4098 latrones

499 4147 723 4200 regnum
758 4131 828 4199 (ε)
876 4130 940 4182 ad
997 4129 1290 4182 tollendum
1325 4142 1438 4188 eos,
1483 4129 1550 4194 >κ
1587 4135 1640 4180 et
1675 4125 1740 4179 ad
1780 4125 2068 4179 (ιθειι-ιίρηα
2171 4121 2374 4186 subito,
2407 4122 2665 4190 quoniatn
2701 4123 2763 4190 (ι)
2792 4123 2895 4177 fuit
2925 4125 3002 4178 eis
3042 4126 3265 4181 verbum
3303 4131 3367 4184 ad
3412 4133 3739 4200 capiendum

498 4222 628 4276 dum
661 4221 708 4288 ζ,
739 4230 793 4273 et
822 4219 887 4273 ad
921 4217 1274 4288 perdendum.
1305 4216 1356 4270 8.
1393 4215 1456 4269 Et
1489 4223 1788 4269 revertetur
1818 4229 1950 4282 gens
1979 4213 2066 4267 illa
2171 4227 2279 4276 me,
2325 4221 2378 4265 et
2427 4213 2652 4281 laqueos
2697 4215 3023 4268 abdiderunt
3069 4233 3231 4285 super
3277 4236 3380 4275 me.
3424 4221 3515 4276 ‘25.
3562 4223 3627 4277 Et
3660 4234 3738 4289 tu,

500 4327 531 4366 a
567 4313 724 4366 malis
749 4326 961 4375 eorum,
987 4325 1106 4378 quae
1131 4309 1346 4364 locutus
1372 4323 1494 4361 sum
1535 4323 1698 4376 super
1735 4321 1796 4358 ea
1849 4325 1862 4359 :
1905 4305 2066 4359 etiam
2177 4305 2421 4365 Domine.
2445 4305 2641 4359 novisti
2664 4319 2825 4360 omne
2852 4307 3140 4361 consilium
3167 4324 3376 4375 eorum,
3403 4315 3547 4380 quod
3577 4331 3742 4383 super

501 4405 563 4474 (ι)
612 4420 766 4474 agam
814 4401 1186 4472 pmnitentiam
1220 4416 1317 4469 pro
1352 4399 1530 4465 malis,
1569 4415 1690 4468 quae
1720 4399 1949 4468 cogitavi
1987 4397 2067 4450 fa-
2105 4466 2137 4474 _
2174 4411 2261 4447 me
2288 4395 2339 4447 in
2381 4403 2607 4448 mortem
2635 4414 2647 4447 :
2673 4396 2766 4463 (in)
2793 4411 2858 4449 ne
2897 4397 3126 4451 mundes
3167 4399 3482 4468 iniquitates
3522 4418 3740 4466 eorum,

502 4466 625 4549 scre
648 4466 762 4548 Veis.
909 4492 973 4546 Et
1013 4494 1088 4562 (ιι)
1124 4493 1189 4546 ad
1220 4466 1504 4547 summam
1535 4466 1723 4560 loquar
1749 4466 1912 4558 super
1939 4506 2068 4558 gen-
2105 4466 2144 4518 θ
2173 4497 2228 4538 et
2255 4497 2472 4553 peccata
2502 4501 2688 4540 eorum
2721 4487 2788 4540 ab
2809 4497 2934 4540 ante
2953 4489 3146 4543 faciem
3173 4499 3318 4544 tuam
3344 4506 3411 4546 ne
3432 4493 3636 4548 deleas.
3662 4496 3740 4564 (η)

505 4596 636 4651 tem,
665 4594 719 4638 et
751 4600 912 4653 super
959 4598 1207 4652 regnum,
1256 4591 1314 4636 ut
1356 4583 1646 4635 aedificetur
1693 4582 1891 4642 denuo,
1930 4590 1983 4634 et
2012 4587 2071 4632 ut
2175 4574 2293 4627 Fiat
2320 4576 2606 4632 inﬁrmitas
2631 4593 2817 4630 eorum
2849 4594 3030 4632 coram
3060 4588 3109 4633 tc
3141 4598 3155 4633 :
3187 4581 3241 4634 in
3275 4592 3512 4653 tempore
3540 4583 3742 4644 furoris

505 4675 778 4744 plantetur
805 4694 818 4728 :
855 4674 939 4728 10.
974 4684 1027 4728 et
1056 4674 1253 4729 facient
1278 4674 1416 4726 mala
1447 4688 1630 4727 coram
1659 4688 1764 4736 me,
1801 4681 1858 4724 ut
1883 4687 1947 4725 ne
1969 4686 2066 4723 au-
2173 4666 2250 4719 tui
2281 4666 2364 4719 fac
2391 4667 2443 4719 in
2479 4669 2576 4721 eis.

505 4769 656 4823 aiant
691 4784 876 4822 vocem
920 4784 1096 4822 meam
1131 4785 1146 4820 :
1195 4767 1356 4822 etiam
1384 4766 1462 4837 (ας)
1496 4781 1650 4836 agam
1693 4765 2064 4835 pmnitentiam
2244 4757 2396 4811 CAP.
2422 4758 2538 4810 XIX
2569 4759 2850 4814 —-l.Tunc
2872 4762 3008 4815 dixit
3033 4761 3296 4817 Dominus
3325 4764 3389 4816 ad
3419 4781 3503 4817 me
3530 4785 3543 4817 :
3573 4764 3738 4828 Vade,

577 4985 646 5055 (e)
669 4985 888 5056 Aurem.
957 4985 1021 5056 (Γ)
1053 4983 1347 5056 Principes.
1410 4987 1483 5053 (g)
1505 4986 1593 5048 Λ.,
1618 4993 1670 5056 et
1693 4983 1974 5056 habitabit.
2011 5053 2019 5056 _
2047 4983 2228 5056 (It)A._,
2251 4981 2439 5035 limite.
2473 4979 2555 5045 S.,
2587 4981 2898 5056 profundo;
2948 4985 3011 5051 (ὅ)
3038 4983 3125 5047 Α.,
3153 4982 3738 5056 ἔδοι-ἱξὶοξιηημεεοὶιιτι-

509 5051 732 5110 tionem.
756 5125 761 5126 γ
793 5053 861 5126 (It)
890 5051 1132 5126 MANNA
1152 5051 1334 5126 [Lege
1356 5051 1944 5126 maimaﬂidesisquze
1960 5053 2340 5126 adnotavimus
2362 5065 2526 5126 supra
2550 5054 2614 5103 ad
2635 5060 2840 5105 textum
2861 5052 3128 5126 Graecum.
3156 5051 3378 5123 Draeh.]
3453 5054 3515 5120 (ι)
3541 5051 3624 5116 8.,
3645 5071 3742 5122 pro

508 5126 685 5181 laude.
745 5120 840 5194 (nt)
865 5120 1406 5194 ΑΜΦΟΔΑξριιῖιεαδ.
1427 5127 1517 5187 Α.,
1548 5125 1627 5187 8.,
1655 5120 1872 5194 palatia.
1906 5193 1913 5194 ί
1940 5125 2013 5191 (η)
2037 5123 2125 5188 Α.,

2116 5165 2125 5188 ,
2151 5123 2319 5194 figuli.
2393 5120 2582 5194 (o)__A.,
2607 5136 2770 5194 super
2792 5131 2928 5175 rota.
2951 5121 3035 5194 S.,
3061 5137 3229 5194 super
3245 5120 3470 5190 organo.
3547 5125 3622 5193 (p)
3647 5120 3736 5185 Α..

510 5198 676 5267 figuli.
753 5189 1030 5267 [q)'A.,in
1062 5189 1233 5267 oculis
1257 5196 1392 5267 ejus.
1476 5189 1670 5267 (r)/1.,
1717 5192 1799 5255 8.,
1835 5189 2036 5267 subito.
2113 5189 2304 5259 (a)—Ad
2349 5189 2760 5267 eradicandum.
2841 5195 2903 5258 (t)
2944 5193 3055 5267 _A.,A
3075 5189 3444 5259 acquiescam.
3522 5189 3602 5267 (gi)
3649 5195 3738 5267 4.,

509 5261 707 5321 subito.
743 5261 826 5326 8.,
853 5264 1054 5333 statim.
1133 5265 1210 5333 (π)
1261 5266 1347 5328 Α.,
1381 5261 1746 5331 acquiescam.
1825 5263 1920 5333 (y)_
1944 5265 2030 5333 .4.,
2086 5271 2289 5333 resecta
2320 5276 2466 5328 spes,
2511 5261 2648 5333 quia
2686 5271 2810 5333 post
2838 5261 3196 5333 cogitationes
3228 5273 3460 5333 nostras.
3519 5262 3613 5333 _(:.)
3648 5266 3737 5326 Α.,

511 5337 938 5404 perversitatem.
1017 5332 1107 5404 (a),
1135 5330 1224 5398 Ᾰζ,
1261 5349 1388 5386 num
1417 5330 1820 5404 derelinquetur
1842 5349 1873 5404 a_
1903 5331 2107 5385 Libano
2131 5331 2574 5404 fortisutl'eetura
2601 5331 2733 5404 nix?
2761 5332 2805 5383 si
2831 5331 3082 5404 delieient
3106 5345 3260 5398 aqua:
3290 5331 3480 5404 aliena:
3510 5330 3737 5404 frigida},

511 5399 735 5458 ilucntes
761 5404 1052 5458 deorsum?
1078 5399 1160 5468 8.,
1193 5419 1318 5456 num
1343 5402 1553 5456 deﬁciet
1579 5418 1609 5454 a
1642 5399 1789 5469 petra
1825 5402 2054 5454 uberum
2094 5401 2183 5470 nix
2214 5399 2439 5453 Libani?
2466 5408 2559 5470 aut
2580 5400 2833 5470 tollentur
2862 5400 2959 5470 rivi
2993 5415 3256 5470 aquarum
3300 5399 3603 5470 alienarum
3639 5401 3738 5452 fri—

511 5473 798 5553 gidarium?
872 5474 946 5594 (1:)
989 5473 1073 5537 8.,
1117 5483 1172 5526 et
1205 5473 1503 5543 impingent
1546 5472 1597 5524 in
1635 5468 1738 5524 viis
1777 5471 1912 5535 suis,
1955 5473 2007 5523 in
2057 5469 2267 5525 semitis
2307 5469 2651 5550 sempiternis
2685 5470 2750 5522 ad
2795 5468 3055 5523 eundum.
3132 5468 3203 5537 (ε)
3235 5470 3326 5530 Α..
3369 5469 3513 5524 sicut
3548 5483 3742 5524 ventus

511 5543 808 5594 orientalis.
884 5544 900 5594 ί
944 5543 1352 5594 lA..-dorsum.
1432 5540 1500 5594 (ei
1535 5540 1625 5594 A..
1665 5539 1747 5594 8..
1772 5541 2034 5594 sapiente.
2111 5540 2178 5594 (fl
2211 5541 2300 5594 Δ..
2341 5540 2775 5592 adversariorum
2817 5553 3078 5592 meorum.
3160 5539 3233 5594 (al
3272 5541 3362 5594 Α..
3389 5549 3443 5592 et
3487 5538 3737 5593 foderunt

510 5538 808 5596 orientalis.
882 5538 960 5611 (ά)
992 5538 1352 5606 A.,-dorsuin.
1382 5538 1402 5543 ”
1432 5540 1500 5609 (e)
1535 5540 1625 5607 A.,
1665 5539 1747 5606 8.,
1772 5541 2034 5609 sapiente.
2111 5540 2178 5608 (r)
2211 5540 2775 5611 A.,_adversariorum
2817 5553 3078 5608 meorum.
3160 5539 3233 5611 (9)
3272 5541 3362 5611 4.,
3389 5549 3443 5592 et
3487 5538 3737 5593 foderunt

514 5607 951 5682 foveamanim'ze'
971 5628 1122 5666 mem.
1157 5611 1237 5675 S.,
1267 5614 1391 5682 quia
1422 5607 1676 5666 foderunt
1703 5607 2130 5682 corruptionem.

2045 5607 2130 5664 :m.
2208 5609 2281 5682 (It)
2319 5607 2515 5682 Verba.
2598 5612 2656 5676 (ἰ)
2683 5608 2771 5673 Α,
2809 5607 3107 5682 prosterne.
3145 5680 3150 5682 _
3186 5608 3380 5682 (Isim,
3407 5619 3460 5662 et
3489 5611 3665 5682 electi.

513 5680 576 5798 ξι)
608 5681 692 5746 Α,
724 5679 975 5734 foderunt
998 5681 1226 5748 foveam,
1271 5678 1520 5752 subigent
1554 5697 1657 5736 me.
1739 5680 1833 5750 (ιη)
1865 5679 1955 5745 Α.,
2005 5695 2070 5734 ne
2108 5695 2133 5734 e

533 5765 626 5798 ua.

2125 5678 2292 5750 :xpies
2332 5678 2671 5748 iniquitatem
2716 5694 2926 5734 eorum.
3006 5679 3083 5747 (η)
3119 5680 3208 5740 Λ.,
3239 5680 3347 5732 sint
3381 5693 3568 5734 coram
3600 5679 3745 5734 facit:

533 5765 626 5800 03.
