2078 3730
319 187 389 215 9555

902 187 1016 214 (ZODEX
1038 186 1375 216 SYltO—IIEXAPLARIS.

1871 196 1899 224 ΞΕ
1903 196 1927 223 ἷῦ

318 244 504 273 tleicnsioncm
532 252 630 271 meam.
659 244 701 271 15.
735 245 822 273 Dicite
852 245 977 278 Domino,
1002 248 1109 275 laudate
1123 253 1144 279 Λ
1159 247 1246 278 Iudae.
1262 249 1354 276 audite
1369 250 1482 277 verbum
1505 251 1622 283 Domini,
1646 254 1689 280 19..
1705 254 1927 286 dontusllavitlis:

318 298 380 317 eum
444 290 480 325 (lt)
495 289 638 317 Dotninunt
653 291 677 325 ζ.
693 292 756 325 quia
772 291 898 319 liberavit
910 293 1028 320 animam
1040 301 1104 327 pan-

319 337 391 372 peris
405 344 437 363 ex
450 344 532 364 mantt
554 337 746 364 maleficorum.
768 337 810 364 14.
822 337 981 365 lilalcdictus
994 339 1062 369 dies,
1079 340 1104 366 in

318 390 373 417 quo
390 388 470 409 natus
483 391 554 416 smn;
572 383 641 416 dies,
656 383 683 410 iu
696 391 751 418 quo
763 386 865 418 peperit
878 392 921 412 me
935 391 1021 412 mater
1034 393 1104 418 mea,

319 438 372 455 non
388 430 422 456 sit
435 429 469 464 (ς)
482 429 520 463 (d)
533 429 703 456 benedictus.
723 429 765 456 15.
781 429 938 457 Maledictos
954 431 1047 462 homo,
1059 431 1106 465 qui

319 476 453 502 nuntiavit
464 475 531 509 patri
548 482 620 506 meo,
633 474 727 502 dicens
742 483 749 501 :
765 474 850 503 Natus
860 481 901 503 est
914 477 959 503 tibi
971 479 1004 510 ᾗ(
1018 476 1104 510 filius:

318 521 468 553 masculus,
487 521 521 554 (e)
538 520 700 549 laetiticando
710 523 743 557 >ε<
755 522 896 549 lmtiticaus
906 530 978 549 cum.
995 522 1038 549 16.
1051 522 1103 557 Et:

318 568 353 594 sit
369 567 451 594 homo
466 568 521 600 ille,
535 575 564 595 ut
577 569 667 601 urbes,
686 577 755 604 quas
769 569 918 597 cradicavit
931 569 1060 596 Dominus
1074 576 1105 597 -ιν

318 614 345 640 in
365 613 456 640 furore
477 614 501 648 ξ,
521 618 548 641 et
570 621 623 640 non
640 614 672 649 (θ’)
686 622 747 641 eum
765 614 914 648 pmnitnit:
938 614 1030 641 audiat
1051 614 1107 640 cla-

317 667 420 687 morem
436 659 462 686 in
479 660 626 693 matutino,
638 664 664 686 et
678 660 811 686 ululatum
825 660 857 693 ).<
875 659 901 685 in
914 663 1035 693 tempore
1050 665 1106 685 me-

317 706 395 733 ridiri
412 706 440 740 ;;
458 705 501 733 l7.
524 705 560 741 (g)
582 707 644 740 quia
667 714 721 732 non
743 705 844 733 occidit
864 713 907 733 me
926 705 952 731 in
974 710 1061 735 utero,
1079 708 1106 731 et

317 752 386 779 facta
398 757 439 779 est
450 752 515 778 mihi
528 757 614 779 mater
625 759 684 779 mea
696 752 850 786 sepulcrum
863 758 964 783 meum,
975 754 1002 777 et
1011 755 1105 777 uterus

316 798 503 833 conccptionis
513 802 631 825 :eternze.
648 798 690 825 l8.
707 797 798 830 Quare
813 797 864 824 hoc
879 805 912 824 ex
928 802 1005 824 utero
1018 805 1105 834 egres-

316 853 363 872 sus
379 852 451 876 sum,
472 845 504 872 ad
521 845 666 871 videndum
684 844 802 876 labores,
819 849 845 871 et
861 843 979 876 dolores,
994 849 1020 871 et
1042 844 1104 871 facti

315 896 379 918 sunt
395 892 422 918 in
437 891 541 926 pudore
556 890 616 918 dies
633 890 703 918 mei?

1158 293 1215 321 ham
1228 294 1294 322 dicit
1311 295 1442 323 Dominus
1457 306 1463 323 ι
1476 296 1600 326 Judicatc
1615 300 1641 326 in
1662 301 1795 327 tnatutino
1803 302 1928 337 judicium,

1159 346 1187 366 -ε-
1203 345 1230 367 et
1241 341 1348 375 dirigite
1363 342 1386 376 ζ,
1399 347 1425 369 ct
1437 343 1547 371 liberate
1555 345 1689 380 direptum
1705 354 1720 373 e
1737 355 1817 375 manu
1828 349 1888 384 ejus,
1899 351 1926 384 (ι)

1157 387 1203 421 qui
1222 388 1321 422 injuria
1337 388 1418 416 allicit
1438 397 1511 423 cum,
1530 395 1560 417 ut
1575 399 1608 419 ne
1624 393 1800 426 accendatur,
1821 399 1848 421 ut
1861 396 1927 430 ignis.

1158 433 1198 460 ira
1213 441 1283 466 mea,
1300 439 1327 461 et
1348 435 1464 466 ardebit.
1483 441 1510 463 et
1531 445 1584 464 non
1607 438 1669 470 erit,
1696 440 1743 473 qui
1764 441 1929 476 exstinguata

1157 479 1376 515 facieinjustitiaa
1391 482 1543 510 studiorum
1559 486 1593 518 Χ
1608 489 1760 513 vestrorum
1779 486 1802 520 ζ.
1820 487 1857 514 l5.
1872 488 1929 516 Ecce

1156 532 1207 560 ego
1224 526 1257 553 ad
1273 531 1299 554 te
1317 527 1483 555 habitantem
1507 529 1534 555 in
1554 529 1691 563 profundo
1704 532 1742 566 (ιι)
1768 532 1828 564 Sor,
1846 533 1867 559 in
1881 534 1929 568 pla-

1157 571 1234 603 nitie,
1250 572 1316 599 dicit
1330 572 1473 606 Dominus,
1486 575 1532 610 qui
1546 575 1653 603 dicitis:
1671 576 1738 610 Quis
1757 579 1863 605 terrebit
1877 587 1928 611 nos,

1157 622 1205 645 aut
1229 618 1291 652 quis
1319 618 1486 654 ingredietur
1522 621 1549 648 in
1584 622 1770 651 habitaculum
1806 626 1931 653 nostrum?

1157 663 1202 690 M.
1220 664 1253 698 >κ
1264 664 1296 691 Ει
1316 666 1433 693 visitabo
1451 673 1532 701 super
1546 675 1595 695 vos
1610 669 1759 696 secundum
1774 670 1858 697 studia
1870 674 1931 698 ma!a

1157 715 1255 743 vestra,
1273 711 1339 738 dicit
1353 711 1484 740 Dominus
1499 713 1522 747 ζ.
1535 712 1567 740 Ει
1577 716 1723 741 accendant
1741 716 1829 750 ignem
1840 718 1863 744 in
1873 719 1932 745 silva

1156 757 1225 792 ejus,
1244 758 1423 786 ctderorabit
1434 759 1526 786 omnia
1545 760 1571 786 in
1587 760 1701 787 circuitu
1717 761 1787 795 ejus.

1191 804 1248 839 Cap
1274 803 1359 831 XXII.
1379 805 1405 834 1,
1419 804 1481 832 llzcc
1493 806 1557 833 dicit
1576 806 1721 834 Dominus:
1742 816 1772 835 οε-
1789 807 1867 841 Vade,
1880 816 1903 837 ct
1920 812 1930 846 ε

1155 849 1289 877 descende
1302 850 1328 877 in
1345 852 1454 878 domum
1470 853 1541 884 regis
1558 851 1644 884 Judaa,
1659 857 1685 879 et
1701 853 1820 888 loqueris
1832 854 1863 880 ibi
1880 863 1932 882 vcr-

1158 896 1220 923 bum
1238 896 1300 929 hoe,
1319 897 1346 923 2.
1371 901 1398 924 et
1416 898 1510 925 dices:
1535 898 1605 925 Audi
1621 898 1732 925 verbum
1757 898 1872 933 Domini,
1889 909 1932 928 rex

349 936 427 964 CAP.
448 936 601 963 XXl.—l.
630 935 759 968 Verbum,
786 936 858 970 quod
883 934 984 963 factum
1005 941 1047 963 est
1073 936 1102 963 ad

1157 941 1243 974 Judze,
1266 943 1311 978 qui
1339 944 1416 970 sedes
1434 951 1517 978 super
1538 944 1608 971 solio
1625 943 1745 976 Davidis,
1769 949 1808 977 ιιι,
1825 950 1849 972 et
1868 946 1933 973 servi

315 981 460 1009 Jeremiam
476 990 491 1008 a
510 982 636 1014 Domino,
647 989 709 1008 cum
726 982 800 1009 misit
812 982 844 1008 ad
858 989 919 1008 eum
932 990 978 1009 rex
995 982 1106 1010 Scdecia

315 1027 420 1054 Pashor
446 1028 614 1055 sacerdotem
634 1027 718 1054 tilium
738 1027 873 1058 Melchiat,
891 1032 916 1054 et
937 1027 1106 1063 Sophoniam

315 1075 401 1101 tilium
431 1073 550 1106 Maasia‘,
580 1074 673 1101 dicens
705 1083 711 1100 :
739 1074 765 1101 2.
787 1073 922 1109 interroga
951 1082 999 1108 pro
1028 1075 1105 1102 nobis

317 1119 479 1151 Dominum;
498 1119 561 1153 quia
586 1120 619 1152 >ε<
643 1117 894 1146 Nabuchodonosor
917 1127 962 1146 rex
989 1118 1105 1154 Babylo-

317 1165 360 1192 nis
375 1165 411 1200 (Ιι)
430 1165 549 1192 surrexit
563 1172 645 1199 super
659 1172 723 1196 nos;
742 1164 764 1191 si
782 1164 850 1191 forte
869 1164 951 1192 faciat
974 1164 1105 1192 Dominus

315 1211 458 1238 nobiscum
475 1211 486 1244 ξ
503 1209 653 1237 secundum
668 1210 760 1236 omnia
773 1210 907 1237 mirabilia
917 1218 977 1241 sua.
989 1215 1014 1237 et
1025 1210 1105 1237 abeat

312 1263 327 1284 a
349 1257 446 1284 nobis?
463 1257 490 1284 5.
508 1257 541 1283 Et
558 1255 626 1282 dixit
636 1254 753 1282 Jcremia
768 1255 801 1282 ad
816 1262 864 1283 eos
880 1264 887 1282 :
907 1255 943 1282 Ita
959 1255 1054 1283 dicetis
1069 1255 1104 1283 ad

313 1303 454 1331 Sedeciam
468 1312 476 1330 :
492 1303 519 1330 4.
534 1301 596 1329 Haec
609 1301 675 1329 dicit
689 1301 822 1329 Dominus
833 1302 867 1337 λ(
880 1301 954 1328 Deus
967 1301 1102 1336 lsraclisﬁ:

312 1349 382 1376 Ecce
397 1356 448 1384 ego
464 1351 556 1375 averto
577 1355 652 1374 arma
670 1347 776 1379 bellica,
797 1347 830 1380 >κ
852 1355 912 1381 qua:
933 1347 960 1374 iit
977 1347 1102 1375 manibus

312 1397 411 1425 vestris
431 1397 455 1430 ξ,
470 1395 571 1431 quibus
589 1403 636 1423 vos
653 1395 692 1422 eis
708 1395 834 1430 pugnatis
857 1396 890 1429 χ(
914 1402 997 1430 super
1013 1403 1102 1430 regem

313 1442 459 1478 Babylonis
480 1442 504 1475 ζ,
518 1446 618 1469 etcum
635 1441 781 1473 Chaldaeis,
800 1441 831 1475 (ἱ)
845 1441 891 1475 qui
908 1440 1103 1468 eoncluserunt

312 1495 362 1515 vos
380 1491 457 1515 extra
472 1494 601 1519 murum;
622 1488 655 1521 3K
679 1486 714 1522 (k)
734 1490 761 1513 et
778 1487 949 1524 congregabo
965 1494 1013 1514 eos
1037 1486 1048 1519 ζ
1074 1488 1100 1513 itt

312 1534 402 1561 medio
420 1533 495 1560 urbis
514 1532 605 1567 hujus,
624 1533 650 1560 5.
672 1538 698 1560 ct
722 1533 848 1568 pugnabo
870 1540 921 1568 ego
941 1537 1037 1560 contra
1053 1540 1101 1560 vos

312 1581 339 1607 in
362 1588 443 1607 manu
466 1583 587 1612 extensa1
616 1584 643 1606 ct
670 1578 697 1606 in
718 1579 830 1606 brachio
853 1578 885 1614 (ι)
908 1579 1016 1606 excelso
1037 1586 1099 1606 eum
1113 1598 1135 1627 ο

311 1628 413 1658 furore,
428 1630 455 1653 et
472 1626 522 1658 ira,
534 1630 561 1653 ct
575 1625 725 1653 irritatione
740 1632 846 1661 magna.
861 1625 887 1652 6.
902 1624 935 1652 Et
950 1625 1098 1658 percutiam

310 1680 406 1700 omnes
422 1672 576 1699 habitantes
594 1671 621 1698 in
638 1671 707 1698 urbe
722 1671 783 1704 hac,
799 1671 923 1699 homines
935 1676 961 1698 et
975 1671 1098 1706 jumenta

310 1718 359 1753 (ιη)
375 1719 402 1745 in
419 1723 506 1745 morte
522 1725 630 1753 magna,
645 1722 671 1744 et
687 1718 846 1745 morientur.
864 1717 889 1743 7.
908 1716 940 1744 Et
959 1721 1019 1751 post
1031 1717 1098 1750 bam,

311 1764 347 1790 ita
362 1763 427 1790 dicit
448 1763 591 1796 Dominus,
625 1764 728 1790 tradatn
754 1763 893 1791 Sedcciam
908 1771 997 1799 regem
1012 1763 1098 1795 ludat,

310 1815 337 1837 et
348 1817 443 1837 servos
459 1809 528 1843 ejus,
548 1814 574 1837 et
587 1809 729 1844 populum,
743 1810 781 1845 (ιι)
794 1810 840 1844 qui
855 1810 964 1837 relictus
977 1810 1058 1838 fuerit
1071 1811 1098 1837 iu

309 1858 377 1885 urbe
395 1858 445 1885 bac
458 1865 472 1884 a
488 1862 585 1890 morte,
601 1862 627 1885 et
642 1864 657 1884 a
673 1857 771 1892 gladio,
789 1861 814 1884 et
831 1865 846 1883 a
861 1856 933 1884 fame
950 1858 983 1891 >ε<
998 1857 1025 1884 in
1039 1865 1098 1885 ma-

310 1910 375 1930 num
403 1902 681 1930 Nabuchodonosoris
702 1903 774 1937 regis
797 1902 961 1937 Babylonis,
991 1907 1017 1930 ct
1038 1903 1049 1937 ζ
1071 1904 1097 1930 in

309 1956 407 1975 litantis
429 1947 600 1975 inimicorum
622 1955 729 1980 eorum,
748 1949 780 1981 >ε<
798 1953 825 1975 ct
851 1948 876 1975 iu
901 1956 999 1977 manus
1018 1949 1028 1983 ζ
1049 1957 1098 1976 eo-

309 2002 381 2027 rum,
397 1994 443 2029 qui
460 2000 586 2029 quaerunt
599 1995 705 2022 animas
728 2003 835 2026 eorum,
857 1995 893 2031 (0)
908 2000 935 2023 et
955 1996 1098 2024 concident

308 2048 355 2068 eos
374 2040 400 2067 in
419 2047 467 2067 ore
483 2040 575 2075 gladii.
592 2039 650 2067 Non
667 2048 775 2075 parcam
794 2048 877 2075 super
890 2041 940 2072 eis.
958 2042 992 2075 Χ
1009 2048 1097 2076 neque

307 2087 459 2115 miserebor
486 2094 580 2114 eorum
614 2086 638 2120 ξ.
670 2094 719 2114 nec
743 2086 885 2113 clementia
911 2092 973 2114 utar
994 2087 1021 2114 in
1037 2094 1095 2114 eos.

307 2134 335 2160 8.
353 2133 386 2160 Et
400 2133 433 2161 ad
448 2133 577 2168 populum
592 2133 664 2160 hunc
677 2132 752 2160 dices
769 2141 775 2159 :
792 2132 852 2159 llzec
870 2132 936 2160 dicit
950 2132 1094 2159 Dominus:

308 2180 435 2214 Ecceego
449 2179 509 2206 dedi
523 2184 586 2206 ante
594 2178 691 2205 facient
700 2183 816 2205 vestram
827 2178 897 2205 viam
907 2178 1013 2210 vilze,ct
1024 2178 1094 2204 viam

306 2227 414 2254 mortis.
442 2225 468 2252 9.
494 2224 546 2258 Qui
573 2224 675 2252 sederit
697 2225 723 2251 in
747 2224 812 2251 urbe
833 2224 893 2255 hac,
915 2224 1047 2250 morietur
1068 2223 1093 2249 in

1159 987 1209 1019 tui,
1225 991 1251 1014 et
1266 988 1382 1022 populus
1403 993 1477 1018 tuus.
1491 993 1519 1015 et
1531 988 1713 1023 ingredientes
1728 989 1755 1015 in
1770 990 1854 1023 portis
1876 990 1916 1018 bis
1927 1011 1933 1017 .

1157 1033 1258 1061 5.1laec
1269 1034 1334 1060 dicit
1345 1034 1475 1061 Dominus
1488 1042 1494 1059 :
1507 1033 1599 1061 Facite
1609 1034 1754 1069 judicium.
1766 1035 1932 1071 etjustitiatn:

1156 1083 1184 1107 et
1208 1079 1320 1107 liberate
1346 1080 1479 1114 direptum
1507 1088 1539 1107 ex
1570 1088 1651 1107 manu
1677 1081 1820 1109 afticicntis
1842 1082 1934 1116 injuria

1156 1131 1237 1151 eum:
1264 1129 1291 1151 ct
1311 1124 1494 1159 peregrinum,
1512 1129 1539 1151 et
1563 1125 1707 1159 pupillum,
1733 1130 1760 1153 et
1776 1126 1879 1153 viduam
1905 1135 1936 1155 ne

1156 1169 1334 1204 opprimalis:
1352 1177 1441 1204 neque
1460 1169 1542 1204 impie
1557 1170 1660 1205 agatis:
1686 1175 1713 1198 et
1724 1171 1879 1205 sanguinem
1898 1173 1936 1199 in-

1156 1219 1296 1242 nocentem
1313 1223 1346 1242 ne
1360 1215 1503 1242 cﬂ‘undatis
1519 1215 1544 1242 in
1560 1215 1620 1242 loco
1635 1215 1696 1243 hoc.
1717 1217 1745 1243 4.
1764 1216 1895 1249 Quoniam
1914 1219 1935 1245 si

1155 1259 1280 1288 faciendo
1296 1260 1414 1287 feceritis
1429 1261 1540 1287 verbum
1563 1261 1633 1294 hoc;
1650 1261 1732 1288 etiam
1758 1263 1936 1297 ingredientur

1155 1305 1182 1332 in
1199 1306 1285 1340 portis
1298 1305 1397 1334 domus
1412 1306 1494 1340 hujus
1507 1314 1584 1342 rcges
1594 1307 1719 1335 sedentes
1744 1308 1836 1336 Davidi
1859 1317 1937 1344 super

1154 1350 1223 1377 solio
1236 1350 1306 1385 ejus,
1318 1355 1346 1378 et
1360 1351 1430 1378 vecti
1440 1359 1523 1386 super
1538 1352 1677 1385 curribus,
1689 1357 1717 1379 et
1731 1354 1820 1389 equis,
1831 1355 1885 1389 ipse
1899 1356 1936 1391 (ι)

1153 1400 1180 1423 ct
1195 1396 1265 1423 servi
1277 1396 1346 1431 ejus,
1362 1400 1389 1424 et
1407 1398 1522 1432 populus
1539 1397 1608 1433 ejus.
1634 1399 1661 1426 5.
1677 1399 1705 1426 Si
1718 1405 1808 1427 autem
1825 1408 1878 1427 non
1898 1401 1938 1430 fe-

1153 1441 1246 1468 ceritis
1261 1442 1342 1468 verba
1370 1442 1436 1475 haec,
1453 1450 1501 1477 per
1522 1451 1565 1471 me
1591 1444 1691 1478 iuravi,
1709 1445 1775 1473 dicit
1797 1446 1938 1478 Dominus.

1152 1487 1224 1521 quod
1241 1487 1267 1513 in
1293 1487 1469 1515 solitudinem
1487 1489 1538 1516 erit
1553 1489 1651 1517 doutus
1669 1490 1737 1518 haec.
1753 1491 1781 1519 6.
1799 1491 1867 1524 Quia
1883 1493 1939 1520 haec

1152 1533 1219 1560 dicit
1239 1532 1367 1561 Dominus
1381 1542 1463 1569 super
1481 1534 1563 1562 domo
1581 1535 1652 1570 regis
1671 1534 1765 1563 Judazz
1781 1535 1895 1567 Galaad.
1911 1541 1938 1564 tu

1153 1579 1218 1606 mihi
1243 1579 1406 1613 principium
1423 1578 1530 1610 Libani,
1554 1579 1605 1606 nisi
1625 1587 1740 1614 posuero
1757 1585 1784 1607 te
1806 1581 1941 1608 solitudi-

1152 1632 1223 1657 nem,
1247 1625 1341 1656 urbes,
1356 1632 1416 1659 qute
1429 1632 1483 1651 non
1503 1624 1660 1652 habitantur
1673 1634 1680 1652 :
1697 1625 1722 1651 7.
1745 1626 1783 1660 (y)
1797 1630 1825 1653 et
1839 1627 1942 1653 sancti-

1151 1672 1237 1699 licabo
1260 1678 1343 1705 super
1364 1675 1390 1698 te
1405 1670 1525 1698 delentes
1544 1671 1643 1704 virum,
1674 1677 1700 1698 ct
1724 1672 1842 1699 securim
1858 1672 1939 1706 ejus:

1150 1722 1177 1744 et
1187 1716 1333 1752 praecident
1345 1716 1460 1743 selectos
1472 1716 1617 1743 cedrorum
1630 1721 1748 1749 tttarum,
1757 1721 1784 1743 et
1796 1717 1942 1751 projicieut

1151 1762 1177 1788 in
1191 1762 1290 1796 ignem.
1308 1761 1334 1788 8.
1353 1760 1386 1787 Et.
1398 1761 1553 1788 transibunt
1566 1765 1659 1795 gentes
1682 1760 1776 1788 multa
1799 1769 1883 1796 super
1899 1770 1941 1788 ur-

1150 1807 1211 1835 bem
1235 1807 1316 1840 banc,
1341 1811 1368 1835 et
1392 1807 1484 1834 dicent
1512 1806 1704 1842 unusquisque
1721 1807 1755 1833 ad
1784 1808 1941 1841 proximum

1150 1861 1247 1881 suum:
1261 1852 1352 1886 Quare
1366 1852 1429 1880 fecit
1443 1852 1575 1880 Dominus
1593 1852 1632 1880 sic
1647 1852 1707 1879 urbi
1726 1859 1831 1887 magna:
1856 1853 1942 1880 huic?

1150 1899 1176 1927 9.
1194 1899 1226 1926 Et
1244 1899 1355 1926 dicent:
1382 1898 1436 1926 Pro
1461 1906 1494 1926 eo
1515 1898 1589 1933 quod
1614 1898 1823 1933 dereliquerunt
1849 1898 1941 1926 fccdus

1151 1945 1258 1972 Domini
1274 1945 1318 1972 Dei
1335 1945 1388 1977 sui,
1407 1950 1434 1972 et
1458 1945 1608 1972 adorarunt
1627 1944 1693 1971 deos
1718 1943 1754 1978 (ι.)
1776 1943 1899 1975 alienos.
1915 1948 1943 1972 et

1148 1992 1292 2018 coluerunt
1306 1991 1446 2019 servitium
1458 1991 1509 2018 eis.
1530 1990 1572 2017 Ιθ.
1589 1989 1627 2017 Nc
1641 1990 1763 2017 deﬂentis
1780 1995 1938 2021 mortuum.

1149 2045 1236 2071 neque
1259 2037 1443 2064 lamentemini
1461 2043 1524 2063 eum
1540 2044 1547 2061 :
1565 2035 1662 2062 deflete
1677 2036 1703 2062 in
1717 2034 1779 2062 fletu
1798 2043 1877 2067 eum,
1894 2035 1944 2070 qui

1149 2082 1298 2117 egreditur.
1316 2082 1379 2116 quia
1403 2089 1454 2108 nou
1482 2085 1635 2108 revertetur
1652 2080 1778 2114 amplius.
1799 2087 1850 2106 nec
1866 2080 1946 2106 vide-

1148 2128 1186 2155 bit
1202 2133 1300 2155 tcrratn
1320 2128 1412 2162 patriae
1428 2134 1495 2154 sum.
1513 2127 1556 2153 ll.
1577 2126 1647 2158 Quia
1670 2126 1727 2153 haec
1751 2125 1819 2152 dicit
1846 2124 1947 2152 Domi-

1147 2182 1197 2202 nus
1213 2182 1294 2209 super
1309 2173 1401 2200 Saltim
1414 2172 1468 2200 filio
1485 2171 1577 2201 Iosue.
1595 2176 1724 2204 regnante
1739 2178 1788 2204 pro
1802 2170 1883 2197 Josia
1896 2178 1948 2205 pa—

1146 2226 1187 2249 tre
1204 2221 1275 2255 cjus,
1292 2220 1338 2254 qui
1356 2226 1481 2254 egressns
1497 2223 1538 2245 cst
1556 2225 1589 2244 ex
1606 2217 1665 2243 loco
1683 2217 1748 2243 hoc:
1772 2223 1827 2242 non
1844 2224 1949 2242 rev-r-

305 2271 405 2307 gladio,
423 2275 450 2297 et
465 2270 502 2306 (ρ)
519 2270 545 2297 in
564 2269 686 2304 fame,)s(
701 2274 727 2297 ct
744 2275 829 2297 morte
849 2270 859 2303 ζ
879 2274 926 2296 :et
940 2270 985 2304 qui
1002 2276 1094 2303 εει-85η
1112 2273 1133 2300 ι)
1148 2271 1219 2294 tctur
1232 2265 1296 2293 illuc
1313 2265 1447 2299 amplius;
1464 2263 1506 2290 12.
1523 2263 1586 2297 quia
1602 2262 1628 2289 ἰιι
1644 2262 1713 2293 loco,
1725 2270 1781 2296 quo
1793 2261 1950 2307 transtule-

305 2325 353 2345 sus
368 2317 459 2348 fuerit,
482 2320 512 2343 ut
531 2323 560 2343 se
577 2316 666 2343 tradat
685 2315 830 2346 Chaldaeis,
851 2315 899 2349 qui
923 2315 960 2349 (ιι)
980 2314 1095 2342 circum-

305 2363 437 2390 dederunt
452 2370 510 2393 vos.
526 2362 608 2395 vivet,
629 2365 656 2389 et
674 2361 727 2389 erit.
739 2361 772 2395 3K
789 2360 814 2388 ei
837 2361 848 2395 ζ
874 2360 964 2388 anima
979 2360 1038 2395 ejus
1058 2360 1094 2395 (r)

306 2409 333 2435 in
350 2409 480 2442 spolium.
491 2415 522 2435 -ε-
541 2411 568 2435 et
578 2407 650 2435 vivet
661 2407 685 2441 ζ.
702 2407 745 2434 10.
756 2406 825 2440 Quia
842 2406 984 2434 obfirmavi
995 2406 1091 2433 faciem

305 2462 395 2481 meam
406 2461 487 2488 super
503 2453 597 2481 urbem
614 2454 684 2481 hanc
701 2453 728 2480 in
751 2452 832 2485 mala,
850 2456 877 2479 et
894 2459 948 2479 non
965 2452 992 2479 in
1010 2452 1092 2485 bona,

305 2501 339 2533 Χ
350 2498 416 2526 dicit
433 2498 566 2526 Dominus
587 2499 610 2533 ζ.
629 2498 657 2524 In
677 2505 775 2525 manus
792 2496 863 2531 regis
880 2496 1025 2531 Babylonis
1039 2501 1093 2523 tra-

303 2547 391 2576 detur,
406 2551 431 2573 et
449 2546 591 2573 cotnburct
605 2552 665 2572 eam
679 2544 706 2571 in
716 2545 785 2579 igne.
802 2545 843 2571 ll.
859 2544 894 2579 (ε)
907 2544 1008 2571 Domus
1020 2544 1093 2578 regis

345 2660 382 2693 (ιι)
403 2659 482 2685 Ειιιιι.
522 2659 556 2692 (r)
579 2659 622 2689 2L,
644 2659 686 2688 8.,
706 2659 856 2684 benedicta.
888 2659 954 2683 lleb.
976 2659 1144 2682 benedictus.

304 2694 339 2729 (ε)
355 2695 399 2726 Α.,
413 2694 571 2721 Ιωιίίὶυςιιιιιη
585 2692 733 2729 lzctilicavit
748 2700 820 2729 eum.
860 2692 893 2726 (0
906 2690 1130 2729 ᾼηηξιοίιυιᾳγίιμ

303 2724 345 2760 8.,
369 2724 478 2764 pugnat.
528 2729 558 2763 (ἰ)
578 2728 637 2764 Qui
654 2727 823 2764 circumdant
844 2724 892 2764 vos
915 2727 995 2764 bello.
1039 2724 1074 2759 (k)

304 2797 339 2833 (τι)
360 2801 402 2829 Α..
418 2797 587 2825 continentes
606 2806 688 2831 super
705 2806 762 2824 vos.
802 2798 837 2832 (r)
858 2797 886 2833 In
904 2797 1020 2833 lucrum.

1101 2723 1133 2750 Et
1155 2723 1335 2751 introducam.

302 2755 345 2799 tu),
360 2755 443 2796 Ᾰηυυι
459 2772 517 2794 eos,
529 2755 676 2798 qbi‘rclicti
693 2762 794 2790 fuerint
806 2762 832 2789 in
846 2763 912 2789 urbe
931 2762 981 2789 bac
996 2769 1010 2787 a
1026 2755 1102 2795 pestil

304 2800 339 2831 (τι)
360 2801 402 2829 Α..
418 2799 587 2825 continentes
606 2806 688 2831 super
705 2806 762 2824 vos.
802 2798 837 2831 (r)
858 2797 886 2823 In
904 2797 1020 2823 lucrum.
1063 2795 1102 2831 (s)_

1154 2760 1188 2786 ia.
1228 2758 1265 2792 (ο)
1279 2758 1322 2788 Α.,
1335 2760 1362 2784 ct
1374 2755 1508 2789 percutiet
1518 2761 1576 2780 eos.

1150 2815 1156 2827 ,
1174 2794 1216 2831 5..
1234 2798 1261 2820 ct
1276 2791 1368 2831 domui
1389 2790 1465 2831 (regis
1483 2788 1565 2831 Judae

304 2813 339 2833 μη
360 2813 402 2829 η..
418 2813 587 2825 \LUIIIIIIL'IILUD
606 2813 682 2831 auptu
708 2813 762 2824 Vua:
802 2813 837 2832 μ)
859 2813 886 2823 III
905 2813 1020 2823 ιιιυιυιιι.
1063 2813 1095 2831 \uy

302 2835 507 2873 gjlprllllcltli§.n
530 2833 568 2867 (ιι)
586 2834 630 2873 Α.³
647 2834 673 2860 itt
698 2833 772 2859 arida
791 2831 894 2873 (terra).
977 2837 1068 2873 peltae.

1658 2813 1783 2873 eque-api.

1148 2317 1214 2339 runt
1224 2319 1298 2343 cum,
1315 2310 1351 2337 ibi
1369 2310 1509 2341 morietur,
1521 2313 1548 2335 et
1561 2313 1660 2335 terram
1676 2308 1745 2334 hanc
1763 2315 1818 2334 non
1835 2306 1951 2333 videbit

1146 2358 1274 2393 amplius.
1298 2357 1339 2383 l5.
1357 2355 1380 2382 0
1393 2356 1438 2391 qui
1452 2355 1568 2382 azdiﬁcat
1581 2354 1692 2381 domutn
1706 2360 1783 2380 suam
1799 2360 1856 2379 non
1878 2360 1949 2379 cum

1143 2404 1261 2439 justitia,
1276 2408 1302 2431 ct
1318 2402 1458 2430 cmuacula
1474 2408 1523 2428 sua
1543 2407 1598 2427 non
1623 2399 1649 2426 iu
1671 2398 1790 2432 judicio:
1808 2398 1849 2431 (α)
1868 2395 1949 2431 apud

1145 2451 1299 2486 proximum
1324 2456 1402 2476 suum
1435 2451 1565 2482 operatur
1592 2445 1698 2480 gratis.
1721 2449 1750 2471 et
1779 2444 1950 2471 mortalem

1145 2496 1204 2530 ejus
1219 2503 1271 2522 non
1299 2493 1393 2522 reddet
1412 2492 1447 2519 ei.
1467 2492 1510 2519 ll.
1527 2492 1560 2524 >κ
1586 2490 1637 2523 Qui
1652 2490 1717 2517 dicit
1732 2489 1762 2523 ξε
1781 2487 1953 2515 λΕιιὶΕολδιὶ

1145 2542 1251 2569 tibimet
1268 2541 1318 2575 ipsi
1336 2540 1446 2567 domum
1464 2539 1501 2571 (ιι)
1515 2541 1775 2567 conuuensaratam,
1790 2540 1818 2562 et
1841 2541 1955 2562 caelu-

522 2658 556 2692 (rj
579 2658 622 2689 Α.,
644 2656 686 2688 S.,
706 2657 856 2684 benedicta.
888 2655 954 2683 lleb.
976 2654 1098 2692 benedict

1184 2653 1222 2687 (ά)
1246 2651 1346 2691 Dignus
1367 2646 1952 2692 praecilttts.mEflEl‘KTlﬂ,‘desiderqbilis.

1161 2682 1248 2723 ῃ)’Ᾰ.,
1262 2682 1307 2720 (ιῖιί
1323 2682 1375 2712 non
1393 2689 1478 2723 mer
1491 2683 1579 2723 allecit
1598 2682 1688 2723 Inc_ab
1702 2686 1788 2722 ntero.
1813 2682 1878 2723 A_(_lt)
1898 2685 1953 2723 θ..

1385 2720 1415 2755 (ι)
1441 2718 1525 2747 Forti.
1570 2718 1623 2755 (nt).
1641 2717 1686 2755 A._,
1710 2717 1737 2755 in
1763 2716 1954 2755 pestilentia.

1615 2752 1653 2788 (ρ)
1666 2752 1747 2788 Αηλῐη
1763 2751 1955 2788 pestilentia.

1234 2786 1262 2820 ct
1276 2786 1381 2819 doiuui'
1394 2790 1465 2824 regis
1483 2788 1560 2816 Judae
1578 2795 1608 2815 -:—
1620 2786 1696 2814 dices
1715 2786 1726 2820 ζ
1766 2787 1798 2820 (ι)
1819 2787 1881 2817 Α..
1908 2786 1956 2816 8.,

1234 2836 1292 2854 ssaa.
1331 2826 1370 2854 (xl
1386 2825 1427 2854 S..
1444 2833 1518 2852 cum.
1556 2824 1594 2854 (ιι)
1610 2822 1642 2848 Et
1658 2821 1783 2848 educam.
1822 2822 1875 2854 ta)
1907 2820 1956 2851 S.,

1822 2830 1875 2855 te.)
1907 2830 1958 2851 δ..

303 2856 1058 2902 ’g'ratis,
1073 2870 1099 2892 ct
1112 2856 1222 2899 operam
1236 2863 1297 2898 ejus
1312 2856 1365 2889 non
1379 2861 1452 2888 dabit
1478 2860 1514 2887 ei.
1553 2859 1590 2893 (ὑ)
1611 2857 1656 2890 Δ.,
1674 2856 1718 2887 S.,
1731 2861 1959 2886 mensuratamv

302 2908 329 2930 et
347 2904 486 2930 camacula
502 2904 630 2937 spatiosa.

1340 3144 2036 3730 1
