4102 6278
295 403 427 444 Ibat

1517 375 1832 434 SEREMUE
1877 374 2097 434 CAPUT
2153 375 2335 430 XXIII.

3428 380 3572 437 2558

291 508 416 561 tuta
437 501 837 573 refrigeratoria
862 500 932 571 (c)
955 499 1211 554 distincta
1237 497 1511 562 fenestris,
1540 507 1595 553 et
1615 496 1874 551 demensa

1988 493 2170 549 Scribe
2205 494 2275 564 (r)
2310 495 2487 549 virum
2519 495 2688 559 hunc,
2727 493 3003 551 hominem
3047 503 3468 568 proclamatnm,
3502 519 3566 558 σξ-

295 599 349 651 in
378 597 564 657 cedro,
608 602 663 648 et
688 593 843 646 linita
877 590 1147 658 sinopide.
1186 588 1272 642 15.
1310 587 1452 642 illum
1481 588 1758 657 regnabis,
1799 588 1878 658 (ιι)

290 689 422 757 quia
447 696 502 740 ιιι
539 687 712 739 iratus
738 701 798 739 es
829 685 882 737 in
915 683 1064 736 Ahaz
1093 698 1258 752 super
1295 693 1450 752 patrc
1475 682 1606 736 tuo?
1641 696 1746 735 non
1788 697 1879 734 co-

295 780 536 844 medent,
571 793 747 846 neque
805 777 1024 830 bibent:
1057 785 1110 828 et
1143 775 1321 830 facere
1350 775 1614 844 judicium
1651 773 1882 842 etjusti-

296 872 429 925 tiam
469 873 537 937 Β(
585 869 654 938 (e)
681 879 811 922 tunc
858 869 880 936 ζ
920 880 984 921 οξ-
1015 867 1218 920 bonum
1244 883 1348 920 non
1381 867 1530 920 novit
1561 868 1606 935 ζ.
1647 866 1730 919 16.
1763 863 1877 918 Non

291 962 559 1030 judicavit
581 961 847 1030 judicium
875 959 1154 1027 pauperis,
1189 958 1571 1027 necjudieium
1608 959 1787 1028 egeni,
1813 959 1880 1024 χ

297 1066 431 1110 tunc
465 1056 664 1109 bonum
693 1055 740 1106 ei
779 1053 826 1121 ζ.
865 1050 1054 1105 Nonne
1085 1052 1189 1106 hoc
1233 1061 1336 1114 est,
1388 1052 1533 1120 quod
1590 1059 1883 1120 cognoscet

295 1161 408 1208 mc,
460 1144 594 1199 dicit
639 1142 934 1197 Dominus?
975 1142 1060 1194 l7.
1098 1141 1234 1196 Ecce
1277 1157 1384 1196 non
1417 1151 1545 1196 sunt
1588 1142 1732 1196 oculi
1777 1141 1880 1205 tui,

292 1252 476 1305 neque
501 1251 594 1291 eor
621 1243 772 1288 tuum
801 1246 860 1288 σξ-
897 1234 1096 1286 bonum
1131 1232 1178 1300 ζ,
1211 1234 1302 1287 sed
1331 1232 1383 1286 in
1410 1232 1881 1287 defraudationem

294 1334 473 1390 tuam,
509 1335 562 1378 et
591 1325 644 1378 in
668 1323 988 1392 sanguinem
1023 1321 1388 1385 innocentem,
1411 1322 1479 1374 ad
1496 1321 1881 1376 eﬂ'undendum

293 1435 448 1480 eum,
481 1417 549 1488 (Π
589 1423 644 1470 et
678 1416 731 1470 in
766 1414 1134 1484 iniquitatem,
1168 1421 1224 1467 et
1275 1412 1328 1466 in
1374 1413 1640 1479 dolorem,
1692 1413 1761 1468 ad
1802 1411 1884 1467 la-

295 1510 588 1566 ciendum.
623 1507 710 1566 18.
740 1505 969 1574 Ρι·ορι‹ϊ
994 1505 1100 1559 hoc
1128 1505 1242 1558 haec
1263 1503 1396 1558 dicit
1421 1503 1685 1557 Dominus
1720 1519 1884 1573 super

297 1600 510 1656 Joacim
549 1598 719 1652 lilium
754 1595 918 1652 Josize
958 1611 1137 1665 regem
1171 1593 1352 1649 .Iudaa:
1388 1597 1454 1662 >ε<
1484 1593 1599 1647 Νοη
1627 1594 1886 1663 plangent

301 1695 376 1761 (g)
407 1705 568 1746 eum:
619 1687 708 1743 Vae
737 1688 889 1752 mihi,
923 1686 1091 1740 frater
1125 1686 1222 1751 mi,
1253 1686 1416 1740 etiam
1468 1701 1546 1739 vae
1581 1684 1736 1751 mihi,
1772 1683 1885 1738 fra-

301 1797 386 1838 ter
425 1782 497 1836 mi
537 1784 585 1851 ζ.
637 1778 754 1834 Non
809 1780 1067 1849 plangent
1115 1793 1263 1844 eum,
1299 1775 1389 1831 Va:
1427 1777 1582 1840 mihi,
1634 1777 1878 1838 Domine,

1984 587 2111 655 quia
2149 587 2173 654 ζ
2227 589 2293 655 x
2324 601 2428 642 non
2479 599 2696 644 crescet
2733 588 2754 657 ζ
2808 604 2876 643 ex
2930 591 3136 644 semine
3175 595 3295 660 ejus
3322 596 3421 662 vir,
3472 595 3569 666 qui

1983 681 2168 736 sedeat
2187 696 2349 750 super
2365 681 2503 735 solio
2527 681 2770 744 Davidis,
2797 681 3050 752 princeps
3068 683 3300 752 amplius
3324 684 3381 739 in
3407 682 3565 740 Juda.

2052 772 2185 842 Cap.
2219 765 2495 827 XXlll.L-
2518 774 2568 826 l.
2610 773 2654 828 Ο
2679 784 2948 844 pastores,
3002 775 3096 844 qui
3133 775 3380 844 perditis,
3413 787 3466 831 et
3493 776 3573 831 di-

1983 864 2239 932 spergitis
2261 880 2388 918 oves
2427 865 2614 934 pascui
2674 865 2800 930 mei,
2844 868 2911 933 >ε<
2952 866 3084 920 dicit
3131 865 3392 922 Dominus
3424 868 3469 936 ζ.
3505 867 3565 923 2.

1984 951 2214 1021 Propter
2243 953 2347 1009 hoc
2383 954 2496 1008 luec
2527 955 2659 1010 dicit
2684 955 2943 1013 Dominus
2985 958 3053 1025 >ε<
3089 956 3231 1012 Deus
3275 956 3492 1012 lsraelis
3539 961 3562 1028 ζ

1983 1057 2149 1111 super
2181 1043 2516 1111 pastoribus,
2540 1045 2632 1115 qui
2664 1055 2902 1112 pascunt
2926 1047 3186 1115 populum
3207 1061 3425 1102 meum:
3454 1046 3566 1101 Vos

1985 1132 2326 1202 dispersistis
2353 1148 2484 1188 oves
2513 1151 2681 1198 meas,
2723 1136 2792 1207 (δ)
2825 1146 2880 1192 et
2911 1138 3200 1206 expulistis
3225 1153 3338 1204 eas,
3375 1148 3431 1192 et
3458 1154 3566 1191 non

1985 1226 2250 1281 visitastis
2281 1242 2395 1282 eas.
2428 1226 2566 1283 Ecce
2605 1245 2704 1297 ego
2757 1230 2992 1285 ulciscar
3025 1244 3190 1299 super
3220 1245 3318 1283 vos
3368 1244 3568 1295 secun-

1985 1319 2115 1371 dum
2150 1320 2330 1374 studia
2363 1328 2542 1374 vestra
2577 1321 2738 1382 mala.
2765 1323 2834 1388 χ(
2857 1321 2990 1375 dicit
3027 1318 3290 1376 Dominus
3323 1321 3368 1389 ξε
3401 1319 3454 1372 3.
3493 1318 3564 1389 (ι)

1984 1421 2039 1467 et
2074 1414 2238 1468 etiam
2271 1427 2371 1484 ego
2399 1412 2657 1482 recipiam
2689 1411 2937 1468 residuos
2967 1411 3154 1481 populi
3189 1411 3292 1464 mei
3315 1427 3383 1464 ex
3409 1411 3564 1464 omni

1985 1514 2148 1566 terra,
2191 1505 2269 1575 (ιι)
2300 1519 2410 1573 quo
2461 1505 2644 1574 expuli
2689 1519 2784 1558 eos
2823 1502 2986 1556 illuc:
3023 1512 3075 1557 et
3108 1503 3436 1557 constituam
3465 1517 3567 1557 eos

1987 1596 2065 1664 (ας)
2100 1596 2153 1648 in
2185 1610 2462 1665 pascuum
2500 1609 2712 1656 eorum,
2750 1601 2804 1646 et
2843 1601 3112 1661 crescent,
3141 1602 3195 1647 et
3239 1592 3567 1661 multiplica-

1987 1688 2214 1741 buntur.
2250 1686 2302 1740 4.
2335 1686 2402 1739 Ει
2439 1685 2767 1740 constituam
2801 1685 2880 1740 eis
2906 1693 3180 1754 pastores,
3214 1686 3306 1754 qui
3340 1691 3568 1755 pascent

1987 1792 2118 1832 eos:
2167 1785 2345 1830 etnon
2376 1775 2642 1830 timebunt
2687 1773 2938 1840 amplius,
2975 1789 3150 1843 neque
3173 1773 3464 1843 pavebunt,
3498 1773 3568 1843 3b:

299 1874 466 1926 etiam
502 1845 583 1924 va:
634 1869 786 1932 mihi,
811 1845 908 1938 '(h)
937 1845 1105 1922 iratcr
1139 1868 1233 1921 mi.
1290 1868 1376 1921 19.
1425 1866 1692 1936 Sepulcro
1733 1868 1877 1921 asini
1915 1845 1953 1898 Β
1983 1883 2158 1937 neque
2191 1869 2265 1937 (y)
2317 1867 2620 1920 invisentur
2653 1865 2702 1933 ζ,
2734 1866 2868 1919 dicit
2890 1866 3177 1920 Dominus.
3211 1866 3266 1920 5.
3289 1865 3423 1918 Ecce
3444 1867 3564 1920 dies

299 1959 637 2030 sepelietur:
687 1956 748 2026 (ἱ)
792 1957 1083 2011 confossus
1128 1956 1448 2026 projicietur
1484 1956 1623 2010 ultra
1667 1966 1879 2024 portam

299 2051 628 2106 Jerusalem.
661 2048 753 2103 20.
788 2047 1034 2102 Ascende
1066 2048 1120 2100 in
1158 2046 1448 2112 Libanum,
1484 2054 1539 2100 et
1569 2047 1780 2100 clama:
1829 2057 1883 2101 et

301 2145 358 2197 in
395 2142 572 2197 Basan
603 2141 670 2194 da
701 2155 886 2195 vocem
923 2149 1094 2203 tuam,
1123 2148 1178 2192 et
1217 2139 1461 2192 exclama
1513 2148 1661 2193 trans
1693 2153 1878 2205 mare;

301 2236 433 2304 quin
464 2232 685 2288 contriti
726 2239 855 2287 sunt
900 2247 1092 2285 omnes
1133 2239 1407 2286 amatores
1443 2231 1543 2284 tui.
1575 2231 1668 2284 21.
1706 2230 1884 2284 Locu-

302 2333 397 2377 tus
433 2337 554 2377 sum
601 2320 666 2374 ad
710 2331 760 2374 te
789 2320 841 2374 in
876 2319 948 2388 tk)
984 2319 1228 2390 lapsibus
1259 2320 1386 2384 tuis,
1425 2329 1480 2374 et
1508 2320 1730 2375 dixisti:
1760 2318 1879 2376 Non

302 2416 546 2470 audiam.
581 2413 707 2469 Haec
738 2415 824 2467 via
881 2422 970 2467 tua
1006 2413 1074 2466 ab
1101 2411 1467 2467 adolescentia
1513 2421 1628 2479 tua,
1662 2412 1724 2482 (ι)
1774 2428 1881 2467 non

303 2506 508 2562 audisti
537 2521 721 2559 vocem
749 2520 947 2558 meam.
976 2504 1066 2558 2'2.
1090 2503 1295 2559 Omnes
1338 2503 1434 2574 (m)
1467 2514 1716 2573 pastores
1758 2515 1883 2561 tuos

305 2607 497 2669 pascet
525 2606 722 2651 ventus
749 2615 760 2648 :
792 2605 848 2650 et
873 2605 1151 2652 amatores
1191 2598 1268 2650 tui
1295 2610 1357 2651 σι-
1387 2611 1578 2653 omnes
1608 2597 1631 2664 ζ
1665 2597 1717 2650 in
1753 2613 1884 2667 cap-

307 2692 576 2745 tivitatem
602 2688 676 2760 (n)
705 2689 933 2743 abibunt
960 2706 974 2741 :
1011 2688 1136 2758 quia
1173 2697 1304 2743 tunc
1329 2687 1640 2750 erubesces,
1666 2698 1722 2742 et
1754 2703 1887 2742 eon-

306 2781 570 2834 temneris
604 2777 672 2832 ab
705 2777 962 2832 omnibus
991 2777 1304 2831 amantibus
1327 2787 1397 2831 te.
1450 2777 1539 2831 25.
1575 2775 1708 2842 Qum
1738 2777 1888 2832 habi-

304 2877 394 2922 tas
429 2868 481 2920 in
535 2865 762 2932 Libano,
796 2880 918 2934 quae
967 2865 1218 2920 nidificas
1263 2865 1317 2919 in
1339 2865 1542 2930 cedris,
1593 2868 1660 2936 Ἀ(
1695 2867 1822 2936 quid
1857 2866 1880 2934 ζ

290 2959 664 3030 'ingemisces,
703 2974 826 3012 eum
875 2957 1123 3011 venerint
1161 2956 1255 3011 tibi
1291 2956 1364 3027 (ο)
1399 2957 1633 3021 dolores,
1666 2958 1887 3013 dolores

305 3060 368 3105 ut
399 3048 790 3119 parientis.2l.
819 3047 954 3100 Vivo
983 3063 1106 3116 ego,
1121 3047 1255 3101 dicit
1287 3045 1584 3102 Dominus:
1610 3049 1654 3103 si
1681 3050 1748 3116 Χ
1775 3046 1889 3102 l‘ac-

307 3151 400 3196 tus
427 3143 449 3210 :
475 3137 912 3194 fueritJechonia
944 3139 1087 3193 lilius
1110 3135 1318 3192 Joaeim
1344 3154 1438 3193 rex
1472 3137 1624 3194 Iuda:
1653 3139 1887 3194 annulus

305 3188 476 3302 super
497 3247 658 3284 manu
680 3230 870 3285 dextra
895 3231 1113 3298 παῖδας
1135 3229 1262 3298 quia
1289 3229 1455 3298 :inde
1469 3231 1692 3286 evellam
1714 3229 1884 3295 te;25.
1915 3188 1961 3250 ο

304 3337 363 3379 et
402 3325 613 3379 tradam
653 3332 704 3378 te
729 3324 782 3377 in
815 3339 1010 3378 manus
1032 3324 1394 3393 quaerentium
1428 3324 1666 3378 animam
1714 3322 1886 3389 tua'm,

310 3421 381 3485 ζει(
415 3417 546 3469 etin
577 3430 774 3468 manus
806 3416 828 3484 ζ
865 3429 1077 3477 eorum,
1115 3429 1352 3483 quorum
1376 3414 1660 3469 erubescis
1695 3430 1724 3469 a
1754 3414 1891 3470 facie

304 3524 541 3562 eorum:
586 3509 725 3576 )(et
773 3508 826 3558 in
876 3520 1098 3558 manum
1143 3504 1703 3560 Nahuchodonosoris
1749 3506 1890 3577 regis

308 3599 623 3671 Babylonis.
657 3607 712 3654 et
744 3599 764 3668 ζ
804 3598 856 3650 in
893 3613 1086 3651 manus
1119 3597 1536 3652 Chaldaeorum:
1562 3597 1651 3652 26.
1683 3608 1736 3653 et
1764 3613 1892 3668 pro-

304 3692 501 3760 jiciam
581 3702 671 3753 te,
725 3700 780 3743 et
831 3698 1060 3742 tnatrrm
1119 3697 1313 3752 tuam,
1360 3705 1482 3758 quae
1545 3691 1752 3760 peperit
1805 3699 1888 3754 te,

308 3785 365 3837 in
428 3792 627 3838 terram
678 3784 743 3850 χ(
800 3781 1088 3848 alienam:
1147 3779 1238 3834 ubi
1297 3795 1403 3834 non
1469 3791 1628 3835 natus
1674 3797 1733 3836 es
1781 3781 1888 3835 ibi:

306 3882 366 3929 et
433 3875 506 3928 ibi
559 3873 915 3928 moriemini:
973 3872 1064 3926 27.
1136 3871 1190 3926 in
1247 3880 1446 3926 terram
1501 3887 1630 3925 vero
1667 3911 1681 3936 ,
1727 3888 1889 3940 quam

309 3965 415 4034 ipsi
494 3964 569 4035 ip)
632 3970 922 4032 precantur
990 3961 1281 4017 animabus
1343 3961 1459 4015 suis
1533 3963 1598 4027 Χ
1658 3960 1722 4013 ad
1803 3975 1893 4014 re--

318 4057 640 4109 vertendum
703 4054 725 4123 ζ
782 4053 957 4117 illuc,
1029 4052 1158 4106 illuc
1223 4067 1329 4105 non
1397 4060 1756 4105 revertentur.
1822 4049 1893 4103 28

314 4149 384 4213 >ξ<
423 4149 498 4214 (q)
548 4143 622 4200 Os
667 4145 984 4214 rcprobum,
1017 4159 1308 4197 excussum
1344 4141 1365 4209 ζ
1396 4158 1409 4193 :
1447 4150 1758 4195 COIIlCllIlUS
1810 4149 1895 4196 est

311 4236 400 4288 hic
426 4234 713 4296 Jechonia,
743 4242 802 4288 ut
833 4249 945 4290 vas.
974 4235 1119 4302 quod
1167 4249 1271 4287 non
1312 4235 1380 4301 >ε<
1409 4233 1535 4286 utile
1566 4240 1686 4284 est:
1723 4246 1894 4299 quare

307 4324 518 4378 eli‘usus
547 4333 631 4378 est
655 4324 789 4392 ipse,
824 4332 877 4376 ct
909 4337 1094 4376 semen
1119 4321 1240 4389 ejus
1275 4322 1326 4388 ξς
1359 4331 1412 4374 et
1440 4319 1893 4374 extulerunteum

311 4417 368 4468 in
399 4425 621 4475 terram,
658 4428 824 4482 quam
847 4429 953 4465 non
973 4413 1145 4466 novit.
1173 4412 1264 4467 29.
1303 4410 1494 4473 Terra,
1519 4420 1679 4470 terra.
1725 4420 1890 4472 terra,

1984 1960 2229 2022 veniunt,
2255 1959 2385 2012 dicit
2425 1957 2709 2017 Dominus,
2745 1965 2800 2011 et
2827 1957 3080 2010 excitabo
3112 1955 3300 2010 Davidi
3336 1957 3406 2026 (κ)
3445 1972 3569 2026 ger-

1983 2066 2105 2105 men
2131 2050 2371 2119 justum:
2411 2055 2462 2100 et
2493 2047 2739 2116 regnabit
2766 2061 2884 2112 rex,
2913 2054 2967 2100 et
2997 2046 3274 2116 intelliget,
3300 2057 3349 2101 et
3404 2047 3568 2102 faciet

1980 2139 2271 2209 judicium,
2328 2146 2380 2191 et
2419 2137 2689 2207 justitiam
2727 2152 2893 2206 super
2927 2145 3092 2191 terra.
3156 2136 3210 2190 6.
3259 2135 3316 2190 lu
3372 2138 3566 2192 diebus

1983 2231 2104 2298 ejus
2131 2230 2432 2284 salvabitur
2460 2228 2626 2292 Juda,
2662 2237 2715 2282 et
2745 2227 2908 2284 Israel
2959 2228 3227 2283 habitabit
3256 2228 3565 2285 conﬁdens.

1988 2319 2051 2373 Et
2082 2320 2187 2374 hoc
2211 2335 2409 2374 nomen
2442 2319 2584 2388 ejus,
2614 2319 2757 2388 quod
2788 2319 3007 2374 vocabit
3035 2334 3159 2374 eum
3193 2319 3456 2375 Dominus
3487 2320 3564 2391 (a)

1981 2407 2232 2464 Josedcc.
2272 2409 2347 2479 (ὁ)
2379 2423 2440 2464 νε-
2493 2409 2551 2462 In
2585 2409 2866 2479 prophetis
2902 2411 2949 2480 ζ.
2989 2409 3039 2464 7.
3094 2413 3158 2480 βε(
3203 2410 3432 2480 Propter
3463 2412 3568 2466 hoc

1984 2516 2115 2555 ecce
2176 2501 2316 2564 dies,
2348 2501 2480 2556 dicit
2509 2500 2794 2563 Dominus,
2836 2511 2892 2555 et
2937 2517 3044 2554 non
3097 2503 3276 2557 dicent
3308 2503 3564 2572 amplius,

1987 2591 2132 2646 Vivit
2162 2592 2447 2656 Dominus,
2476 2593 2568 2662 qui
2597 2592 2784 2647 eduxit
2813 2592 3037 2647 domum
3069 2591 3281 2650 lsraelis
3324 2612 3388 2649 ex
3419 2605 3566 2650 terra

1987 2684 2242 2756 Egypti;
2276 2685 2331 2740 8.
2366 2685 2462 2741 sed
2511 2685 2644 2740 vivit
2699 2685 2985 2753 Dominus,
3012 2689 3105 2758 qui
3148 2689 3355 2753 eduxit,
3408 2687 3478 2761 (c)
3511 2704 3568 2749 et

1987 2777 2378 2848 congregavit:
2411 2792 2469 2832 σι-
2507 2793 2670 2833 omne
2705 2779 2729 2849 ζ
2764 2781 2832 2846 )t(
2858 2795 3041 2834 semen
3074 2779 3152 2852 (ά)
3177 2781 3374 2838 domus
3398 2783 3568 2839 Israe-

1987 2868 2055 2922 lis
2092 2883 2155 2922 ex
2193 2875 2334 2923 terra
2387 2868 2686 2938 aquilonis,
2720 2878 2775 2924 et
2825 2884 2891 2923 ex
2938 2870 3192 2925 onmibus
3227 2872 3564 2941 regionibus,

1987 2974 2096 3029 quo
2147 2959 2428 3028 expulerat
2455 2973 2548 3014 eos
2599 2958 2747 3022 illuc,
2776 2958 2846 3029 (ε)
2877 2965 2931 3013 et
2963 2960 3201 3015 restituit
3241 2976 3335 3015 eos
3362 2963 3414 3016 in
3456 2971 3567 3018 ter-

1989 3065 2106 3104 ram
2144 3064 2355 3104 eorum.
2387 3049 2454 3120 (Γ)
2493 3049 2668 3120 Super
2699 3050 2978 3120 prophetis
3007 3052 3029 3120 ζ
3065 3051 3118 3106 9.
3156 3054 3450 3108 contritum
3481 3063 3569 3110 est

1991 3155 2085 3195 cor
2116 3156 2296 3195 meum
2323 3142 2376 3195 in
2409 3157 2528 3196 me:
2561 3151 2832 3197 commota
2874 3151 3002 3198 sunt
3027 3145 3210 3200 omnia
3241 3161 3368 3201 ossa
3408 3163 3562 3202 mea:

1991 3231 2168 3288 factus
2220 3248 2342 3287 sum
2390 3233 2532 3290 sicut
2577 3235 2660 3288 vir
2701 3234 2993 3299 contritus,
3049 3245 3099 3291 et
3131 3237 3376 3307 (g)_sicut
3407 3241 3566 3293 homo

1991 3329 2183 3390 captus
2239 3337 2269 3375 a
2306 3321 2432 3376 vino
2475 3323 2544 3377 ab
2575 3333 2700 3378 ante
2741 3323 2932 3379 faciem
2965 3324 3200 3390 Domini,
3234 3336 3287 3381 et
3326 3329 3394 3380 ab
3442 3339 3569 3384 ante

1993 3411 2188 3482 laciem
2223 3411 2300 3480 (Ιι)
2327 3413 2539 3481 pulchri
2561 3413 2774 3482 decoris
2801 3415 2990 3485 gioriae
3014 3417 3168 3486 ejus:
3200 3416 3287 3470 10.
3319 3419 3387 3485 Χ
3420 3422 3567 3487 quod

1991 3501 2251 3556 adulteris
2278 3502 2497 3571 impleta
2536 3512 2619 3558 est
2645 3512 2789 3560 terra
2825 3506 2848 3573 ζ
2879 3525 2894 3573 ;
2926 3508 3055 3576 quia
3109 3509 3178 3563 ab
3222 3521 3347 3565 ante
3371 3509 3567 3566 faciem

1991 3595 2052 3664 (ὁ)
2076 3594 2510 3664 juramentorum
2542 3596 2681 3651 luxit
2711 3606 2874 3661 terra,
2901 3611 3229 3656 exaruerunt
3263 3601 3334 3673 υτ)
3367 3618 3568 3673 pascua

1991 3686 2191 3742 deserti
2217 3705 2230 3741 :
2261 3697 2314 3742 et
2335 3686 2508 3744 factus
2531 3696 2614 3742 est
2645 3704 2841 3744 cursus
2870 3705 3060 3745 eorum
3097 3693 3295 3755 malus,
3323 3703 3378 3748 et
3407 3692 3570 3748 forti-

1994 3778 2126 3831 tudo
2153 3794 2341 3833 eorum
2382 3795 2488 3834 non
2523 3779 2622 3834 sic.
2657 3780 2745 3834 11.
2776 3780 2913 3848 Quia
2939 3783 3204 3851 propheta
3233 3795 3286 3839 et
3310 3785 3566 3839 sacerdos

1995 3868 2058 3938 (ι)
2089 3869 2277 3938 polluti
2303 3879 2449 3935 sunt,
2481 3880 2535 3925 et
2568 3871 2622 3925 in
2662 3871 2826 3928 domo
2852 3888 2969 3927 mea
3001 3874 3093 3944 (ιη)
3130 3875 3306 3929 inveni
3335 3875 3568 3933 maliias

1995 3972 2208 4020 eorum,
2243 3961 2312 4026 Χ
2339 3958 2471 4013 dicit
2493 3958 2755 4015 Dominus
2781 3963 2828 4030 ζ.
2866 3961 2953 4015 12.
2989 3962 3213 4032 Propter
3243 3964 3345 4018 hoc
3374 3968 3444 4018 sit
3478 3964 3568 4018 via

1995 4065 2183 4104 eorum
2206 4052 2288 4105 eis
2319 4051 2372 4104 in
2408 4052 2677 4106 lubricum
2707 4054 2759 4106 in
2789 4054 3041 4123 caligine,
3063 4063 3117 4109 et
3146 4055 3570 4124 supplantabun-

1996 4149 2104 4207 tur,
2128 4151 2182 4194 et
2210 4141 2405 4194 cadent
2429 4141 2482 4193 in
2517 4156 2579 4194 ea
2607 4159 2620 4194 :
2653 4142 2780 4210 quia
2812 4144 3077 4197 adducam
3107 4160 3269 4214 super
3301 4162 3396 4200 eos
3427 4148 3566 4201 mala

1995 4232 2050 4286 in
2082 4245 2228 4286 anno
2275 4231 2605 4287 visitationis
2655 4216 2867 4294 eorum,
2909 4234 3041 4287 dicit
3071 4233 3354 4290 Dominus.
3388 4237 3472 4290 15.
3504 4237 3570 4292 lit

1997 4323 2050 4376 in
2089 4322 2367 4393 prophetis
2398 4320 2661 4378 Samaria:
2686 4323 2797 4377 vidi
2836 4323 2914 4394 (η)
2941 4325 3279 4394 iniquitates,
3327 4327 3400 4398 (ο)
3435 4343 3569 4396 pro-

1996 4413 2291 4482 phetarunt
2326 4429 2420 4483 per
2444 4412 2592 4479 Baal,
2626 4423 2678 4467 ct
2721 4415 3054 4469 seduxerunt
3085 4417 3343 4486 populum
3386 4436 3566 4474 meum

314 4507 444 4560 audi
498 4506 719 4560 verbum
751 4504 982 4558 Domini.
1016 4504 1102 4557 50.
1139 4505 1208 4572 Ἀ(
1231 4501 1355 4558 ibeo
1389 4504 1520 4557 dicit
1552 4502 1812 4557 Dominus
1844 4505 1892 4574 ξε
1929 4521 1970 4575 D
2001 4503 2183 4558 Israel.
2219 4503 2306 4557 14.
2359 4502 2426 4557 Et
2459 4505 2513 4558 in
2542 4507 2822 4576 prophetis
2855 4504 3157 4562 Jerusalem
3199 4510 3305 4563 vidi
3332 4511 3408 4581 (p)
3440 4511 3570 4567 hor-

384 4732 454 4802 (ο)
495 4731 582 4795 Α.,
607 4739 662 4806 et
690 4732 780 4802 qui
812 4731 1045 4806 perfodit
1073 4734 1121 4806 ei
1157 4734 1444 4802 fenestras,
1471 4745 1524 4789 et
1556 4744 1752 4789 tectum
1789 4735 2034 4798 cedrum,
2062 4747 2118 4789 et
2151 4736 2307 4804 ungit
2351 4733 2621 4806 sinopide.
2667 4734 2803 4788 Num
2840 4737 3110 4804 regnabis,
3157 4739 3283 4806 quia
3337 4748 3389 4792 tu
3420 4740 3566 4794 litem

308 4818 498 4878 moves
525 4803 688 4856 cedro
715 4804 1027 4878 patris-tui“!
1075 4804 1264 4878 Nonne
1289 4811 1422 4878 edit,
1453 4817 1503 4878 et
1539 4808 1690 4878 bibit,
1720 4817 1774 4857 et
1798 4806 1922 4878 fecit
1947 4806 2250 4875 judicium“!
2323 4805 2400 4875 (ά)
2433 4803 2686 4878 ᾂηίιυίᾳ
2714 4803 2970 4878 γθοίᾎεῄἐιιι
3001 4803 3221 4861 cedrum
3258 4813 3426 4878 patris
3453 4813 3571 4866 tui?

309 4872 478 4950 Nunr
503 4888 612 4925 non
652 4877 780 4937 edit,
812 4875 1048 4950 et_bibj_t,
1083 4886 1135 4928 et
1165 4875 1290 4950 fecit
1319 4876 1628 4944 judicium?
1672 4879 1779 4950 _(e)_
1809 4877 1900 4950 Ay
1932 4872 2288 4950 tunc_bo_num
2319 4872 2414 4929 et:
2441 4872 2706 4950 judicavit
2729 4876 2988 4950 judicium
3020 4872 3274 4945 pauperis
3307 4889 3360 4934 et
3393 4882 3568 4950 egeni,

310 4953 443 4996 time
468 4944 668 5014 bonum
705 4954 820 4996 erat
847 4942 916 4997 ei.
970 4941 1052 5007 S.,
1091 4953 1218 4999 tunc
1248 4941 1446 4998 bonum
1478 4955 1596 4999 erat
1637 4945 1686 4999 ei
1710 4941 1733 4997 V:
1754 4941 2024 5014 judicavit
2061 4945 2330 5014 judicium
2364 4941 2616 5014 pauperis
2651 4955 2704 4999 et
2730 4941 2924 5014 egeni,
2964 4941 3093 5000 tunc
3125 4941 3323 5002 bonum
3357 4941 3567 5007 et'a'tei;

309 5014 377 5082 (1)
411 5014 497 5085 Α..
525 5011 613 5085 _S.,
659 5022 713 5065 et
749 5029 918 5085 super
964 5017 1394 5082 Oppressionen‘i,
1441 5026 1494 5068 et
1532 5031 1696 5085 super
1740 5011 1960 5069 cursum
2005 5011 2075 5069 ad
2109 5011 2437 5085 iaciendum.
2464 5011 2487 5085 ς
2515 5019 2567 5084 (g

309 5092 372 5137 δ.
387 5123 400 5141 .
432 5082 662 5135 inclusa.

306 5167 420 5206 non
470 5151 689 5205 audisti.
767 5152 860 5221 (ut)
893 5153 980 5216 Α.,
1015 5154 1098 5216 8.,

303 5225 522 5276 elevant
561 5222 799 5275 animam
845 5238 1024 5276 suam.

301 5434 561 5484 decorem
587 5439 796 5484 eorum.

305 5502 396 5566 8.,
451 5502 692 5569 justtliea
733 5517 851 5554 nos.
931 5501 1004 5571 (b)
1059 5502 1166 5556 Ille.

303 5585 457 5626 terra
508 5587 626 5623 sua.

299 5643 519 5694 vinum.
612 5641 684 5708 (li)
713 5641 800 5705 Α.,
845 5641 928 5703 8.,

301 5713 408 5781 (ιιι)
442 5708 582 5763 vnn.

301 5781 620 5838 mendacio.

979 5641 1287 5698 verborum.

741 5084 799 5154 (ig)
828 5081 1252 5155 S.,»ut’stercus,
1275 5101 1398 5138 cum
1429 5081 1621 5153 captus
1657 5095 1766 5155 est,
1805 5086 2134 5153 projieietur.
2209 5084 2280 5155 (Ir)
2311 5087 2401 5151 A.,
2451 5081 2551 5147 S.,'
2571 5081 2914 5139 abundantia
2947 5097 3058 5140 tua.
3100 5081 3132 5150 ’(

1139 5155 1319 5208 socios
1355 5165 1498 5208 tuos.
1577 5155 1654 5223 (η)
1691 5153 1952 5227 Exibunt.
2026 5156 2100 5225 (0)
2133 5153 2224 5219 A.,
2264 5153 2530 5225 parturies
2570 5155 2786 5227 dolores
2817 5158 2976 5227 _quasi
3012 5153 3290 5226 parientis.
3359 5153 3564 5227 (p)'.l..

1108 5226 1181 5294 (ιη
1219 5229 1308 5285 Α.,
1346 5241 1486 5295 nunt
1513 5225 1873 5293 colaphizatio
1909 5225 2184 5293 despecta,
2226 5226 2494 5295 dispersa,
2538 5226 2621 5279 vir
2674 5227 2761 5280 hic
2807 5225 3102 5281 .lechon’ia?
3163 5228 3230 5295 (r)
3265 5225 3568 5292 A.,"viruni

305 5294 432 5344 sine
458 5294 732 5362 progenie,
754 5307 859 5345 non
885 5293 1147 5367 prospere
1159 5305 1426 5367 agentem.
1452 5293 1533 5360 8.,
1565 5295 1780 5350 inanem
1807 5297 2001 5367 virum.
2031 5312 2136 5348 non
2172 5293 2428 5367 prospere
2465 5305 2732 5367 agentem.
2802 5297 2867 5367 (δ)
2909 5298 2970 5348 Et
2997 5293 3307 5351 seduxis'tis.

301 5366 473 5414 etiam
511 5377 612 5428 ego
653 5363 1308 5434 congregaboresiduum
1353 5367 1528 5434 gregis
1569 5367 1672 5418 mei
1716 5381 1784 5420 ex
1825 5365 2079 5420 omnibus
2112 5363 2293 5420 terris.

876 5431 1475 5505 (y)_$.,gdissenticitt._
1513 5435 1585 5503 (π)
1613 5437 1703 5500 Α.,
1742 5451 1960 5505 germen
2006 5437 2158 5504 justi.
2199 5434 2281 5497 8.,
2318 5431 2534 5505 germen
2564 5431 2792 5504 justum.
2864 5431 2934 5505 (⁷η)

1245 5506 1318 5574 (ε)
1366 5502 1425 5557 Et
1479 5502 1773 5559 aSCendere
1819 5504 1963 5558 fecit.

714 5571 780 5646 (ί)
829 5572 952 5646 ημ,
991 5573 1088 5646 ab._
1155 5571 1346 5643 (9)21},
1378 5575 1521 5646 sicut
1555 5577 1732 5635 l‘ortis,
1768 5589 1928 5646 quem
1958 5571 2253 5646 superavit
2291 5571 2496 5630 vinum.
2561 5575 2644 5636 8.,
2674 5571 2736 5628 et
2771 5571 2921 5646 sicut
2938 5577 3045 5646 gvir,
3093 5592 3252 5644 quem
3297 5571 3574 5646 superavit

1367 5645 1429 5713 (ἰ)
1471 5645 1561 5708 Α.,
1606 5644 2023 5699 maledictionis.
2053 5645 2278 5700 llurum.
2353 5646 2427 5715 (lc)

669 5709 745 5780 (η)
776 5712 863 5779 Α.,
908 5711 1290 5767 insulsitatem.
1327 5709 1419 5780 SL,’
1461 5715 1774 5769 stultitiam.
1854 5717 1928 5784 (a)
1967 5715 2049 5768 lli.

2571 5015 2589 5086 )
2624 5015 2810 5068 Virum
2849 5015 3012 5095 hunc.
3089 5018 3166 5139 (Il)
3202 5019 3290 5085 Α.,
3333 5020 3566 5075 laudata.

2583 5086 2914 5160 abundantia
2947 5097 3058 5160 tua.
3116 5091 3132 5160 (
3159 5090 3177 5157 )
3209 5089 3299 5153 Α.,
3328 5090 3413 5153 S.,
3441 5091 3567 5160 quia

3388 5302 3450 5366 (ι)
3479 5299 3567 5358 Α..

3267 5372 3347 5437 (.ι·)
3375 5368 3437 5420 Λ.
3451 5408 3463 5424 .
3503 5369 3571 5421 ad

2978 5438 3067 5502 Α.,
3118 5437 3324 5504 jttstitia
3364 5448 3568 5491 nostra.

2042 5507 2118 5572 td)
2174 5505 2383 5583 Reliqui
2428 5524 2441 5559 :
2484 5505 2643 5583 ﬁlios.
2721 5507 2920 5583 (e)_A.,
2969 5516 3024 5583 et
3053 5507 3361 5560 residebunt
3413 5523 3575 5583 super

2371 5366 2448 5436 (u)
2482 5366 2608 5419 Inde
2639 5382 2748 5435 quo
2781 5369 3011 5436 dispersi
3063 5383 3175 5420 eos.

2467 5647 2556 5705 Α..
2597 5645 2827 5714 decora.
2904 5643 2968 5714 (Ι)
3010 5646 3103 5711 Α.,
3137 5643 3570 5700 tnurtnururnnt.

2125 5718 2200 5785 (ρ)
2231 5716 2320 5781 Α.,
2364 5713 2669 5786 exemplar,
2709 5713 3057 5779 adulterium,
3099 5727 3150 5771 et
3206 5719 3466 5773 malitiam
3521 5720 3572 5772 in
