2078 3730
335 188 408 216 2539

919 186 1032 215 CODEX
1054 184 1389 213 SYRO-HEXXPIARIS.

1888 188 1947 214 23.10

336 241 437 277 ribilia,
454 242 646 275 adulterantes,
672 248 699 270 et
722 243 891 271 ambulantes
907 245 934 271 in
961 244 1120 274 mendaciis.
1138 244 1158 271 Α
1185 243 1325 276 proferunt
1348 242 1502 276 prophetias
1519 243 1626 277 lingumI
1653 248 1677 269 et
1693 242 1837 269 dormitant
1859 242 1947 268 ἀοι-ιιι·-

337 289 375 319 (ll)
389 291 416 314 et
430 287 590 322 adjuvantes
606 296 703 315 manus
719 289 814 321 malas,
839 295 868 317 ut
898 299 930 317 ne
947 294 1129 317 reverteretur

339 332 526 367 unusquisque
537 341 551 360 a
564 333 605 360 via
622 341 670 360 sua
684 334 764 361 mala.
778 334 851 362 Facti
864 341 928 362 sunt
942 336 1007 362 mihi
1022 343 1128 366 omnes,

339 382 367 403 ut
387 377 499 411 Sodom,
528 383 555 405 et
573 379 726 406 habitantes
754 380 779 406 in
800 388 841 412 ea,
867 386 897 408 ut
914 381 1058 408 Gomorra.
1085 381 1127 408 15.

339 423 450 458 Propter
463 425 515 452 hoc
539 425 594 452 lucc
610 426 676 452 dicit
700 426 831 453 Dominus
847 428 879 460 )K
903 428 1031 454 virtutum
1049 435 1130 461 super

338 470 483 503 prophetas
500 471 522 504 ξε
543 469 611 497 Ecce
627 478 678 505 ego
701 471 834 498 edendum
851 473 923 499 dabo
943 474 984 500 eis
1001 473 1035 507 (r)
1051 473 1129 499 dolo-

338 523 407 548 rem,
425 520 452 543 et
477 517 578 550 potaho
601 524 648 543 eos
664 524 733 551 aqua
751 518 785 551 (ε)
803 526 914 545 amara:
931 518 995 553 quia
1011 526 1043 544 ex
1059 525 1130 553 pro-

339 561 428 595 phetis
447 560 597 588 Jerusalem
622 569 730 596 egressa
758 567 801 590 est
822 564 854 598 (ι)
875 564 988 597 pollutio
1010 564 1037 590 in
1054 563 1129 591 otnni

339 611 421 633 terra.
437 605 479 632 l6.
495 606 540 633 Sic
555 606 619 634 dicit
631 607 762 635 Dominus
776 608 814 642 (ιι)
830 609 959 636 virtututn
972 618 978 635 :
992 608 1030 635 Ne
1041 609 1132 636 audia-

340 652 375 678 tis
388 653 467 678 vcrba
487 653 692 687 prophetarum,
708 654 756 688 qui
776 655 939 689 prophetant
955 655 1047 686 vobis,
1067 655 1130 689 quia

340 698 403 724 vani
420 700 453 731 Ξ(
465 698 542 725 vobis
560 698 634 732 :illi,
653 699 785 728 visionem
803 700 893 727 cordis
913 700 955 727 sui
968 700 1130 734 loquuntur,

339 749 430 771 etnon
447 751 478 771 ex
494 751 540 771 ore
556 744 663 772 Domini
678 745 739 772 :17.
757 745 872 772 dicendo
884 747 918 779 X
937 745 1032 772 dicunt
1051 745 1061 779 ζ
1085 745 1128 778 iis,

312 795 314 797 '
339 791 385 823 qui
411 790 546 824 repellunt
571 791 683 817 verbum
710 790 834 818 Domini:
851 791 906 818 Pax
928 792 980 818 erit
993 792 1087 819 vobis:
1104 797 1131 819 et

339 835 468 862 onmibus
485 835 690 864 ambulantibus
713 837 739 864 in
762 837 947 864 voluntatibus
969 838 1036 869 suis,
1056 837 1130 864 omni

339 880 489 907 ambulanti
506 881 533 908 in
549 888 642 908 errore
657 888 687 909 -ι-
703 883 814 916 cordis:
830 883 869 916 (λη)
882 890 976 909 eorum
987 883 1127 909 dixerunt:

338 925 398 952 Non
415 928 523 954 venient
536 934 618 961 super
639 933 663 954 te
683 929 762 954 mala.
780 928 822 954 '18.
839 928 973 961 Quoniam
993 929 1054 963 quis
1069 934 1125 956 ste-

340 971 370 998 tit
386 971 423 1005 (y)
440 972 467 998 in
482 972 658 998 subsistentia
678 972 795 1003 Domini,
811 974 844 1006 ῖςι(
863 978 888 999 et
903 974 969 1000 vidit
986 974 1010 1006 ζ,
1032 979 1056 999 et
1079 982 1127 1000 au-

338 1016 407 1043 divit
426 1024 581 1043 sermonem
611 1017 689 1051 ejus?
707 1018 768 1051 quis
794 1019 959 1046 auscultavit
987 1021 1020 1052 >;<
1047 1020 1126 1046 verba

339 1063 376 1097 (ι)
394 1070 452 1089 mea
469 1063 491 1097 ζ,
505 1067 531 1089 ct
544 1063 663 1090 audivit?
683 1064 723 1090 l9.
743 1063 809 1091 Ecce
825 1063 862 1099 (α)
876 1066 1024 1092 commotio
1039 1073 1053 1092 a
1077 1065 1128 1092 Do-

338 1108 424 1140 mino,
442 1113 469 1136 et
485 1108 520 1143 (lt)
537 1108 576 1136 ira
591 1109 753 1144 egredietur,
771 1118 831 1144 qua:
844 1110 870 1137 in
892 1111 998 1138 turbine
1013 1112 1129 1138 cireum-

339 1154 398 1181 iens
413 1161 495 1189 super
513 1154 612 1189 impios
627 1155 727 1187 veniet,
751 1155 796 1182 εἰ).
814 1164 866 1182 non
887 1162 1036 1183 revertetur
1056 1157 1130 1183 furor

339 1199 458 1233 Domini,
477 1199 564 1227 donec
576 1200 670 1227 fecerit
682 1200 759 1231 illud.
779 1205 805 1227 ιι
819 1201 906 1229 donec
919 1203 1044 1229 statuerit
1059 1203 1126 1229 illud

339 1245 375 1279 (ε)
386 1245 420 1272 ab
428 1246 644 1281 apprehensione
658 1246 748 1273 cordis
761 1247 815 1273 sui.
830 1248 858 1273 ιιι
871 1248 924 1274 line
936 1247 1041 1275 dierum
1053 1249 1130 1275 intel-

339 1291 421 1325 ligent
435 1299 467 1318 ea
485 1292 511 1318 in
530 1292 569 1319 eis
584 1292 617 1325 ><
635 1292 660 1318 in
676 1292 852 1325 intelligentia
871 1293 881 1326 ζ
897 1293 942 1320 2|.
960 1292 1018 1320 Non
1039 1294 1129 1320 mitte-

340 1336 406 1363 bam‘
416 1337 571 1371 prophetas,
588 1341 615 1364 et
630 1337 668 1364 illi
687 1338 835 1365 currebant
849 1347 854 1364 ε
878 1346 931 1365 ιιοιι
952 1339 1058 1366 locuttts
1070 1348 1129 1366 smn

339 1382 372 1409 ad
390 1390 447 1414 eos,
464 1386 492 1409 et
507 1383 545 1409 illi
564 1383 771 1417 prophetabant.
790 1383 836 1410 9.2.
850 1383 882 1410 Et
897 1385 918 1411 si
940 1384 1078 1411 stetissent
1091 1386 1130 1419 (d)

340 1425 368 1452 in
389 1425 564 1453 subsistentia
582 1433 652 1459 mea,
667 1433 694 1453 et
711 1427 805 1454 audire
821 1426 950 1454 fecissent
972 1428 1053 1455 verba
1071 1436 1130 1455 mea

340 1470 471 1505 populum
486 1479 588 1504 meum,
603 1475 630 1498 et
653 1472 819 1499 avertissent
834 1480 881 1499 eos
896 1473 929 1506 Χ
941 1480 956 1500 a
979 1473 1020 1500 via
1035 1481 1130 1501 eorum

340 1516 423 1549 mala,
446 1516 527 1544 etiam
544 1517 555 1551 ζ
571 1525 586 1544 a
605 1517 701 1545 studiis
725 1518 804 1545 malis
821 1526 926 1546 eorum.
943 1519 987 1546 25.
1005 1519 1040 1555 (e)
1059 1520 1131 1547 Deus

1181 294 1282 316 tionem
1300 298 1388 316 suam.
1404 289 1448 315 52.
1474 288 1542 314 E-tec
1561 297 1610 322 ego
1632 289 1665 314 ad
1690 289 1846 323 prophetas,
1867 295 1894 315 -ι-
1908 289 1946 322 qni

1182 336 1344 368 prophetam
1362 334 1373 368 ζ
1391 334 1496 361 somnia
1520 334 1599 364 falsa,
1615 336 1648 367 με
1662 334 1728 360 dicit
1755 333 1882 360 Dominus
1895 334 1947 367 :,et

1183 386 1294 407 nar-ant
1306 390 1348 412 ea,
1361 386 1388 408 et
1401 381 1568 407 seduxerunt
1585 380 1714 414 populum
1733 388 1822 406 metuu
1846 380 1869 406 in
1884 387 1948 406 men-

1180 426 1266 454 daciis
1290 427 1358 457 suis.
1385 431 1411 453 et
1442 426 1477 461 (k)
1492 427 1517 452 in
1531 426 1670 452 erroribus
1690 425 1757 456 suis,
1783 430 1811 452 et
1837 432 1884 458 ego
1903 433 1947 451 non

1181 474 1242 500 misi
1260 480 1318 502 eos,
1339 480 1388 499 nec
1404 473 1516 507 praecepi
1541 472 1591 500 eis.
1608 476 1636 498 et
1650 471 1793 498 utilitatem
1819 471 1949 497 adferendo

1181 526 1235 545 non
1250 518 1394 545 utilitatem
1410 518 1534 544 adferent
1551 517 1651 552 popqu
1672 517 1780 551 huic,3t(
1794 517 1860 544 dicit
1873 516 1951 543 Domi-

1180 571 1233 590 nus
1244 564 1267 597 ζ.
1283 564 1328 590 55.
1352 563 1384 590 Ει
1405 564 1427 590 si
1441 564 1647 596 inter-rogaverit
1669 568 1695 590 te
1719 564 1835 598 populus
1855 563 1903 593 hic,
1917 564 1951 589 vel

1181 609 1324 643 propheta,
1341 608 1382 635 vel
1406 608 1546 640 sacerdos,
1563 608 1676 635 dicens:
1694 607 1763 641 Quid
1778 607 1810 642 (Ι)
1823 615 1890 635 οιιιις
1909 608 1953 633 Do-

1181 654 1247 680 mini
1258 654 1270 679 ?
1281 659 1308 679 et
1321 653 1394 680 dices
1404 654 1462 680 eis:
1474 653 1529 680 Vos
1543 654 1609 681 estis
1619 661 1700 685 onus,
1713 653 1760 688 (in)
1775 658 1802 680 et
1812 653 1954 679 dilacerabo

1181 707 1241 730 vos,
1254 699 1319 726 dicit
1332 699 1475 726 Dominus.
1489 699 1533 726 54.
1549 699 1581 725 Ει
1595 700 1735 734 propheta,
1749 703 1776 726 ct
1789 698 1923 729 sacerdos.
1932 703 1955 724 et

1181 745 1312 780 populus.
1335 745 1502 779 quicumque
1526 745 1662 772 dixerint:
1690 745 1765 771 Onus
1788 744 1909 771 Domini:
1931 748 1956 770 et

1181 791 1301 818 ulciscar
1317 792 1348 825 Χ
1366 798 1447 825 super
1465 791 1476 825 ζ
1500 791 1636 816 hominem
1659 789 1743 822 illum,
1763 791 1796 822 >‹<
1812 793 1839 815 et
1851 796 1928 822 super
1943 788 1953 821 ζ

1182 834 1296 861 domum
1312 835 1383 869 ejus.
1405 833 1534 867 55,-Qtlia
1553 834 1595 861 sic
1620 834 1716 861 dicetis
1730 834 1914 868 unusquisque
1927 833 1956 859 ad

1181 881 1336 915 proximum
1352 889 1443 913 suum,
1460 885 1486 907 et
1498 879 1684 914 unusquisque
1698 879 1729 905 ad
1743 879 1853 906 fratrem
1866 886 1955 906 Suum:

1183 926 1248 960 quid
1259 926 1400 960 respondit
1409 925 1579 955 Dominus.et
1588 924 1652 959 quid
1663 924 1768 951 locutus
1775 929 1817 950 est
1824 923 1958 951 Dominus?

1178 972 1223 999 36.
1235 971 1266 998 Et
1277 979 1346 998 onus
1354 971 1458 998 Domini
1470 979 1504 997 ne
1515 971 1661 997 nontinetis
1673 969 1802 1004 amplius;
1817 970 1880 1004 quia
1893 977 1957 996 onus

1179 1017 1285 1044 Domini
1300 1017 1351 1045 erit
1365 1017 1465 1044 homini
1478 1025 1569 1044 sermo
1582 1017 1614 1050 Χ
1627 1016 1686 1049 eius
1702 1016 1725 1050 ζ.
1739 1014 1772 1041 Et
1786 1015 1958 1049 pet-turbastis

1181 1064 1214 1095 )s{
1228 1063 1309 1089 verba
1324 1062 1369 1089 Dei
1383 1062 1510 1094 viventis,
1529 1062 1635 1088 Domini
1650 1062 1791 1092 virtutum,
1805 1060 1850 1088 Dei
1864 1061 1957 1088 nostri.

1179 1109 1223 1135 57.
1239 1108 1284 1135 Sic
1298 1108 1394 1135 dicetis
1416 1108 1449 1135 ad
1474 1108 1650 1142 prophetam:
1665 1106 1735 1140 Quid
1764 1107 1901 1141 respondit
1914 1106 1957 1132 tihi

1180 1153 1323 1185 Dominus,
1345 1158 1372 1181 et
1387 1153 1451 1188 quid
1470 1154 1577 1181 loeutus
1593 1159 1634 1179 est
1655 1152 1805 1179 Dominus?
1817 1151 1860 1179 58.
1878 1152 1914 1185 (η)
1930 1151 1960 1178 F.t

1179 1201 1201 1227 si
1219 1208 1289 1227 ontts
1305 1201 1410 1227 Domini
1425 1200 1549 1227 dixeritis
1571 1201 1601 1234 ξς
1618 1204 1727 1233 propter
1754 1199 1808 1226 hoc
1825 1198 1880 1225 haec
1899 1199 1960 1224 dicit

1182 1246 1330 1273 Dominus:
1350 1246 1402 1272 Pro
1422 1253 1455 1273 eo
1479 1245 1551 1280 quod
1576 1245 1684 1272 dixistis
1706 1251 1859 1271 sermonem
1882 1243 1961 1273 hunc,

1180 1300 1250 1319 onus
1267 1292 1385 1323 Domini,
1401 1297 1428 1319 et
1441 1292 1501 1319 misi
1516 1291 1549 1318 ad
1570 1299 1628 1321 vos,
1645 1291 1752 1317 dicens:
1779 1288 1839 1316 Non
1860 1289 1962 1318 dicetis.

1181 1346 1250 1365 onus
1267 1338 1383 1364 Domini.
1411 1337 1456 1364 59.
1480 1337 1592 1370 Propter
1615 1336 1666 1363 hoc
1683 1343 1747 1362 ecce
1764 1343 1815 1370 ego
1834 1342 1912 1362 sumo
1932 1335 1963 1368 χ

1181 1391 1231 1410 vos
1244 1391 1329 1410 onere
1344 1383 1369 1416 ζ,
1392 1387 1419 1409 et
1445 1382 1601 1409 dilaecrabo
1624 1389 1680 1413 vos,
1706 1385 1733 1407 et
1757 1380 1865 1412 urbem,
1886 1387 1963 1413 quant

1181 1429 1241 1455 dedi
1261 1430 1348 1459 vobis,
1368 1433 1394 1455 et
1415 1429 1537 1462 patribus
1562 1427 1670 1458 vestris,
1692 1428 1725 1460 Χ
1740 1433 1755 1453 a
1780 1426 1848 1453 facie
1870 1433 1929 1452 mea
1942 1426 1964 1459 ζ.

1182 1474 1227 1501 ΔΟ.
1245 1474 1278 1501 Ει
1297 1475 1368 1501 dabo
1384 1481 1466 1508 super
1485 1481 1535 1500 vos
1557 1472 1733 1506 opprobrium
1758 1471 1966 1505 sempiternum.

1182 1525 1210 1548 et
1234 1520 1410 1555 ignominiam
1437 1519 1649 1554 sempiternam,
1674 1525 1735 1553 qua:
1755 1525 1809 1544 non
1836 1517 1966 1545 oblivioni

340 1562 510 1597 propinquus
538 1571 599 1598 ego,
624 1563 691 1590 dicit
716 1563 858 1596 Dominus,
876 1569 903 1591 et
924 1573 977 1592 non
1003 1565 1074 1593 Deus
1096 1566 1129 1593 de
1146 1577 1166 1604 ρ
1185 1567 1318 1593 tradetur.

340 1609 431 1643 longe.
444 1609 489 1637 24.
507 1608 536 1637 Si
559 1618 587 1637 se
608 1610 689 1637 abdat
706 1610 767 1645 quis
783 1611 809 1637 in
826 1611 936 1642 abditis.
956 1617 982 1639 et
1004 1620 1055 1647 ego
1077 1620 1131 1640 non

310 1664 312 1666 τ
341 1654 437 1681 videbo
448 1661 510 1681 eum
522 1654 576 1687 2x
592 1654 656 1681 dicit
671 1654 802 1681 Dominus
818 1656 843 1690 ξι
862 1656 992 1690 numquid
1008 1664 1060 1683 non
1076 1665 1131 1684 cur

341 1698 397 1725 lum
409 1703 436 1726 et
447 1703 546 1726 terram
566 1707 616 1734 ego
632 1700 743 1734 impleo.
760 1699 826 1726 dicit
846 1700 1002 1728 Dominus?
1019 1702 1063 1728 25.
1078 1702 1132 1729 Au-

341 1744 408 1776 divi,
420 1752 480 1779 quaa
496 1745 646 1779 loquuntur
660 1746 807 1780 propheta,
824 1753 885 1780 quae
910 1747 1070 1781 prophetaut
1084 1755 1131 1774 su-

342 1797 390 1824 per
403 1791 513 1818 nomine
531 1798 602 1823 meo,
619 1791 760 1818 mendacia
781 1792 921 1819 dicentes:
936 1792 970 1827 (f)
997 1793 1130 1819 somniavi

342 1836 490 1864 somnium.
499 1836 543 1864 ‘26.
556 1835 702 1871 Usquequo
714 1841 795 1864 erunt
807 1837 833 1863 in
846 1837 928 1863 corde
938 1839 1130 1872 prophetarum

342 1881 561 1916 prophetantium
574 1882 652 1914 falsa,
667 1888 695 1909 et
715 1882 778 1909 dum
800 1883 964 1916 prophetam
979 1883 1131 1911 voluntates

343 1927 434 1955 cordis
456 1928 509 1958 sui,
521 1927 567 1955 27.
580 1928 770 1962 cogitantium,
789 1933 819 1955 ut
841 1929 1018 1956 obliviscatur
1030 1930 1063 1964 >κ
1083 1937 1131 1964 po-

343 1974 424 2009 pulus
439 1980 515 2000 meus
532 1974 543 2007 ζ
562 1973 600 2008 (g)
616 1973 683 2008 legis
700 1981 766 2001 mea:
783 1974 810 2001 in
824 1974 937 2002 somniis
951 1982 1057 2006 eorum,
1072 1983 1131 2009 qua:

344 2023 489 2046 narrarunt
504 2019 694 2054 unusquisque
712 2020 839 2052 proximo
858 2028 919 2053 suo,
937 2025 966 2048 ut
979 2021 1055 2048 obliti
1068 2026 1132 2048 sunt

343 2070 436 2100 patres
447 2072 542 2092 eorum
569 2065 688 2093 nominis
701 2067 753 2093 mei
772 2066 799 2093 in
823 2066 905 2093 Βελιῖ
925 2066 971 2094 28.
985 2066 1129 2101 Propheta,

343 2111 371 2137 in
387 2118 442 2146 quo
457 2115 499 2138 est
515 2110 663 2142 somnium,
675 2116 768 2138 narret
784 2112 922 2139 somnium
936 2119 1029 2143 suum,
1045 2117 1071 2139 et
1084 2113 1131 2146 qui

342 2164 434 2183 sermo
459 2164 537 2184 meus
563 2156 596 2183 ad
612 2164 688 2189 ettm,
706 2161 798 2184 narret
812 2164 966 2184 sermonem
985 2165 1074 2184 meum
1103 2159 1130 2185 ill

342 2203 466 2230 veritate.
485 2202 554 2235 Quid
569 2202 644 2237 palea
664 2203 697 2230 ad
716 2202 896 2237 triticum?)a(
915 2203 982 2230 dicit
998 2203 1130 2231 Dominus

1217 1612 1283 1646 Cap.
1299 1610 1391 1638 XXIV.
1401 1611 1466 1637 -Ι,
1481 1610 1604 1638 Ostendit
1618 1609 1684 1636 mihi
1699 1608 1832 1636 Dominus
1847 1609 1918 1636 duos
1932 1609 1968 1643 (ιι)

1183 1657 1305 1684 calathos
1330 1657 1440 1688 ﬁcuum,
1459 1657 1564 1690 positos
1575 1661 1637 1683 ante
1653 1655 1749 1682 faciem
1763 1656 1856 1689 templi
1879 1655 1969 1681 Domi-

1184 1704 1223 1735 ni,
1238 1708 1382 1739 postquam
1394 1703 1532 1729 transtulit
1551 1702 1802 1729 NabuchodonOsor
1817 1709 1865 1728 rex
1884 1701 1970 1736 Baby-

1183 1750 1255 1777 lonis
1276 1748 1434 1776 Jrchoniam
1466 1749 1550 1775 lilium
1573 1747 1677 1775 Juaeim
1710 1755 1800 1781 regem
1831 1746 1920 1779 Judae,
1945 1752 1971 1774 et

1184 1796 1322 1830 principes
1349 1796 1382 1829 >4<
1411 1794 1489 1821 Iuda:
1507 1795 1531 1828 ζ,
1553 1794 1590 1829 (ρ)
1616 1799 1643 1821 et
1664 1794 1792 1826 artiﬁces,
1813 1798 1841 1820 et
1866 1793 1971 1819 vinctus

1182 1841 1358 1868 ctdivitesex
1380 1840 1542 1871 Jerusalem,
1556 1844 1583 1867 et
1597 1839 1709 1866 adduxit
1731 1847 1778 1866 eos
1803 1839 1831 1866 in
1857 1840 1971 1874 Babylo-

1183 1894 1254 1913 neut.
1268 1886 1295 1912 2.
1308 1885 1440 1913 Calathus
1456 1893 1527 1912 unus
1538 1885 1639 1912 ticumn
1654 1885 1819 1920 elegantium
1835 1886 1926 1915 valde,
1943 1890 1971 1912 ut

1182 1933 1251 1959 iieus
1271 1939 1421 1966 przecoees:
1439 1935 1466 1958 ct
1481 1931 1604 1958 calathus
1620 1931 1687 1958 alter
1711 1931 1810 1957 ticunm
1836 1932 1971 1958 malarum

1181 1978 1269 2009 valde,
1283 1985 1343 2012 quze
1359 1985 1411 2004 non
1427 1979 1603 2004 comedentur
1616 1983 1670 2010 prae
1687 1976 1791 2002 malitia
1806 1984 1867 2003 sua.
1890 1977 1918 2002 5.
1943 1975 1974 2002 Et

1182 2023 1250 2049 dixit
1265 2023 1395 2050 Dominus
1407 2023 1439 2049 ad
1457 2030 1517 2049 me:
1531 2021 1602 2055 Quid
1622 2027 1650 2049 tu
1674 2022 1760 2052 vides.
1784 2021 1927 2048 Ieremia?
1944 2022 1975 2048 Et

1181 2068 1250 2095 dixi.
1265 2067 1355 2100 Ficus,
1370 2068 1403 2101 ᾖ(
1415 2067 1481 2094 ﬁcus
1499 2066 1509 2099 ζ
1527 2067 1663 2100 elegantes
1673 2066 1761 2098 valde,
1782 2067 1817 2100 Χ
1832 2070 1860 2092 et
1874 2066 1947 2093 licus
1963 2067 1973 2099 ζ

1182 2114 1280 2145 malas,
1295 2121 1357 2147 qua
1378 2113 1455 2139 mala:
1469 2117 1534 2139 sunt
1547 2112 1635 2144 valde,
1648 2119 1709 2146 quae
1722 2119 1775 2138 non
1792 2112 1976 2138 comedentur

1182 2167 1235 2194 pra:
1253 2159 1354 2185 malitia
1372 2166 1430 2185 sua.
1443 2158 1470 2184 4.
1495 2156 1527 2184 Ει
1542 2156 1647 2184 factum
1663 2162 1705 2184 est
1729 2157 1842 2183 verbum
1862 2156 1976 2183 Domini

1182 2206 1215 2232 ad
1232 2213 1287 2235 nte,
1299 2204 1412 2231 dicens:
1431 2203 1457 2231 5.
1475 2202 1537 2230 lltec
1551 2203 1619 2230 dicit
1636 2202 1767 2230 Dominus
1787 2201 1858 2228 Deus
1884 2201 1977 2229 Israc-

346 2247 370 2281 ζ.
381 2248 426 2276 29.
436 2247 530 2275 Nonne
546 2255 610 2276 ecce
625 2248 706 2275 verba
722 2256 792 2281 mea,
808 2253 838 2275 ut
851 2249 931 2283 ignis,
952 2248 1019 2277 dicit
1036 2250 1129 2277 Domi-
1147 2244 1169 2271 Ῑ)
1184 2252 1230 2278 lis:
1247 2249 1282 2278 Ut
1293 2250 1360 2277 licus
1373 2250 1415 2277 ba:
1426 2250 1573 2284 elegantes,
1586 2250 1622 2276 ita
1640 2256 1834 2283 recognoscam
1851 2255 1917 2278 eos,
1930 2247 1977 2281 qui

343 2301 405 2326 nus,
419 2298 445 2321 et
459 2298 489 2321 ut
501 2295 539 2328 (Ιι)
552 2294 658 2322 securis
673 2294 781 2322 candens
805 2294 931 2328 petram?
953 2295 997 2322 30.
1015 2294 1129 2330 Propter

345 2339 395 2366 hoc
408 2347 471 2367 ecce
485 2347 534 2374 ego
551 2339 585 2367 ad
600 2339 757 2374 prophetas,
771 2338 839 2366 dicit
865 2338 1006 2372 Dominus,
1021 2341 1067 2375 qui
1087 2341 1129 2368 fu-

344 2390 439 2412 rantur
453 2386 534 2413 verba
562 2393 621 2413 mea
640 2386 787 2419 unicuique.
811 2392 845 2412 ex
869 2386 994 2419 proximo
1008 2393 1067 2413 suo.
1083 2387 1128 2413 51.

344 2431 413 2458 Ecce
426 2438 476 2465 ego
491 2431 524 2457 ad
544 2431 701 2466 prophetas,
722 2432 756 2465 >κ
768 2430 835 2458 dicit
850 2430 983 2459 Dominus
1000 2431 1025 2466 ε,
1039 2433 1069 2467 (ἰ)
1082 2434 1129 2468 qui

1184 2297 1411 2331 transmigrarunt
1431 2295 1518 2327 ludat,
1545 2302 1615 2329 quos
1631 2294 1692 2321 misi
1717 2301 1750 2321 ex
1780 2294 1840 2320 loro
1864 2293 1923 2320 hoc
1950 2293 1978 2318 in

1183 2350 1282 2370 terram
1294 2341 1484 2369 Chaldaaorum
1504 2341 1530 2368 in
1545 2341 1629 2367 bona.
1642 2339 1668 2366 ϐ.
1691 2338 1723 2366 Ει
1744 2339 1861 2366 lirmabo
1877 2338 1979 2365 oeulos

1184 2396 1259 2416 meos
1273 2395 1355 2423 super
1368 2395 1416 2414 eos
1427 2388 1453 2413 in
1469 2387 1554 2414 bona:
1567 2390 1594 2413 et
1608 2386 1745 2414 restituam
1760 2392 1808 2411 eos
1826 2385 1853 2411 in
1868 2389 1978 2411 terram
2002 2406 2006 2411 .

1183 2434 1264 2467 hanc,
1276 2438 1304 2461 et
1320 2433 1488 2460 retediiicabo
1504 2439 1563 2464 eos,
1587 2436 1614 2458 et
1637 2438 1689 2457 non
1710 2431 1849 2457 destruatur
1875 2430 1937 2464 (q):
1954 2433 1981 2454 et

380 2488 417 2525 (ᾳ)
429 2487 471 2519 S.,
485 2493 512 2515 et
522 2489 809 2525 extenderuntinanus
820 2489 908 2525 malis.
943 2489 979 2525 (r)
988 2490 1032 2522 A.,
1044 2491 1223 2520 absinthium.
1232 2490 1273 2522 S.,
1286 2489 1505 2525 amaritudinem.
1527 2487 1560 2525 (δ)
1573 2485 1808 2525 gi..gap?_t_is.,lleb.
1818 2485 1981 2525 capi1j5_('l-

343 2520 437 2563 (th/VL.
459 2522 638 2564 crassus._S.,
659 2523 778 2558 pollttttts
797 2520 952 2558 lapidibus:
971 2520 1129 2587 ἓιιγοιιιιιίιι

344 2558 455 2584 latione.
502 2558 539 2587 (ι)
559 2558 624 2587 Eius
675 2559 713 2587 (ui
732 2558 777 2587 Α..
797 2564 954 2587 tempestas.
998 2563 1127 2587 ummachi

1181 2535 1219 2553 ns.
1252 2520 1290 2560 (at)
1305 2524 1379 2556 Eius.
1419 2524 1457 2558 (υ)
1472 2523 1515 2552 Α..
1534 2523 1559 2548 in
1574 2520 1711 2548 inell'abili.
1731 2520 1773 2551 S.,
1790 2521 1817 2546 in
1834 2520 1980 2547 confabu—

1181 2566 1247 2587 11313
1262 2567 1311 2587 vox
1322 2560 1419 2587 lanata:
1436 2558 1499 2584 mihi
1517 2557 1641 2583 nationis.
1669 2556 1738 2587 [Non
1753 2563 1910 2587 possumus
1925 2562 1980 2581 non

344 2558 460 2598 latione._
502 2558 624 2598 (2)“Ejus
665 2558 777 2598 “(10.42,
797 2564 954 2598 tempestas.

996 2556 1127 2594 y'mmach'i
1150 2556 1311 2592 nntiabo:
1322 2556 1499 2594 ignota-limi“
1517 2557 1641 2583 nationis.
1669 2556 1738 2594 [Non
1749 2563 1910 2594 possumus
1925 2562 1982 2581 non

345 2592 439 2619 mirari
454 2590 525 2619 hanc
541 2590 684 2627 No'rbergii'
701 2590 912 2621 confessionem.
938 2590 1084 2623 Notissima
1100 2590 1177 2624 enim
1191 2590 1387 2627 tritissimaque
1413 2597 1454 2620 est
1472 2600 1522 2618 vox
1539 2596 1634 2620 tenui)
1652 2590 1722 2624 aliud
1741 2590 1826 2625 Syros
1841 2595 1982 2627 “9‘19"”

345 2635 395 2654 nec
409 2635 461 2666 non
476 2627 545 2666 aliud
552 2624 692 2666 _ra_bl_)inos
703 2627 772 2666 Syjrp
790 2633 896 2656 utentes
907 2628 1045 2666 idiomate.
1062 2630 1210 2666 Signiﬁcat,
1227 2629 1318 2666 turbo,
1325 2624 1433 2666 Boreas.
1446 2627 1551 2653 Plut-ins
1567 2627 1679 2666 ipsnpyr
1690 2624 1830 2666 ςειὶιιῃιιιιεει
1854 2624 1983 2666 iq'Syro

345 2667 419 2689 textu
432 2662 464 2689 V.
481 2662 512 2689 Τ.
526 2662 568 2690 Cf.
585 2662 636 2689 Job
651 2670 708 2695 xxt,
724 2660 779 2694 '18;
803 2671 892 2695 xxvn;
904 2664 955 2696 20;
975 2672 1078 2696 xxxv",
1092 2660 1125 2693 ‘9.

1184 2660 1246 2692 hum
1267 2673 1286 2696 t,
1304 2665 1330 2690 3.
1348 2664 1430 2690 ltadh
1449 2668 1491 2688 est
1504 2666 1557 2690 73:.
1573 2660 1729 2696 Drach.](b)
1746 2660 1790 2696 lra_
1800 2660 1983 2696 egredietur.

344 2701 371 2736 et
386 2698 464 2736 turbo
479 2705 561 2736 super
574 2701 656 2736 caput
672 2694 829 2736 impiorum.
858 2700 894 2731 (ο)
910 2694 955 2736 Ατζ
969 2694 1129 2736 cogitationi:

1183 2702 1222 2736 (νὴ
1308 2697 1530 2736 iurittelfa-bilibus
1545 2697 1620 2736 meis.
1657 2694 1756 2736 (tua?
1771 2694 1812 2725 5.,
1834 2694 1985 2736 nulthuid

346 2731 417 2768 Deus
429 2732 463 2759 de
479 2730 648 2768 propinquo?
687 2730 721 2768 (Ι)
741 2734 785 2763 Α..
801 2733 841 2763 S.,
855 2730 1152 2762 somniavi.‘sonmiavi.
1187 2730 1223 2768 {gl
1238 2733 1372 2760 Nominis.
1411 2732 1449 2765 (Ιι)
1467 2732 1512 2763 Α.,
1531 2731 1643 2768 malleus
1659 2730 1835 2768 confringeus
1849 2733 1983 2768 petram.

348 2765 438 2804 (i)_A.,
454 2764 657 2804 quiassumunt
670 2764 789 2804 linguam
805 2775 893 2804 suam,
919 2772 946 2804 et
961 2768 1065 2796 dicunt.
1096 2769 1125 2797 S.

1189 2764 1375 2804 iprzeparames
1394 2773 1557 2804 sci-munem.
1597 2765 1632 2804 (It)
1650 2765 1696 2804 Λ.ἶ
1777 2766 1803 2804 in
1828 2764 1987 2804 miraeplis

346 2798 416 2839 suis.
453 2798 483 2839 (ᾖ
497 2802 541 2832 Α.,
553 2810 660 2839 currus.
703 2798 810 2839 (hom.
824 2807 849 2829 et
864 2802 1048 2839 derelinquam
1061 2812 1117 2832 vos.

1181 2798 1328 2839 ιίΙ-Ζιόιιιις
1341 2802 1447 2829 Domini
1463 2810 1514 2828 non
1525 2801 1632 2828 dicetis.
1664 2802 1701 2834 (ο)
1716 2800 1761 2832 Α.,
1777 2799 1819 2830 5.,
1842 2798 1986 2826 ﬁscellas.

347 2835 385 2869 (ρ)
400 2836 444 2865 Λ..
461 2835 502 2867 S.,
516 2841 543 2862 et
556 2835 712 2871 principem
726 2837 876 2865 fabrorum.
918 2837 954 2871 (ᾳ)
972 2835 1033 2864 Eos.

380 2882 411 2912 ι’)
423 2883 475 2907 Vox
489 2884 563 2908 Hebr.
577 2886 642 2910 E‘N".
654 2885 693 2909 hic
705 2885 786 2916 potius
796 2884 860 2916 fellis
875 2886 1004 2910 vertenda.
1018 2886 1105 2911 Dracb.
