4156 7460
662 339 806 396 2315

1839 339 2069 396 CODEX
2110 337 2784 394 SYRO—HEXAPLARlS.

3769 344 3890 404 95H

661 452 810 506 bitur
842 466 857 506 :
890 448 956 504 de
993 455 1181 504 sancto
1215 462 1315 501 suo
1353 447 1502 504 dabit
1531 463 1738 514 vocem,
1777 463 1830 506 et
1854 467 1916 506 ex
1954 453 2239 508 habitacu-

2346 449 2420 524 (ᾳ)
2467 451 2971 522 pseudoprophetae,
3015 459 3071 506 et
3113 452 3294 508 omnis
3327 453 3580 524 popnius.
3623 455 3840 512 dicendo
3876 499 3888 512 .

660 543 718 596 lo
765 551 957 597 sancto
999 541 1150 596 dabit
1193 556 1375 594 vocem
1415 557 1594 605 suam,
1641 543 1905 615 rugieudo
1955 547 2130 616 rugict
2172 547 2243 618 (ε)

665 650 830 705 super
877 636 1073 690 decore
1127 649 1250 696 suo,
1295 634 1378 688 vel
1426 635 1756 690 cantilenam
1811 638 1958 692 sicut
2017 639 2242 692 verbum

665 743 826 780 suum
861 725 1247 781 vaticinabitur
1275 740 1442 794 super
1473 726 1595 780 loco
1622 742 1746 782 suo.
1777 727 1846 783 Et
1875 729 1973 793 illi,
2007 729 2150 784 sicut
2175 728 2242 800 (ι)

664 817 1082 882 vindemiantcs,
1125 819 1535 888 respondebunt
1581 837 1593 873 :
1639 818 1816 889 Super
1855 835 2046 875 omnes
2085 821 2242 875 habi-

665 916 844 962 tantes
875 924 1040 978 super
1072 917 1216 963 terra
1251 909 1328 977 (ul
1361 909 1512 963 venit
1536 909 1756 975 deletio,
1806 911 1894 966 51.
1929 926 2093 980 super
2116 927 2244 982 par-

664 1009 772 1053 tem
809 1010 966 1053 terra:
993 1015 1006 1063 ;
1036 999 1166 1069 quia
1189 999 1455 1070 judicium
1484 999 1715 1056 Domino
1749 1002 1804 1056 in
1835 1003 2086 1071 gentibus
2117 1005 2242 1075 :ju-

663 1092 864 1145 dicium
892 1100 1106 1145 exercet
1131 1090 1245 1160 ipse
1280 1091 1542 1148 adversus
1580 1107 1796 1148 omnem
1831 1110 2048 1149 carnem
2085 1115 2098 1150 :
2144 1098 2242 1150 im-

664 1184 737 1254 pii
769 1195 946 1238 autem
979 1183 1090 1238 dati
1121 1193 1249 1238 sunt
1277 1185 1328 1238 in
1359 1184 1620 1254 gladium,
1664 1187 1794 1240 dicit
1833 1185 2118 1244 Dominus.
2151 1189 2238 1243 52.

664 1277 744 1347 (π)
778 1275 870 1330 Sic
917 1275 1053 1330 dixit
1087 1275 1350 1331 Dominus
1381 1279 1446 1345 Β(
1492 1276 1754 1331 virtutum
1800 1281 1821 1348 ζ
1864 1296 1878 1332 :
1921 1277 2058 1333 Ecce
2100 1280 2240 1334 mala

663 1367 893 1422 veniunt
917 1381 982 1421 ex
1027 1373 1183 1437 gente
1221 1381 1385 1438 super
1411 1376 1625 1436 gentem
1661 1385 1676 1422 :
1727 1375 1782 1422 et
1817 1369 1978 1422 turbo
2013 1384 2241 1439 magnus

666 1459 742 1528 (ῃ)
777 1459 1051 1529 egreditur
1073 1458 1146 1513 ab
1164 1465 1408 1513 extremo
1445 1466 1604 1514 terra:
1631 1477 1642 1512 :
1673 1460 1761 1513 35.
1789 1463 1845 1514 et
1876 1469 2037 1514 erunt
2071 1459 2238 1516 occisi

665 1563 696 1604 a
726 1549 956 1604 Domino
981 1549 1034 1603 in
1063 1549 1148 1604 die
1175 1548 1248 1618 (ι)
1278 1549 1514 1608 Domini.
1547 1549 1622 1618 (a)
1648 1565 1680 1604 a
1709 1558 1860 1618 parte
1885 1558 2042 1606 terrae
2071 1567 2243 1620 usque

664 1641 731 1694 ad
769 1649 973 1709 partem
1009 1649 1168 1695 terra:
1202 1655 1215 1692 :
1260 1642 1327 1708 Χ
1360 1655 1466 1694 non
1497 1640 1842 1710 plangentur,
1885 1656 2060 1710 neque
2089 1643 2240 1696 colli-

665 1741 862 1800 gentur
903 1731 925 1799 ζ
972 1751 986 1786 :
1030 1733 1105 1803 (ὁ)
1151 1747 1258 1787 non
1298 1734 1630 1801 sepelientur
1672 1751 1686 1786 :
1735 1733 1788 1786 in
1842 1731 2026 1786 limum
2077 1749 2242 1802 super

666 1819 804 1877 facie
832 1831 988 1877 terrae
1002 1831 1180 1877 erunt.
1208 1823 1298 1877 54.
1337 1821 1572 1886 Ululate,
1607 1831 1874 1892 pastores,
1904 1833 1957 1876 et
1982 1823 2234 1888 clamate,

663 1921 720 1966 et
758 1913 830 1982 (c)
864 1914 1121 1983 plangite,
1162 1915 1359 1968 arietes
1393 1914 1611 1978 ovium;
1653 1913 1784 1981 quia
1816 1914 2065 1982 completi
2116 1923 2244 1968 sunt

665 2005 783 2060 dies
825 2005 990 2058 vestri
1024 2005 1090 2058 ad
1121 2005 1531 2066 mactationem,
1569 2013 1622 2056 et
1653 2007 1720 2071 )t(
1752 2003 2121 2072 dispersiones
2146 2019 2236 2058 ve-

665 2109 808 2152 stras
837 2098 884 2166 ζ.
918 2107 972 2150 et
1001 2097 1226 2161 cadetis,
1257 2095 1332 2166 (d)
1370 2104 1427 2148 ut
1453 2096 1650 2148 arietes
1685 2095 1838 2149 electi
1872 2114 1883 2148 :
1920 2095 2008 2149 55.
2039 2103 2091 2150 et
2119 2112 2240 2164 per-

667 2190 768 2244 ibit
828 2189 951 2256 luga
1005 2204 1033 2242 a
1085 2188 1420 2257 pastoribus,
1471 2197 1525 2240 et
1568 2187 1717 2241 salus
1765 2187 1834 2256 (ε)
1883 2187 1950 2240 ab
1983 2187 2242 2240 arietibus

665 2276 864 2345 gregis.
899 2277 987 2329 '56.
1025 2273 1133 2330 Vox
1181 2275 1436 2328 clamoris
1475 2285 1782 2343 pastorum,
1816 2285 1868 2328 et
1899 2276 2138 2330 ululatus
2185 2293 2244 2327 a-

668 2368 860 2422 rietum
894 2367 1091 2436 gregis,
1125 2367 1254 2436 quia
1282 2365 1477 2420 delevit
1507 2365 1770 2421 Dominus
1805 2367 1872 2437 (f)
1904 2383 2106 2437 pascua
2151 2383 2244 2421 eo-

669 2471 788 2508 rum
827 2455 888 2524 :,
917 2455 1006 2512 ‘57.
1040 2463 1094 2509 et
1131 2456 1423 2510 cessabunt
1461 2455 1532 2524 (ο)
1572 2456 1793 2524 pulchra
1829 2457 1980 2526 pacis
2013 2456 2081 2509 ab
2117 2465 2244 2510 ante

666 2545 859 2600 faciem
901 2546 994 2600 ira:
1023 2545 1226 2601 furoris
1255 2545 1490 2600 Domini.
1521 2547 1589 2600 58
1655 2544 1892 2616 Reliquit
1917 2546 2016 2617 (Ii),
2055 2557 2112 2600 ut
2137 2547 2241 2614 leo,

665 2638 1028 2693 diversorium
1058 2654 1250 2704 suum;
1301 2639 1428 2708 quia
1473 2637 1611 2692 facta
1643 2647 1729 2692 est
1766 2645 1907 2692 terra
1953 2653 2139 2692 corum
2183 2639 2244 2710 (ἕ)

667 2732 720 2784 in
751 2747 860 2784 non
900 2731 1164 2799 pervium,
1203 2731 1270 2784 ab
1315 2739 1439 2784 ante
1479 2728 1670 2784 faciem
1703 2732 1769 2797 Β(
1811 2730 1883 2799 (Ir)
1924 2730 2087 2802 gladii
2130 2745 2241 2783 ma-

667 2819 760 2892 gni
797 2824 846 2890 ζ,
883 2831 937 2875 et
967 2823 1035 2875 ab
1064 2834 1188 2876 ante
1218 2821 1408 2876 faciem
1441 2821 1533 2875 iraa
1566 2819 1766 2875 luroris
1793 2821 1933 2889 ejus.

737 2913 872 2984 Cap.
905 2913 1092 2968 XXVI.
1127 2945 1196 2958 —-
1218 2915 1268 2968 l.
1323 2915 1376 2967 In
1425 2912 1694 2983 principio
1745 2913 1887 2981 regis
1914 2911 2121 2968 Joacim
2150 2913 2244 2967 lilii

667 3005 833 3060 Josiae
861 3011 1002 3076 regis
1032 3005 1183 3061 inda:
1209 3006 1410 3060 laetum
1443 3013 1526 3059 est
1558 3005 1778 3059 verbum
1812 3005 1910 3058 hoc
1936 3020 1965 3057 a
1989 3003 2244 3068 Domino,

2349 543 2520 598 Morte
2549 544 2842 609 morieris;
2869 543 2922 598 9.
2959 545 3086 613 quia
3117 545 3453 614 prephrtasti
3493 549 3712 602 nomine
3737 547 3894 602 Donni-

2347 635 2424 699 ni,
2447 635 2636 689 dicens
2669 650 2683 685 :
2713 632 2869 688 Sicut
2895 633 3031 697 Silo,
3057 635 3162 688 erit
3185 636 3380 690 domus
3407 637 3540 698 haec,
3566 647 3619 692 et
3645 639 3772 692 urbs
3793 639 3892 692 ha-e

2348 724 2648 779 vastabitur
2683 725 2752 795 (r)
2787 725 2856 779 ab
2888 725 3304 781 habitatoribus.
3334 725 3400 780 Et
3425 739 3812 798 congregarunt
3839 744 3894 782 se

2346 814 2524 867 omnis
2561 815 2796 883 populus
2831 828 2994 883 super
3035 812 3326 868 Jeremiam
3365 815 3418 868 in
3459 817 3623 870 domo
3675 816 3890 870 Domini.

2347 905 2432 959 l0.
2465 903 2532 958 Et
2585 905 2876 960 audierunt
2913 906 3185 975 principes
3238 903 3392 960 Iudae
3445 908 3606 961 verba
3659 908 3788 972 haec,
3841 917 3890 962 et

2344 996 2705 1050 ascenderunt
2727 1013 2793 1050 ex
2821 997 2985 1051 domo
3001 996 3144 1067 regis
3177 997 3230 1050 in
3258 998 3478 1052 domum
3509 997 3894 1062 Domini,etse-

2344 1088 2541 1141 derunt
2571 1088 2624 1140 in
2655 1089 2922 1142 vestibulo
2965 1099 3131 1158 porte
3159 1104 3314 1142 nova:
3347 1089 3581 1144 Domini.
3619 1089 3706 1142 ll.
3741 1091 3797 1144 l-Zt
3823 1091 3894 1143 di-

2347 1188 2547 1234 xerunt
2588 1181 2918 1244 sacerdotes,
2957 1190 3008 1234 et
3042 1180 3110 1250 (s)
3141 1181 3625 1250 pseudoprophetae
3667 1183 3730 1234 ad
3757 1183 3896 1250 prin-

2343 1272 2514 1342 cipes,
2555 1281 2608 1326 et
2653 1274 2800 1327 omni
2849 1272 3070 1343 populo,
3124 1275 3193 1342 )ι(
3223 1273 3468 1327 die-entes
3515 1277 3536 1342 ζ
3585 1291 3600 1330 :
3647 1273 3898 1342 judicium

2343 1362 2536 1416 mortis
2565 1362 2768 1416 homini
2812 1361 2959 1429 huic,
2989 1362 3118 1432 quia
3161 1363 3500 1432 prophetavit
3533 1363 3792 1418 adversus
3817 1381 3900 1417 ur-

2343 1451 2464 1506 bem
2493 1453 2652 1517 hanc,
2683 1455 2824 1508 sicut
2849 1453 3096 1509 audiistis
3135 1455 3187 1507 in
3227 1456 3452 1509 auribus
3479 1456 3692 1510 vestris.
3735 1455 3814 1507 12.
3843 1454 3902 1508 Et

2343 1541 2480 1596 dixit
2519 1541 2753 1596 Jeremia
2795 1543 2860 1597 ad
2911 1545 2980 1610 Χ
3023 1557 3214 1598 omnes
3261 1545 3285 1613 ζ
3339 1545 3630 1613 principes.
3674 1554 3728 1598 et
3761 1545 3900 1598 omni

2295 1625 2302 1632 ’
2343 1634 2564 1703 populo,
2597 1635 2830 1688 dicens:
2869 1632 3132 1688 Dominus
3174 1635 3322 1689 misit
3361 1649 3446 1688 me
3487 1635 3552 1688 ad
3585 1637 3902 1704 ptophetan-

2344 1725 2472 1779 dum
2525 1740 2690 1793 super
2729 1725 2954 1780 domum
2997 1725 3157 1790 hanc,
3215 1737 3270 1780 et
3318 1741 3482 1795 super
3525 1728 3714 1780 urbem
3771 1726 3902 1780 hanc

2348 1815 2507 1870 verba
2535 1817 2718 1871 omnia
2743 1854 2760 1880 ,
2809 1831 2932 1886 quae
2955 1816 3226 1871 audiistis.
3271 1817 3358 1870 15.
3388 1815 3454 1870 Et
3487 1833 3634 1872 nunc
3663 1818 3904 1872 meliores

2345 1907 2506 1962 facite
2537 1907 2655 1961 vias
2679 1917 2911 1972 vestras,
2937 1917 2990 1962 et
3019 1917 3186 1976 opera
3211 1917 3412 1973 vestra,
3440 1918 3492 1962 et
3517 1909 3700 1963 audite
3725 1925 3905 1964 vocem

2344 2000 2558 2054 Domini
2594 2000 2688 2054 Dei
2723 1999 2908 2064 vestri,
2945 2000 3014 2070 (ι)
3049 2009 3102 2053 et
3135 2001 3372 2054 cessabit
3405 2000 3668 2054 Dominus
3693 2016 3724 2054 a
3759 2001 3908 2054 malis

2343 2107 2462 2159 qua:
2489 2089 2707 2145 locutus
2725 2097 2811 2144 est
2849 2103 3013 2158 sup-~r
3045 2103 3164 2142 vos.
3211 2089 3296 2142 l4.
3345 2087 3408 2141 Et
3434 2103 3536 2156 ego
3561 2103 3690 2144 ecce
3717 2089 3770 2142 in
3799 2104 3908 2141 ma-

2345 2183 2504 2236 nibus
2533 2180 2728 2236 vestris
2761 2197 2776 2234 :
2809 2179 2970 2234 facite
3004 2179 3254 2246 mihi,(u)
3287 2181 3428 2233 sicut
3455 2180 3694 2248 expedit,
3728 2189 3782 2232 et
3809 2180 3910 2233 sic-

2345 2285 2404 2329 ut
2434 2275 2630 2328 melius
2687 2272 2868 2329 vobis.
2899 2273 2985 2326 15.
3017 2271 3120 2326 Sed
3143 2273 3524 2342 cognoscendo
3553 2273 3910 2342 cognoscetis,

2345 2366 2488 2435 quod
2517 2365 2561 2419 si
2602 2364 2910 2420 occideritis
2952 2377 3057 2427 me,
3093 2363 3414 2433 sanguinem
3449 2363 3530 2433 (as)
3573 2363 3908 2418 innocentem

2345 2471 2442 2512 vos
2469 2457 2610 2512 datis
2644 2471 2809 2525 super
2833 2471 2951 2520 vos,
2990 2465 3043 2509 ct
3077 2470 3242 2524 super
3269 2455 3454 2508 urbem
3483 2457 3646 2518 hanc,
3675 2465 3730 2509 et
3754 2469 3910 2523 super

2346 2547 2650 2602 habitantes
2693 2549 2744 2602 in
2789 2563 2853 2600 ea
2897 2565 2911 2600 :
2957 2545 3082 2615 quia
3123 2546 3177 2600 in
3229 2546 3458 2600 veritate
3497 2547 3644 2598 misit
3680 2562 3766 2600 me
3809 2545 3914 2600 Do-

2345 2639 2528 2694 minus
2558 2640 2623 2692 ad
2651 2655 2765 2702 vos,
2807 2640 2872 2693 ad
2905 2639 3236 2707 loquendum
3267 2639 3321 2690 in
3367 2653 3526 2691 aures
3553 2647 3760 2692 vestras
3799 2653 3912 2690 om-

2345 2731 2432 2785 nia
2471 2731 2633 2785 verba
2662 2731 2797 2785 haec.
2834 2731 2920 2784 16.
2958 2732 3020 2784 Ει
3049 2730 3304 2784 dixerunt
3337 2729 3630 2798 principes.
3657 2737 3712 2782 et
3739 2730 3914 2783 omnis

2345 2823 2580 2892 populus
2634 2823 2700 2876 ad
2755 2821 3087 2885 sacerdotes,
3143 2829 3196 2874 et
3251 2821 3316 2874 ad
3377 2821 3914 2889 pseudoprophetas:

2345 2911 2464 2967 Non
2497 2922 2581 2968 est
2613 2913 2820 2966 homini
2855 2911 2985 2967 huic
3013 2911 3278 2981 judicium
3324 2911 3552 2976 mortis,
3597 2913 3724 2979 quia
3759 2927 3921 2979 ξιιμ-π’

2345 3006 2566 3060 neruine
2613 3004 2827 3058 Domini
2875 3003 2967 3058 Dei
3004 3005 3174 3058 nostri
3209 3003 3422 3057 locutus
3450 3011 3533 3058 est
3565 3004 3632 3057 ad
3667 3019 3768 3058 nos
3833 3003 3914 3056 l7.

669 3098 738 3164 χ(
769 3095 956 3152 dicens
989 3099 1009 3164 ζ
1057 3110 1072 3149 :
1104 3095 1158 3149 2.
1197 3095 1288 3150 Sic
1329 3095 1467 3149 dixit
1517 3094 1780 3150 Dominus
1809 3113 1824 3150 :
1861 3092 1951 3148 Sta
2003 3095 2054 3148 in
2104 3095 2246 3149 atrio
2273 3109 2318 3170 ο
2349 3096 2414 3150 Ει
2439 3105 2792 3151 surrexerunt
2817 3095 2916 3148 viri
2941 3096 3018 3164 (ει)
3040 3109 3104 3150 ex
3136 3093 3464 3164 presbyteris
3495 3103 3671 3156 terrae.
3703 3105 3754 3148 et
3777 3096 3924 3148 dixe.-

669 3188 866 3242 domus
907 3186 1142 3250 Domini,
1179 3187 1238 3258 (ι)
1266 3193 1320 3240 et
1347 3187 1614 3240 revelabis
1647 3187 1792 3239 omni
1823 3185 1994 3248 Judze,
2027 3188 2246 3240 venien—

671 3277 814 3332 tibus
845 3280 910 3332 ad
944 3280 1280 3333 adorandum
1316 3281 1368 3332 in
1395 3277 1558 3332 domo
1592 3277 1826 3334 Domini.
1853 3277 2034 3331 omnia
2059 3277 2244 3337 verba.

671 3384 795 3435 qua!
843 3372 1070 3440 prmcepi
1107 3371 1198 3424 tibi
1243 3371 1340 3441 (ut)
1385 3370 1630 3424 revelare
1671 3369 1750 3423 eis
1789 3386 1803 3422 :
1857 3383 1926 3422 ne
1970 3367 2246 3422 diminuas

671 3460 920 3513 verbmn.
958 3461 1010 3515 5.
1049 3461 1302 3516 Fortasse
1331 3462 1572 3528 audient,
1613 3467 1668 3515 et
1699 3467 2042 3515 revertentur
2077 3474 2248 3513 unus-

673 3551 909 3620 quisque
941 3569 967 3605 :l
1004 3553 1088 3606 via
1124 3553 1262 3606 mala
1299 3571 1312 3606 :
1367 3551 1444 3622 (η)
1485 3560 1538 3606 et
1579 3553 1804 3606 cessabo
1837 3565 1868 3604 a
1911 3550 2087 3614 malis,
2127 3564 2250 3618 qua:

673 3661 690 3693 ι
709 3659 775 3714 go
799 3645 978 3713 cogito
1001 3644 1180 3698 facere
1213 3643 1294 3699 eis
1323 3654 1542 3713 propter
1575 3641 1754 3697 studia
1787 3642 1924 3694 mala
1953 3655 2162 3694 eorum.
2192 3641 2246 3694 4.

675 3733 742 3787 Et
771 3737 917 3790 dices
945 3739 1014 3804 Ἀ(
1059 3738 1124 3791 ad
1155 3751 1250 3790 eos
1283 3737 1303 3805 ζ
1341 3753 1353 3788 :
1399 3733 1490 3788 Sic
1526 3733 1664 3787 dixit
1697 3733 1958 3787 Dominus
1995 3747 2008 3783 ε
2037 3729 2095 3786 Si
2140 3747 2247 3785 non

675 3827 964 3882 audieritis
1016 3844 1122 3893 me,
1159 3829 1224 3881 ad
1267 3826 1656 3881 ambulandum
1719 3825 1772 3878 in
1827 3823 2038 3892 legibus
2089 3823 2250 3886 meis,

677 3933 815 3986 quas
857 3919 976 3972 dedi
1016 3929 1140 3971 ante
1178 3919 1370 3971 faciem
1415 3927 1675 3981 vestram,
1721 3915 1774 3969 5.
1811 3915 1876 3968 ad
1921 3913 2250 3968 audiendum

676 4010 842 4064 verba
893 4025 1173 4064 servorum
1221 4025 1461 4063 meorum
1511 4008 1914 4077 prophetarum,
1962 4021 2101 4076 quos
2151 4019 2252 4074 ego

676 4101 835 4154 mitto
874 4099 941 4154 ad
975 4115 1073 4154 vos
1107 4099 1179 4172 (ar)
1215 4100 1267 4153 in
1305 4098 1573 4153 matutino
1597 4135 1611 4160 ,
1646 4105 1700 4152 et
1738 4095 1881 4161 misi,
1921 4106 1976 4150 et
2013 4111 2118 4149 non
2155 4111 2252 4149 au-

674 4191 884 4257 diiStis;
915 4191 967 4246 6.
1003 4201 1058 4246 et
1101 4193 1240 4246 dabo
1273 4191 1493 4246 domum
1529 4191 1668 4244 hanc
1697 4197 1757 4243 ut
1787 4187 1930 4254 Silo;
1968 4197 2022 4242 rt
2065 4191 2250 4241 urbem

674 4284 816 4339 hanc
838 4283 977 4338 dabo
1001 4282 1052 4336 in
1073 4284 1506 4337 maledictimiem
1531 4281 1786 4335 omnibus
1803 4279 2054 4350 gentibus
2073 4288 2250 4333 terrae.

675 4371 729 4427 7.
759 4372 825 4428 Et
861 4372 1150 4427 audierunt
1185 4373 1515 4437 sacerdotes,
1559 4379 1612 4424 et
1642 4371 1718 4440 (p)
1747 4368 2248 4437 pseudoprophetis,

2345 3197 2475 3242 runt
2499 3189 2564 3241 ad
2597 3201 2815 3241 omnem
2856 3197 3083 3240 coetum.
3111 3185 3258 3239 omni
3281 3187 3568 3239 conventni
3599 3187 3806 3256 populi,
3843 3188 3922 3240 di-

2345 3293 2534 3337 centes
2568 3298 2582 3336 :
2617 3282 2708 3336 18.
2733 3280 2910 3335 Micha
2935 3279 3009 3351 (ι)
3033 3280 3288 3335 Marasthi
3309 3292 3420 3336 erat
3447 3284 3514 3349 »ξ
3537 3281 3866 3350 prophetans
3895 3279 3918 3347 ζ

2347 3373 2400 3427 in
2425 3374 2616 3428 diebus
2647 3371 2886 3426 llezeche
2912 3371 3056 3442 regis
3081 3371 3257 3438 .lmhe,
3285 3381 3336 3425 et
3373 3372 3511 3426 dixit
3541 3371 3694 3426 enini
3725 3371 3926 3441 populo

2345 3464 2520 3524 Iudae.
2553 3465 2740 3518 dicens
2786 3463 2808 3530 ζ
2854 3463 2945 3516 Sic
2987 3463 3120 3518 dixit
3155 3462 3418 3518 Dominus
3448 3465 3512 3531 Ἃ(
3541 3461 3802 3516 virtutum
3839 3461 3862 3526 ζ
3906 3479 3921 3514 :

2350 3555 2480 3610 Sion
2517 3567 2576 3610 ut
2605 3571 2734 3624 ager
2760 3555 3024 3617 arabitur,
3052 3563 3106 3608 et
3128 3553 3428 3608 Jerusalem
3457 3564 3514 3608 ut
3543 3554 3621 3622 (τι)
3645 3553 3924 3622 tuguriqu

2351 3646 2458 3699 erit
2487 3685 2502 3708 ,
2544 3654 2596 3700 ct
2629 3660 2788 3700 mons
2825 3646 3020 3700 donius
3060 3659 3118 3700 -t—
3163 3645 3265 3699 erit
3309 3647 3330 3714 ζ
3373 3645 3455 3713 (ὸ)
3497 3655 3556 3699 ut
3595 3647 3924 3714 plantarium

2350 3738 2516 3792 silvae.
2554 3737 2639 3792 l9.
2673 3736 2811 3791 Num
2845 3737 3141 3792 occidenda
3165 3736 3366 3790 occidit
3401 3751 3524 3790 eum
3565 3736 3796 3791 llezecia
3835 3754 3924 3791 rex

2349 3826 2519 3890 indie,
2558 3839 2611 3882 et
2651 3828 2830 3882 omnis
2871 3828 3054 3882 inda?
3091 3827 3280 3882 Nonne
3323 3829 3448 3897 quia
3487 3829 3790 3884 timuerunt
3829 3829 3930 3881 Do-

2349 3920 2580 3984 minum,
2620 3929 2673 3972 et
2721 3922 2844 3987 quia
2889 3919 3159 3987 petierunt
3201 3933 3232 3972 a
3281 3918 3418 3973 facie
3463 3919 3714 3984 Domini,
3763 3923 3928 3974 etiam

2349 4011 2581 4066 cessavit
2622 4009 2887 4065 Dominus
2926 4025 2954 4064 a
2997 4011 3176 4074 malis,
3217 4026 3339 4080 quae
3379 4011 3595 4064 locutus
3644 4021 3728 4065 est
3764 4027 3936 4080 super

2349 4101 2487 4155 eos?
2520 4099 2582 4154 Et
2620 4115 2720 4155 nos
2752 4100 2821 4168 (ε)
2863 4098 3092 4156 fecimus
3119 4102 3260 4155 mala
3291 4115 3482 4172 magna
3515 4117 3682 4170 super
3715 4105 3938 4158 animas

2351 4201 2588 4248 nostras.
2629 4191 2720 4246 20.
2759 4192 2836 4259 (ά)
2887 4191 2952 4246 Et
2998 4192 3162 4246 homo
3205 4201 3324 4246 erat
3377 4195 3712 4262 proplietans
3745 4195 3803 4248 in
3837 4213 3942 4248 lm-

2353 4284 2500 4337 mine
2533 4282 2770 4344 Domini,
2821 4281 2946 4336 Uria
2984 4283 3126 4338 lilius
3159 4281 3478 4340 Samiae-cx
3513 4285 3941 4349 Curiatbiarim,

2353 4385 2403 4430 et
2433 4375 2770 4444 prophetarit
2803 4376 2871 4444 >κ
2910 4389 3073 4444 super
3100 4376 3289 4430 urbem
3323 4377 3480 4436 hanc,
3513 4387 3566 4430 et
3597 4377 3618 4443 ζ
3657 4394 3754 4446 pro
3793 4389 3942 4434 terra

674 4473 730 4520 et
765 4464 944 4519 omnis
978 4463 1210 4533 populus
1253 4461 1542 4516 Jeremiam
1588 4460 1898 4529 loquentem
1938 4458 2102 4511 verba
2139 4458 2244 4512 luce

2358 4467 2458 4520 hac
2485 4465 2782 4521 secundum
2823 4466 3006 4520 omnia
3037 4465 3198 4520 verba
3235 4463 3484 4520 Jeremiae
3516 4482 3529 4517 :
3563 4467 3654 4520 2i.
3687 4477 3739 4523 et
3773 4473 3944 4523 audi-

673 4555 732 4612 in
771 4557 934 4611 domo
975 4555 1208 4609 Domini.
1254 4553 1308 4608 8.
1345 4551 1409 4606 Et
1436 4551 1638 4606 factum
1680 4558 1784 4612 est,
1819 4563 1942 4602 cum
1983 4557 2253 4602 cessasset

673 4643 906 4702 Ieremia
933 4649 1162 4718 loquens
1191 4647 1394 4712 omnia,
1421 4660 1542 4715 quae
1561 4649 1890 4714 prazceperat
1911 4641 1957 4694 ei
1989 4639 2251 4694 Dominus

674 4737 826 4809 loqui
855 4740 1006 4794 omni
1040 4739 1261 4808 populo,
1295 4747 1349 4792 et
1390 4741 1649 4805 ceperunt
1675 4747 1798 4788 eum
1830 4731 2165 4795 sacerdotes,
2197 4741 2250 4786 et

2357 4557 2433 4611 vit
2464 4572 2554 4610 rex
2581 4555 2814 4621 Joaeim,
2844 4559 2911 4625 >ε<
2941 4565 2994 4610 et
3017 4571 3207 4610 omnes
3236 4565 3482 4624 potentes
3507 4558 3624 4627 ejus
3655 4558 3703 4624 ζ,
3737 4569 3794 4613 et
3821 4577 3948 4614 om-

2358 4661 2454 4700 nes
2485 4646 2757 4714 principes
2792 4659 2852 4700 οι-
2885 4647 3066 4699 omnia
3102 4648 3124 4714 ζ
3161 4647 3322 4700 verba
3355 4647 3493 4715 ejus,
3535 4657 3590 4699 et.
3613 4651 3950 4717 quaerebant

2357 4738 2606 4793 occidere
2628 4753 2774 4790 cum.
2811 4739 2874 4792 Et
2901 4737 3106 4793 audivit
3139 4735 3299 4802 Uria,
3343 4740 3409 4806 ζα(
3438 4747 3490 4792 et
3523 4739 3726 4800 timuit,
3755 4751 3814 4795 ct
3863 4743 3952 4796 fu-

761 4943 851 5024 '(s)
885 4941 968 5008 8.,
995 4958 1157 5013 super
1195 4942 1498 5024 placatione
1524 4940 1665 5024 ejus.
1749 4941 1812 5022 (ι)
1848 4919 1936 5005 Α.,
1967 4941 2318 5024 calcantinm,
2355 4941 2697 5024 respondebit
2730 4943 2795 4996 ad
2827 4958 3017 4996 omnes
3049 4943 3379 5024 habitatores
3411 4950 3584 4995 terrm.
3631 4939 3718 5024 8.,
3751 4951 3956 5024 totaru-

675 5013 959 5076 iarioruln,
986 5013 1350 5082 respondebit.

1426 5012 1502 5081 (ιι)
1530 5013 1621 5082 Α.,
1654 5013 1802 5082 venit
1831 5027 2004 5079 usque
2031 5015 2094 5066 ad
2128 5013 2289 5066 linem
2313 5023 2484 5082 terrae.
2516 5013 2600 5082 8.,
2633 5024 2846 5082 tempus
2872 5029 3045 5082 usque
3070 5015 3132 5065 ad
3155 5024 3393 5066 extrema
3423 5022 3598 5064 terrm.

3675 5017 3756 5078 (r)
3797 5011 3952 5064 ILN‘.

675 5090 752 5155 (y)
786 5085 876 5148 Α.,
925 5079 1493 5162 TLL—suscitabitur.
1538 5079 1610 5152 (ι)
1643 5081 1870 5162 Reliqui,
1911 5097 2030 5162 ipso
2072 5093 2248 5162 terra}.
2327 5083 2403 5152 (a)
2445 5080 2527 5162 SI,
2563 5081 2685 5162 'i'h..
2721 5079 2759 5134 ιι
2791 5079 3055 5162 principio
3088 5091 3242 5162 terrae
3293 5082 3569 5162 usquead
3601 5083 3954 5162 principium

931 5157 1004 5224 (ὸ)
1037 5151 1118 5217 S.,
1157 5168 1262 5206 non
1291 5151 1549 5224 plaudunt
1574 5151 1736 5220 super
1768 5151 1867 5206 eis.

1269 5219 1333 5290 if)
1360 5219 1551 5284 A.,S.,
1579 5219 1861 5290 pas-cuum.

675 5166 853 5209 lCl'l‘iC.

675 5226 830 5279 valde
855 5235 1188 5295 magnalum.

676 5295 760 5359 S.,
799 5295 850 5348 in
887 5296 1135 5349 exitium.

677 5373 772 5434 (nt)
813 5367 900 5426 Α.,
929 5366 991 5418 ad
1020 5366 1371 5433 loquendum.

677 5435 752 5504 (η)
803 5441 890 5496 Au

675 5501 971 5574 prophetu'.
1048 5501 1110 5573 (ι)
1143 5501 1233 5565 Α.,
1265 5503 1347 5566 8.,
1389 5512 1455 5574 οι
1479 5501 1850 5574 conquiescet.

675 5571 868 5628 chrum
920 5585 972 5628 et
1010 5571 1068 5626 nt
1095 5571 1315 5628 Videtur
1341 5573 1490 5627 vobis
1537 5571 1766 5638 justum.

681 5643 930 5696 Mor-allii.
1009 5641 1084 5712 (α)
1117 5645 1207 5704 Α.,
1245 5657 1507 5698 acervus:
1552 5643 1604 5694 in
1649 5657 1752 5694 non
1794 5641 2059 5711 pervium.

685 5723 734 5766 et
769 5714 869 5774 vir,
907 5714 1088 5766 homo.

1449 5359 1641 5432 (n)AA.,
1671 5373 1723 5416 et
1771 5363 2140 5430 acquieScam.

1946 5153 2015 5220 (ε)
2051 5153 2139 5218 Α.,
2179 5151 2260 5215 8.,
2295 5151 2649 5219 cnnstringite
2683 5151 2798 5207 vos.
2877 5151 3075 5220 (ειμι,
3118 5161 3178 5206 ut
3203 5167 3296 5220 vas
3329 5154 3646 5220 expetitum.
3725 5153 3744 5220 (

1269 5219 1333 5290 ίΪ)
1360 5219 1551 5284 Αοςδη
1579 5219 1861 5290 pascuum.
1941 5219 2014 5292 (g)
2038 5220 2119 5284 S.,
2151 5239 2234 5274 ars

1213 5292 1283 5362 (Ιί)
1314 5293 1402 5356 ’λη
1439 5293 1531 5362 ire
1565 5293 1842 5362 SOIilnrite.
1909 5289 2028 5356 Tli.,
2063 5293 2155 5346 ira:
2187 5303 2238 5345 tu

2346 5224 2552 5276 acilii-a.
2587 5223 2677 5289 Α.,
2699 5219 2893 5277 decora
2919 5219 3088 5292 pacie.
3167 5221 3243 5292 (Ii,I
3269 5219 3678 5290 UnuSquisquc.
3761 5223 3836 5288 (ξ)
3861 5222 3956 5280 Α..

2347 5331 2364 5362 ε
2443 5292 2504 5362 (Ι)
2539 5293 2626 5350 Α..
2679 5305 2732 5346 ιιι
2757 5293 2994 5362 loqueris
3019 5307 3183 5360 super
3217 5291 3471 5362 omnibus
3505 5291 3731 5362 urbibus
3761 5289 3956 5362 -ιιιιιςε,

943 5366 991 5418 nl
1020 5359 1371 5433 loquendum.
1449 5361 1523 5432 (η)
1553 5359 1641 5425 Α.,
1671 5373 1723 5416 et
1771 5363 2140 5430 acquieScam.
2217 5365 2244 5428 (ι

943 5435 1024 5498 S.,
1069 5435 1362 5502 proplietaa.
1419 5433 1486 5500 (r)
1519 5430 1599 5494 S.,
1642 5447 1706 5502 ego
1734 5433 1877 5500 quod
1927 5433 2181 5502 nonisint
2229 5438 2238 5484 I

2346 5361 2406 5423 ἰ..
2437 5359 2560 5414 mm.
2614 5359 2894 5416 antevertit
2931 5371 2984 5416 et
3017 5359 3188 5415 mitto.
3265 5360 3340 5431 (p)
3374 5363 3462 5424 Α..
3515 5359 3596 5424 8.,
3635 5375 3732 5428 pro
3763 5361 3960 5412 ain-t1».

2346 5441 2530 5484 tantes
2565 5450 2576 5484 :
2633 5443 2685 5485 ι·ι
2727 5433 2964 5501 aggressi
2993 5441 3115 5485 sunt
3153 5432 3540 5502 congregatim.
3579 5433 3692 5502 __(s)
3723 5431 3834 5491 Α.,
3875 5429 3960 5488 δ..

2877 5154 2952 5222 (d)
2988 5153 3075 5216 A.,
3118 5161 3178 5206 ut
3201 5154 3646 5222 vasevpetitum.
3725 5153 3808 5220 (ε)
3857 5153 3954 5208 Α..

2443 5292 2504 5362 (Ι)
2539 5293 2626 5350 Α..
2679 5305 2732 5346 ιιι
2757 5289 2994 5362 loqueris
3019 5289 3185 5360 super
3217 5291 3471 5362 omnibus
3505 5289 3731 5362 urbibus
3761 5289 3958 5362 imit.

2633 5443 2685 5485 ι·ι
2727 5433 2964 5501 aggressi
2993 5441 3115 5512 sunt
3153 5429 3540 5512 congregatim.
3575 5433 3692 5512 "(3)
3723 5431 3834 5491 Α..
3875 5429 3960 5512 S_.,

1935 5503 2011 5567 (ιι)
2041 5501 2128 5562 Α.,
2174 5511 2231 5554 ιιι

2351 5517 2497 5561 ιιιιιιι,
2533 5512 2584 5554 et
2637 5514 2694 5555 ut
2736 5499 2938 5554 rectum
2993 5502 3044 5554 in
3088 5499 3509 5555 oetilis'vestris.
3569 5499 3654 5562 8.,
3703 5511 3762 5552 ut
3829 5503 3962 5566 pul-

1852 5570 1926 5638 (τις)
1961 5569 2040 5629 8..
2071 5571 2514 5642 tlolrcnlpatnm.
2593 5577 2669 5642 ty)
2699 5579 2788 5630 Α..

1929 5641 2059 5694 ium.
2139 5641 2208 5712 (ιι)

2385 5643 2435 5695 in
2497 5637 2731 5698 tumulos
2779 5643 2946 5697 silvae.
3025 5641 3092 5710 (ε)
3151 5641 3240 5703 Α.,
3279 5640 3358 5708 8.,
3389 5641 3640 5694 facimus.
3719 5642 3820 5706 (ιε)
3859 5637 3966 5692 Sed

2845 5585 2905 5624 ex
2946 5571 3252 5624 senioribus
3299 5582 3470 5624 terrze.
3549 5571 3621 5636 (ι)
3667 5571 3762 5630 Α..
3809 5571 3966 5622 illius

3815 6253 3826 6258 "
3931 6253 3942 6266 ἶ

2268 6287 2314 6289 ἓ
2621 6291 2638 6293 ξ
3157 6303 3162 6305 _
3687 6301 3690 6304 ,
3775 5961 4090 6414 Α
