4102 6278
496 385 632 442 1M7

1673 382 1896 438 CODEX
1941 380 2607 438 SYRO-HEXAPLARES.

3615 380 3757 439 2558

501 517 622 572 quae
649 500 846 556 sumsit
873 497 1380 553 Nabuchodonosor
1417 517 1507 553 rex
1539 500 1830 573 Babylonis
1863 519 1927 556 ex
1961 501 2081 556 loco
2114 521 2156 573 Α
2189 504 2322 558 tioni
2368 504 2428 572 1,
2481 513 2535 557 et
2575 503 2642 566 ad
2691 515 2906 556 omnem
2957 501 3250 571 populum;
3282 516 3420 572 quos
3452 502 3760 572 deportavit

503 595 627 658 hoc,
665 601 716 647 et
768 591 1068 645 introduxit
1102 607 1164 644 ea
1215 592 1268 644 in
1307 591 1663 663 Babylonem,
1703 595 1756 647 4.
1797 603 1848 648 et
1877 595 2104 647 Jeeho-'

502 687 654 740 niam
689 683 860 738 ﬁlium
891 682 1100 737 Joacim
1139 699 1320 753 regem
1363 673 1537 752 Jndie,
1570 695 1624 739 et
1656 701 1872 740 omnem
1907 686 2080 755 capti-

502 777 726 830 vitalem
757 773 930 835 Iudae,
963 776 1054 844 qni
1082 774 1310 844 ingressi
1343 785 1472 830 sunt
1499 777 1552 830 in
1589 776 1942 850 Babylonem,
1975 793 2076 846 ego

505 867 762 920 reducam
801 867 854 919 in
899 866 1078 919 locum
1129 867 1297 928 hunc,
1324 868 1457 920 dicit
1487 867 1752 922 Dominus
1783 867 1805 936 1
1832 909 1846 932 ,
1910 883 1971 924 -:—
2024 877 2079 922 et

497 953 846 1020 Jechoniam,
877 963 931 1008 et
965 956 1501 1024 transrnigiationem
1529 957 1681 1013 .ludaa
1707 959 1729 1026 1
1759 976 1772 1020 ;
1805 959 1933 1028 quia
1956 975 2081 1012 con-

507 1059 677 1100 teram
728 1047 914 1116 jngum
948 1049 1090 1116 regis
1123 1045 1434 1119 Babylonis.
1473 1050 1505 1103 5
1569 1050 1632 1104 Et
1679 1052 1818 1104 dixit
1845 1050 2079 1105 Jeri-mia

505 1141 574 1206 )s(
633 1138 894 1207 propheta
951 1140 972 1206 1
1030 1140 1096 1192 ad
1156 1139 1455 1195 llananiam
1507 1147 1574 1210 3K
1633 1145 2080 1214 pseudoprophe-

505 1239 618 1283 tam
652 1229 675 1297 1
714 1237 842 1283 ante
883 1230 1075 1284 oculos
1101 1231 1471 1298 sacerdotum,
1502 1244 1555 1288 et
1581 1243 1707 1288 ante
1739 1236 1931 1291 ocuios
1960 1251 2079 1290 om-

505 1321 594 1377 nis
629 1321 835 1390 populi,
877 1322 1137 1376 stantium
1175 1323 1228 1376 in
1277 1324 1440 1378 domo
1477 1323 1715 1392 Domini,
1751 1325 1806 1380 6.
1853 1336 1907 1382 et
1941 1327 2081 1382 dixit

506 1410 740 1470 Jeremia
772 1415 840 1481 )s(
875 1413 1137 1482 propheta
1183 1416 1204 1486 1
1249 1433 1262 1470 :
1302 1415 1376 1486 (ὁ)
1415 1415 1552 1471 Vere
1592 1418 1672 1472 sic
1702 1417 1862 1472 faciet
1899 1418 2083 1471 Domi-

507 1519 616 1559 nus
647 1521 661 1557 :
694 1514 896 1560 statuet
921 1505 1186 1562 Dominus
1219 1509 1441 1562 verbum
1476 1518 1649 1574 tttum,
1684 1509 1828 1578 quod
1867 1518 1922 1563 tu
1955 1524 2081 1578 pro-

507 1595 723 1664 phetas,
763 1595 830 1650 ad
862 1599 1056 1652 reverti
1097 1597 1406 1654 faciendum
1443 1615 1569 1654 vasa
1599 1600 1794 1656 domus
1837 1599 2080 1664 Domini,

505 1695 562 1738 et
585 1699 804 1738 onmem
848 1687 1378 1758 transmigrationem
1406 1704 1472 1742 ex
1505 1688 1777 1759 Babylone
1801 1689 1866 1742 ad
1901 1689 2080 1744 locum

509 1775 674 1828 hunc.
723 1775 771 1828 7.
801 1773 1189 1831 Verumtamen
1227 1777 1296 1849 (ι)
1326 1779 1508 1832 audite
1539 1782 1605 1846 Χ
1631 1795 1776 1833 nunc
1809 1779 1832 1845 1
1859 1780 2080 1834 verbum

2181 593 2691 649 Nabuchodonosor
2721 597 2789 662 Χ
2821 611 2847 648 a
2881 593 3180 649 Jerusalem
3216 595 3268 648 in
3321 593 3652 665 Babylonem
3689 598 3758 664 1;

2181 684 2236 738 2.
2271 683 2348 756 (ρ)
2381 699 2506 739 eum
2537 685 2602 738 ad
2652 687 2904 739 ultimum
2939 699 3194 755 egressus
3224 696 3304 738 est
3333 683 3594 740 Jechonia
3637 703 3756 751 rex,

2181 786 2236 830 et
2269 778 2475 847 regina,
2512 787 2566 832 et
2601 777 2859 844 eunuchi,
2889 781 2956 846 3i
2996 786 3048 832 et
3084 777 3359 847 principes
3385 775 3538 833 Iuda:
3569 794 3634 833 ex
3664 777 3756 833 Je-
3827 815 3838 847 ,

2182 869 2419 922 rusalem
2447 867 2506 936 1,
2534 877 2588 923 et
2619 867 2800 924 omnis
2823 869 2980 932 liber,
3003 877 3055 923 et
3091 871 3166 939 (q)
3199 871 3417 932 artifex,
3451 879 3506 925 ct
3539 871 3757 926 vinctus
3835 869 3840 873 ’

2109 1022 2127 1032 _
2182 975 2244 1013 ex
2271 957 2595 1020 Jerusalem,
2656 959 2710 1013 5.
2763 959 2818 1013 in
2859 975 3022 1013 manu
3063 959 3269 1014 Eleasae
3301 961 3393 1015 ﬁlii
3425 960 3669 1030 Saphan,
3705 969 3756 1014 et

2185 1049 2454 1104 Gamaria>
2489 1049 2583 1103 ﬁlii
2616 1048 2833 1111 Helcize,
2859 1063 3020 1114 quem
3050 1047 3196 1102 misit
3233 1047 3457 1102 Sedeeia
3483 1064 3576 1100 rex
3603 1045 3762 1100 ludat

2183 1139 2249 1194 ad
2285 1141 2351 1206 >κ
2383 1135 2979 1193 Nabuchodooosorem
3023 1135 3045 1204 1
3081 1153 3260 1206 regem
3285 1135 3577 1205 Babylonis
3605 1148 3668 1190 σε·
3702 1135 3759 1188 in

2183 1229 2512 1300 Babylonem
2557 1230 2613 1298 1,
2673 1228 2914 1283 dicens:
2964 1229 3018 1281 4.
3069 1227 3159 1281 Sic
3207 1226 3344 1280 dixit
3391 1225 3656 1278 Dominus
3689 1225 3760 1290 ζ(

2184 1323 2442 1375 virtutum
2507 1320 2529 1387 1
2599 1322 2739 1374 Deus
2793 1319 3008 1372 lsraelis
3065 1333 3230 1385 super
3276 1317 3757 1386 deniigrationem,

2182 1431 2346 1485 quam
2381 1415 2685 1481 demigrare
2717 1412 2844 1466 fecit
2876 1427 2940 1465 ex
2976 1409 3277 1464 Jerusalem
3321 1412 3386 1476 )t(
3436 1409 3488 1461 in
3529 1407 3762 1477 Babylo-

2183 1523 2306 1560 nem
2341 1507 2363 1573 1
2393 1525 2406 1559 :
2441 1506 2494 1562 5.
2521 1505 2812 1558 Aidiﬁeate
2840 1504 3052 1560 domos.
3081 1512 3133 1555 rt
3167 1503 3424 1558 habitate.
3444 1511 3496 1553 et
3520 1501 3764 1568 piantate

2185 1599 2395 1660 hortos,
2441 1607 2496 1652 et
2533 1597 2676 1652 edite
2709 1596 2924 1651 fruetus
2955 1609 3168 1656 eorum,
3205 1593 3257 1646 6.
3293 1605 3346 1646 et
3375 1589 3576 1647 sumite
3621 1603 3762 1643 uxo-

2183 1707 2290 1754 res,
2311 1701 2362 1744 ct
2387 1690 2546 1744 facite
2575 1699 2733 1743 natos
2769 1689 2929 1750 ﬁlios,
2953 1697 3007 1741 et
3037 1687 3196 1748 tilias,
3220 1695 3274 1738 et
3295 1685 3493 1738 sumite
3515 1683 3643 1737 filiis
3669 1696 3764 1736 vc-

2185 1784 2314 1836 stris
2363 1795 2582 1843 uxores,
2627 1789 2682 1836 et
2728 1779 2868 1833 tilias
2895 1787 3106 1832 vestras
3129 1779 3254 1830 date
3279 1776 3433 1835 viris.
3463 1784 3517 1828 et
3543 1773 3763 1845 pariant

509 1863 636 1922 hoc.
671 1867 816 1934 quod
850 1881 950 1936 ego
970 1867 1093 1924 dico
1127 1867 1179 1920 in
1205 1883 1365 1922 aures
1400 1869 1482 1939 (ά)
1513 1882 1741 1936 vestias,
1767 1879 1818 1924 et
1844 1871 1896 1923 in
1920 1885 2080 1924 aures
2115 1866 2154 1919 Β
2189 1873 2326 1926 ﬁlios
2361 1881 2415 1925 et
2449 1871 2613 1933 filias,
2657 1879 2712 1924 et
2748 1867 3186 1936 multiplicamini
3245 1867 3314 1934 Χ
3364 1865 3436 1919 ibi
3479 1865 3502 1932 1
3535 1903 3550 1929 ,
3602 1873 3658 1917 et
3693 1879 3762 1917 ne

511 1955 692 2009 omnis
741 1958 947 2026 populi.
984 1958 1039 2011 8.
1089 1957 1394 2027 Prophetae,
1454 1961 1548 2028 qui
1607 1960 1828 2014 fuerunt
1875 1961 2087 2030 priores

510 2060 599 2097 me
624 2085 638 2108 ,
676 2060 730 2098 et
750 2047 958 2115 priores
993 2047 1062 2116 (ρ)
1101 2049 1254 2102 vobis
1280 2064 1308 2101 a
1337 2049 1558 2112 sa‘cnlo,
1599 2058 1652 2102 et
1695 2049 2088 2118 prOphctarunt

515 2135 583 2204 (ί)
618 2152 782 2204 super
827 2149 969 2191 terra
1005 2139 1198 2202 multa,
1243 2149 1296 2193 et
1333 2155 1498 2209 super
1551 2140 1734 2209 regnis
1785 2141 1998 2210 magnis
2031 2143 2084 2193 in

511 2229 741 2293 bellum,
770 2233 836 2297 Χ
871 2239 924 2282 et
957 2230 1008 2281 in
1037 2231 1276 2293 maia,ct
1299 2231 1352 2284 in
1377 2242 1606 2286 mortem
1641 2233 1687 2298 1.
1713 2233 1764 2286 9.
1795 2231 2085 2302 Propheta,

514 2319 609 2385 qui
643 2321 985 2388 prapbctavit
1031 2320 1082 2373 in
1119 2337 1327 2390 pacem,
1371 2336 1539 2390 quum
1583 2322 1730 2375 venit
1763 2323 1989 2376 verbum
2021 2325 2086 2388 »ζ

515 2411 791 2478 prophetae
821 2411 842 2477 1
868 2450 882 2473 ,
917 2411 988 2479 (g)
1021 2421 1354 2479 cognoscent
1381 2411 1720 2480 prophetam,
1753 2427 1912 2479 quem
1941 2413 2090 2466 misit

516 2515 580 2556 σε·
612 2501 741 2570 eis1
781 2503 1042 2556 Dominus
1068 2503 1143 2574 (Ii)
1175 2503 1225 2555 in
1255 2503 1375 2555 ﬁde.
1405 2503 1488 2556 10.
1520 2501 1586 2555 Et
1615 2503 1811 2556 sumsit
1839 2502 2088 2560 llanania

513 2595 581 2660 ἢ(
611 2591 876 2660 propheta
907 2593 929 2662 1
985 2607 1044 2648 σε-
1098 2593 1150 2647 in
1185 2594 1358 2648 oculis
1393 2595 1574 2646 otnnis
1604 2594 1784 2662 populi
1815 2592 1840 2661 1
1867 2595 2088 2648 cellaria

512 2699 579 2736 ex
628 2684 768 2738 collo
818 2683 1070 2739 Jvremia:
1102 2687 1169 2753 3K
1202 2686 1478 2754 prophetae
1514 2685 1572 2749 1,
1605 2694 1658 2738 et
1695 2685 1960 2752 confregit
2003 2699 2086 2738 ea.

514 2775 602 2831 ‘li.
643 2777 710 2830 Et
749 2777 886 2830 dixit
927 2776 1170 2831 liauania
1207 2789 1332 2830 ante
1364 2779 1555 2831 oculos
1607 2780 1675 2844 χ(
1718 2777 1896 2830 onmis
1934 2779 1956 2845 1
1992 2791 2090 2846 po-

513 2867 649 2937 puli,
685 2869 874 2923 dicens
920 2887 934 2922 :
972 2867 1062 2923 Sic
1096 2869 1232 2923 dixit
1267 2871 1528 2924 Dominus
1560 2868 1717 2923 :.Sic
1746 2869 2089 2938 confringam

512 2959 706 3029 jngum
745 2961 812 3027 3K
843 2957 1406 3014 Nabuchodonosoris
1427 2960 1572 3028 regis
1603 2959 1894 3029 Babylonis
1917 2959 1981 3028 (ἱ)
2006 2973 2093 3013 su-

516 3064 612 3118 per
654 3049 869 3103 duobns
924 3051 1084 3105 annis
1126 3050 1340 3104 dierum
1399 3049 1473 3121 (fc)
1523 3065 1588 3104 ex
1639 3050 1794 3106 collis
1845 3050 2089 3104 monium

515 3139 782 3207 gentium.
835 3140 898 3194 Et
945 3139 1080 3194 abiit
1135 3137 1373 3194 Jercmia
1423 3140 1683 3209 propheta
1739 3141 1762 3207 1
1833 3140 1888 3193 in
1945 3140 2089 3194 viam

518 3247 696 3285 suam.
747 3231 835 3285 12.
877 3232 940 3285 lit
982 3230 1186 3286 factum
1232 3241 1316 3286 est
1349 3232 1570 3285 verbum
1601 3230 1815 3285 Domini
1847 3229 2089 3285 adJere-

515 3325 706 3386 miam,
743 3335 1036 3393 postquam
1070 3321 1340 3392 confregit
1383 3321 1630 3376 lianania
1659 3325 1727 3390 Ἃ(
1763 3323 2026 3392 propheta
2065 3323 2087 3390 1

517 3415 742 3469 cellaria
776 3419 841 3486 βυ(
878 3417 996 3486 ejus
1045 3432 1109 3470 ex
1155 3416 1298 3470 collo
1339 3415 1403 3485 (ι)
1449 3415 1571 3484 ejus
1601 3418 1877 3484 propheta:
1908 3415 1928 3482 1
1961 3455 1976 3479 ,
2011 3415 2095 3469 di-

516 3521 646 3560 cens
686 3524 700 3559 :
738 3507 826 3563 15.
876 3507 1053 3574 Vade,
1100 3517 1153 3560 et
1194 3507 1283 3561 dic
1326 3507 1390 3561 ad
1437 3505 1776 3570 Hananiam,
1811 3505 2042 3561 dicendo
2077 3524 2090 3558 :

519 3595 612 3650 hic
645 3596 782 3650 dixit
829 3596 1092 3652 Dominus
1147 3616 1160 3649 :
1207 3597 1444 3650 Collaria
1485 3597 1613 3666 ligni
1660 3595 1998 3664 confregisti,
2043 3605 2097 3650 et

519 3687 718 3742 faciam
753 3687 848 3756 (in)
883 3703 983 3758 pro
1023 3689 1106 3743 his
1133 3689 1355 3742 cellaria
1385 3685 1516 3742 ferri
1548 3705 1562 3741 :
1591 3687 1676 3740 14.
1711 3689 1840 3756 quia
1861 3689 1942 3742 sic
1959 3687 2096 3741 dixit

522 3780 791 3835 Dominus
831 3783 898 3850 Χ
931 3782 1192 3836 virtutum
1224 3781 1248 3849 1
1287 3781 1427 3835 Deus
1458 3779 1709 3834 lsraelis:
1736 3778 1927 3848 jngum
1965 3779 2094 3833 ferri

521 3875 678 3943 l-osui
727 3889 889 3942 super
935 3875 1134 3928 collum
1191 3873 1437 3927 omnium
1477 3873 1716 3942 gentium
1763 3875 1830 3940 >ε<
1876 3873 2092 3936 harum,

520 3967 587 4018 :d
625 3966 974 4021 serviendum
1004 3965 1526 4020 Nabuchodonosori
1569 3965 1590 4031 1
1631 3967 1740 4034 regi
1779 3963 2092 4034 Babylonis,

518 4061 584 4128 >ε<
614 4067 668 4112 et
718 4059 898 4113 colent
953 4060 1230 4112 servtium
1271 4053 1342 4119 ei,
1397 4065 1451 4109 et
1494 4071 1709 4126 quoque
1762 4057 1837 4124 (ιι)
1893 4055 2098 4110 bestias

521 4152 634 4220 agri
677 4151 798 4205 dedi
843 4151 892 4204 ei
931 4151 978 4218 1.
1037 4149 1124 4203 15.
1177 4149 1242 4203 Et
1288 4149 1434 4207 dixit,
1470 4148 1704 4203 .iercmia
1738 4151 1805 4216 >θ<
1833 4149 2095 4217 prepheia

519 4245 780 4300 llananite
823 4243 1100 4312 prophetat
1145 4243 1166 4310 1
1205 4261 1217 4296 :
1253 4243 1392 4296 Audi
1439 4245 1504 4309 >ε<
1540 4257 1705 4305 nunc,
1755 4240 1998 4295 lianania
2032 4241 2092 4310 1:

518 4336 634 4391 Non
669 4337 817 4389 misit
850 4347 898 4390 te
929 4335 1192 4389 Dominus
1239 4353 1248 4387 :
1286 4347 1340 4389 et
1373 4344 1427 4387 ιιι
1461 4333 1730 4388 conlidere
1776 4333 1950 4387 fecisti
2001 4347 2097 4400 po-

517 4431 704 4498 pulum
749 4429 895 4482 hunc
953 4429 1026 4496 (ο)
1069 4443 1232 4496 super
1285 4427 1511 4496 iniquis.
1573 4427 1659 4478 16.
1721 4424 1948 4494 Propter
1997 4425 2098 4479 hoc

519 4525 598 4576 sic
650 4521 787 4575 dixit
840 4520 1104 4574 Dominus
1161 4536 1174 4572 :

518 4631 676 4668 terrae
711 4615 854 4667 :hoc
884 4627 1027 4666 anno
1053 4615 1117 4680 )s(
1141 4619 1198 4664 tu
1232 4611 1254 4678 1
1291 4610 1574 4675 morieris;
1608 4608 1733 4677 quia
1761 4611 1824 4674 3K
1857 4606 2097 4674 obliqui-

518 4718 684 4760 tatem
721 4708 742 4774 1
772 4717 826 4760 tu
857 4706 1071 4758 locutus
1103 4719 1160 4756 cs
1185 4703 1250 4756 ad
1278 4702 1587 4756 Dominum.
1629 4699 1711 4752 i7.
1753 4697 1818 4750 Et
1851 4709 2099 4754 mortuus

517 4809 601 4852 i-st
632 4802 698 4866 ζξ(
733 4797 976 4859 lianania
1012 4797 1273 4866 propheta
1319 4795 1371 4849 in
1421 4811 1565 4848 anno
1602 4793 1691 4846 illo
1727 4791 1750 4860 1
1802 4791 1855 4844 in
1907 4804 2094 4844 mense

519 4889 769 4954 septimo.

589 4983 722 5048 Cap.
767 4977 959 5031 XXIX.
991 4979 1042 5032 1.
1071 4979 1134 5033 Et
1161 4979 1274 5034 inec
1295 4979 1458 5033 verba
1488 4977 1632 5040 libri,
1662 4990 1785 5046 quae
1825 4975 1976 5028 misit
1999 4971 2090 5026 Je-

519 5073 686 5126 rcmit
741 5075 806 5139 Ἀ(
859 5071 1120 5140 propheta
1169 5072 1191 5140 1
1245 5086 1312 5125 ex
1365 5069 1665 5124 Jerusalem
1720 5067 1786 5120 ad
1842 5067 2092 5120 seniores

518 5163 1037 5234 transmig-ationis,
1078 5170 1131 5215 et.
1159 5163 1223 5215 ad
1268 5159 1599 5225 sacerdotes,
1647 5167 1702 5213 et
1739 5159 1804 5210 ad
1854 5157 2088 5227 pseudo-

519 5257 835 5326 prophetas,
888 5252 1173 5324 epistolam
1234 5251 1289 5304 in
1338 5249 1669 5320 Babylonem
1716 5263 1780 5304 σξ-
1823 5247 2092 5316 demigra-

2188 1961 2569 2016 diminuamini
2605 1978 2622 2016 :
2659 1959 2713 2013 7.
2747 1969 2802 2015 et
2842 1961 3006 2013 vivite
3037 1959 3106 2024 (ν)
3139 1959 3194 2011 in
3245 1972 3429 2027 pacem
3473 1967 3654 2017 terrae,
3701 1955 3760 2008 in

2187 2071 2348 2121 quam
2386 2053 2692 2122 demigrare
2717 2051 2818 2106 feci
2849 2067 2948 2106 vos
2983 2051 3114 2104 illuc
3143 2065 3159 2102 :
3199 2059 3253 2103 et
3282 2057 3432 2102 orate
3455 2061 3553 2116 pro
3580 2046 3662 2101 eis
3689 2045 3760 2100 ad

2187 2144 2516 2210 Dominum;
2567 2144 2694 2213 quia
2739 2143 2791 2195 in
2830 2157 2963 2211 pace
2993 2141 3063 2211 (δ)
3095 2155 3287 2195 eorum
3325 2139 3384 2193 ﬁt
3435 2138 3592 2194 vobis
3631 2153 3758 2207 pax.

2189 2237 2239 2288 8.
2279 2234 2548 2300 Quoniam
2599 2234 2678 2289 sic
2721 2233 2860 2287 dixit
2893 2233 3159 2286 Dominus
3193 2233 3260 2300 >ε<
3309 2230 3572 2284 virtutum
3615 2229 3758 2285 Deus

2189 2325 2404 2380 lsraeiis
2441 2327 2461 2393 1
2491 2345 2505 2381 :
2541 2324 2658 2380 Non
2697 2325 3060 2395 persuadeant
3085 2325 3240 2378 vobis
3275 2323 3760 2392 pseudoprophctae

2191 2421 2256 2486 >ε<
2285 2419 2446 2471 vestri
2483 2417 2504 2485 1
2539 2431 2602 2472 -:—-
2631 2418 2722 2486 qui
2757 2419 2808 2470 in
2843 2417 2999 2472 vobis
3025 2417 3047 2486 1
3069 2455 3084 2478 ,
3117 2425 3170 2469 cl
3211 2429 3270 2468 vz—
3301 2429 3407 2468 non
3437 2417 3503 2482 (ι)
3535 2427 3758 2482 persua-

2187 2511 2351 2564 deant
2375 2511 2526 2563 vobis
2555 2509 2577 2578 1
2607 2509 2944 2564 divinatores
2967 2508 3132 2562 vestri
3157 2527 3169 2561 :
3193 2517 3246 2560 et
3270 2522 3336 2560 ne
3362 2505 3686 2574 audiatis(u)
3707 2505 3762 2558 in

2188 2600 2420 2654 somniis
2441 2599 2660 2662 vestris,
2688 2615 2810 2668 quae
2837 2613 2935 2653 vos
2966 2599 3286 2660 somniatis;
3323 2595 3378 2652 9.
3418 2597 3542 2666 quia
3575 2595 3760 2665 iniqua

2190 2692 2265 2745 illi
2301 2691 2621 2762 prophetam
2651 2691 2806 2746 vobis
2839 2705 3001 2758 super
3041 2689 3263 2743 nomine
3295 2705 3414 2742 meo
3443 2707 3457 2742 :
3493 2701 3601 2742 non
3637 2685 3762 2741 misi

2189 2796 2304 2842 eos,
2355 2777 2489 2835 dicit
2527 2779 2811 2835 Dominus.
2868 2779 2956 2834 10.
3005 2779 3141 2840 Ouia
3171 2779 3253 2832 sic
3281 2777 3419 2832 dixit
3447 2773 3717 2830 Dominus
3747 2789 3762 2826 :

2193 2869 2271 2943 (ας)
2302 2872 2438 2926 Cum
2470 2871 2639 2926 futuri
2695 2877 2822 2926 sunt
2867 2870 3079 2939 impleri
3119 2867 3380 2940 Babyloni
3415 2865 3764 2936 septuaginta

2192 2964 2340 3028 ani,
2380 2963 2614 3017 visitabo
2654 2977 2772 3026 vos,
2821 2970 2876 3016 et
2926 2963 3204 3030 imponam
3259 2973 3424 3028 super
3464 2972 3563 3011 vos
3596 2956 3766 3010 verba

2194 3069 2310 3106 mea
2347 3055 2411 3120 )a(
2439 3053 2578 3105 bona
2615 3052 2637 3118 1
2663 3092 2677 3116 ,
2707 3050 2774 3104 ad
2801 3049 3167 3104 reducendum
3193 3061 3289 3102 vos
3313 3048 3366 3100 in
3393 3047 3570 3100 locum
3597 3045 3766 3098 hunc.

2196 3144 2283 3198 11.
2322 3148 2388 3214 >ε<
2428 3143 2566 3209 Quia
2596 3157 2696 3212 ego
2723 3145 2839 3198 scio
2867 3141 3277 3210 Cogitationem,
3310 3137 3439 3208 quia
3463 3152 3565 3206 ego
3583 3151 3708 3190 sum
3741 3133 3765 3202 1

2194 3245 2248 3290 et
2281 3237 2527 3306 cogitans
2552 3249 2716 3304 super
2746 3249 2860 3297 vos,
2889 3235 2957 3300 )t(
2993 3231 3126 3286 dicit
3166 3229 3432 3284 Dominus
3465 3230 3530 3299 1,
3555 3227 3766 3296 cogita-

2195 3329 2394 3384 tionem
2427 3329 2599 3397 pacis,
2629 3337 2680 3381 ct
2707 3341 2814 3380 non
2849 3327 3014 3386 mala,
3051 3322 3118 3377 ad
3153 3323 3394 3376 dandum
3446 3321 3602 3375 vobis
3647 3329 3766 3389 post

2199 3421 2314 3474 lucc
2347 3423 2414 3489 )K
2451 3420 2615 3473 etiam
2654 3433 2807 3487 spem
2857 3435 2872 3471 :
2917 3415 3007 3470 12.
3043 3423 3096 3468 et
3131 3416 3379 3467 invocate
3419 3427 3524 3474 me,
3569 3421 3623 3465 et
3663 3411 3766 3464 ibi—

2197 3512 2266 3566 tis
2303 3512 2364 3578 1,
2401 3523 2454 3564 et
2501 3521 2652 3564 orate
2701 3510 2765 3562 ad
2813 3525 2918 3570 me,
2961 3517 3014 3560 et
3067 3505 3354 3560 exaudiam
3407 3519 3528 3557 vos.
3581 3504 3668 3555 15.
3705 3501 3768 3554 Et

2197 3601 2449 3671 qua-retis
2481 3615 2587 3662 me,
2625 3609 2679 3652 et
2708 3597 2994 3652 invenietis
3028 3609 3136 3656 me,
3159 3593 3284 3662 quia
3316 3591 3572 3661 quaeri-tis
3604 3603 3690 3642 tne
3715 3588 3766 3641 in

2198 3701 2311 3746 toto
2337 3691 2501 3744 corde
2537 3699 2719 3744 vestro
2755 3705 2768 3719 ·
2803 3687 2888 3741 14.
2927 3697 2978 3741 et
3011 3685 3284 3754 apparebo
3335 3682 3509 3742 vobis,
3543 3684 3612 3747 χ
3639 3679 3768 3732 dicit

2197 3783 2482 3847 Dominus,
2536 3791 2591 3834 et
2655 3781 2912 3833 reducam
2963 3777 3331 3846 captivitatem
3391 3782 3654 3832 vestram,
3713 3777 3768 3824 et

2197 3877 2531 3944 congregatio
2571 3888 2666 3926 vos
2705 3887 2770 3925 ex
2803 3869 3064 3924 omnibus
3095 3867 3370 3937 gentibus,
3403 3874 3457 3917 ct
3487 3879 3552 3916 ex
3591 3860 3770 3916 enini.

2199 3967 2301 4022 bus
2327 3966 2481 4027 locis,
2514 3980 2624 4033 quo
2655 3961 2888 4032 dispersi
2924 3975 3022 4015 vos
3071 3959 3221 4020 illuc,
3276 3957 3408 4011 dit-it
3454 3955 3718 4010 Dominus
3753 3969 3772 4006 :

2198 4063 2252 4107 et
2289 4053 2542 4107 reducam
2580 4065 2679 4104 vos
2723 4049 2777 4103 in
2831 4049 3032 4113 locum,
3069 4047 3213 4101 unde
3261 4045 3538 4116 drportavi
3576 4061 3674 4096 vos
3707 4043 3772 4096 il-

2199 4146 2286 4200 luc
2319 4145 2365 4212 1.
2403 4144 2484 4198 15.
2519 4142 2658 4208 Quia
2685 4141 2921 4204 dixistis,
2963 4139 3110 4210 quod
3155 4137 3442 4194 constituit
3484 4137 3646 4190 nobis
3679 4134 3778 4186 Do-

2199 4239 2379 4291 minus
2403 4237 2692 4305 prophetas
2723 4234 2775 4287 in
2801 4232 3098 4287 Dahvlone.
3131 4229 3218 4286 16.
3245 4236 3312 4299 31(
3335 4229 3470 4295 Quia
3495 4229 3612 4282 haec
3639 4227 3774 4282 dicit

2199 4328 2462 4382 Dominus
2496 4327 2562 4381 ad
2591 4341 2773 4396 regem
2807 4325 3090 4380 sedentem
3119 4339 3284 4393 super
3331 4321 3471 4376 solio
3528 4320 3774 4384 Davidis,

2199 4428 2252 4472 et
2274 4433 2436 4486 super
2466 4431 2682 4470 onmem
2711 4414 2971 4485 populum
3005 4413 3334 4466 habitantem
3366 4409 3420 4462 in
3465 4407 3604 4459 urbe
3647 4408 3775 4466 hac,

1233 4517 1369 4572 Eure
1414 4533 1514 4585 ego
1573 4519 1727 4570 mitto
1780 4526 1832 4570 te
1881 4531 1910 4568 a
1957 4516 2094 4570 lacie
2129 4541 2171 4595 υ
2203 4509 2395 4565 fratres
2417 4520 2649 4574 vestros,
2691 4508 2782 4577 qui
2815 4521 2924 4560 non
2957 4504 3160 4573 egressi
3195 4511 3322 4558 sunt
3355 4516 3480 4556 cum
3519 4498 3678 4551 vobis
3718 4497 3774 4548 in

2201 4605 2613 4674 demigratione.
2659 4603 2745 4656 17.
2787 4599 2916 4656 Haec
2951 4600 3086 4654 dicit
3135 4596 3399 4651 Dominus
3445 4595 3708 4646 virtutum
3757 4607 3772 4642 :

2201 4696 2339 4752 Ecce
2368 4711 2467 4767 ego
2491 4695 2648 4750 mitto
2671 4695 2723 4748 in
2755 4709 2850 4747 eos
2876 4691 3139 4762 gladium,
3182 4699 3238 4744 et
3286 4688 3506 4751 famem,
3535 4695 3592 4740 et
3627 4699 3774 4737 mor-

2200 4798 2332 4848 tem,
2362 4794 2417 4840 et
2447 4785 2589 4839 dabo
2624 4785 2674 4838 id
2720 4793 2778 4838 ut
2810 4785 2948 4837 licus
2989 4783 3066 4852 (υ)
3103 4781 3345 4840 Snarim,
3385 4793 3506 4847 qua:
3541 4791 3650 4830 non
3681 4791 3775 4829 eo-

2199 4879 2484 4932 mcdentur
2519 4891 2629 4945 prae
2652 4875 2880 4929 malitia.
2915 4873 3000 4928 18.
3039 4871 3103 4926 Ει
3123 4885 3418 4941 persequar
3441 4877 3564 4938 post
3591 4883 3690 4921 eos
3719 4867 3776 4919 in

2199 4969 2398 5040 gladio,
2421 4968 2551 5022 etin
2585 4967 2746 5029 fame,
2779 4975 2833 5018 et
2865 4965 2917 5018 in
2948 4975 3147 5022 morte.
3173 4971 3227 5016 et
3249 4963 3391 5016 dabo
3420 4975 3515 5014 eos
3541 4960 3594 5011 in
3625 4961 3776 5011 co'm-

2201 5062 2494 5116 motionem
2543 5060 2801 5113 omuibus
2835 5058 3019 5127 regnis
3055 5065 3232 5116 terrae,
3281 5055 3332 5106 in
3373 5053 3778 5119 juramentum,

2199 5165 2252 5209 ct
2297 5155 2350 5206 in
2385 5153 2634 5216 exitium,
2664 5161 2718 5206 et
2763 5152 2814 5204 in
2859 5149 3100 5207 sibilum,
3137 5157 3191 5199 et
3227 5146 3280 5199 in
3314 5142 3664 5213 opprobrium
3717 5139 3778 5191 in

2201 5243 2457 5299 omnibus
2489 5241 2742 5312 gentibus
2763 5279 2776 5304 ,
2814 5255 2924 5309 quo
2960 5237 3192 5307 dispersi
3225 5251 3320 5290 eos
3366 5233 3512 5286 illuc.
3545 5231 3633 5284 19.
3667 5227 3780 5282 Pro

589 5433 665 5488 to)
707 5430 798 5491 Α..
829 5427 1054 5482 ﬁdeliter
1081 5436 1130 5481 te
1163 5423 1496 5497 gerestiieb.
1525 5439 1706 5497 amen.
1782 5419 2022 5497 (εμρ-ἓί.
2102 5419 2179 5488 (d)
2209 5418 2376 5497 Titos.
2451 5415 2640 5497 (e)_'['e.
2681 5413 3070 5497 ‘.(f)'.4.,super
3099 5406 3502 5497 terris‘multi‘s.
3561 5402 3774 5497 {(51).}.

521 5499 604 5564 S.,
644 5509 1022 5568 cognoseetur.
1101 5493 1187 5566 (lii
1209 5498 1295 5568 4.,
1325 5493 1405 5568 8:.
1432 5495 1483 5548 in
1509 5495 1749 5548 veritate.

521 5499 604 5564 3.,
644 5509 1022 5568 cognoscetur.
1101 5491 1295 5566 (him,
1325 5493 1405 5552 S..
1432 5495 1483 5548 in
1509 5495 1749 5548 veritate.
1792 5491 2144 5562 r(i)iiursus.
2225 5491 2295 5556 (It)
2341 5491 2414 5539 lix
2437 5491 2596 5540 collo.
2675 5491 3025 5553 (tueremur.
3103 5491 3240 5560 (ut);

519 5570 750 5624 bestiam
783 5569 1042 5636 regionis.
1119 5569 1190 5638 (ο)
1231 5567 1322 5629 Λ.,
1353 5564 1433 5638 ὅ..
1476 5581 1637 5634 super
1669 5565 1974 5618 mendacio.
2019 5559 2126 5638 _(_p)
2157 5561 2261 5638 _A._,
2301 5566 2586 5638 postquam
2615 5561 2992 5638 [egressusest
3016 5549 3240 5638 {cohorti

518 5642 728 5709 regina.
915 5638 996 5700 8.,
1031 5625 1327 5706 principem
1359 5625 1660 5709 fabrorum,
1682 5643 1736 5709 et
1763 5649 1909 5709 eum,
1940 5631 2032 5700 qui
2060 5625 2318 5709 includit;
2385 5631 2458 5709 μ)
2491 5625 2646 5708 Ἀηὸ

2675 5475 3042 5553 (“deterruma
3103 5483 3198 5548 (in)
3230 5477 3346 5553 _Pro
3379 5477 3481 5529 eis.
3559 5475 3638 5544 (η)
3677 5476 3780 5530 Α..

3247 5563 3278 5602 a
3317 5563 3429 5616 rex,
3459 5554 3512 5600 et
3541 5559 3662 5616 qua:
3685 5555 3788 5616 est

3273 5619 3342 5687 ts)
3383 5615 3535 5680 Ejus.
3560 5613 3638 5686 '(t)
3675 5613 3784 5666 Re—

2225 5487 2295 5556 (k)
2341 5491 2414 5539 lix
2437 5489 2596 5540 collo.

2390 5619 2458 5696 (ν)
2503 5619 2699 5696 A.,S.',
2723 5625 2774 5676 in
2812 5637 2994 5696 pacem
3024 5619 3194 5696 urbis.

519 5688 1660 5786 izbiii'I-ﬁeddéaigdisp-aptius'veairi.’
1709 5708 1788 5774 (ii)
1827 5688 1908 5756 Ad
1932 5688 2166 5786 somnia.
2244 5697 2322 5768 (ιε)
2365 5688 2453 5762 Α..
2491 5697 2542 5750 in
2573 5713 2669 5750 ore
2694 5688 3041 5763 impietionis,
3069 5689 3350 5762 Babyloni.
3427 5688 3504 5756 (ῃ)
3547 5689 3782 5750 Ληιιυιι

519 5776 898 5835 εόωυι1‹η;1;ιδ.
942 5776 1024 5834 S..
1055 5778 1274 5832 ultimas
