2078 3730
246 131 313 160 2351

827 128 942 156 CODEX
961 126 1294 156 SYRO-HEXAPLARIS.

1794 125 1866 155 9.352

247 191 317 223 Quia
332 189 465 216 adducam
482 188 520 222 (ιι)
532 187 703 214 sanationem
719 191 793 213 tuam
813 195 820 212 :
837 194 851 212 a
866 186 942 220 plaga
957 186 1033 212 doln-
1047 188 1069 215 Α
1082 186 1206 214 claudus.
1217 184 1338 218 gravida,
1354 187 1382 210 et
1394 182 1502 217 pariens
1518 182 1615 210 simul:
1628 186 1716 210 emtas
1725 185 1866 218 magnus;

247 244 310 263 rosa
324 235 427 262 sanabo
447 239 483 265 te,
498 234 564 261 dicit
584 233 732 263 Dominus;
759 231 795 266 (l1)
824 232 888 265 quia
910 232 1031 266 dispersa

246 286 342 308 vocata
355 288 395 307 es.
420 282 452 313 ιιι(
475 279 540 306 Sion
559 279 615 305 haec
632 279 642 312 ζ
664 285 692 305 +
712 277 819 304 venatio
835 282 925 304 vestra
945 282 987 304 est
1001 277 1030 310 ﬁ;

246 327 310 361 quia
329 327 375 361 qui
393 331 498 361 quaerat
512 333 582 357 eam,
601 333 655 351 non
668 329 719 351 est.
737 324 779 350 18.
797 323 832 358 (c)
844 323 889 350 Sic
900 323 968 350 dixit
980 323 1032 349 Do-

247 373 339 399 minus
357 380 366 399 :
382 371 451 398 Ecce
462 379 512 404 ego
524 371 649 397 reducam
662 369 885 404 demigratiouetn
898 370 930 402 χ(
944 373 1032 395 teuto-

247 418 350 444 riorutu
365 417 375 450 ζ
395 416 500 448 Jacobi,
513 421 540 442 et
562 415 600 450 td)
615 415 779 449 captivitatis
795 414 855 448 ejus
870 413 1029 440 miserebor.

246 462 280 489 Et
299 461 478 488 :edilicabitur
503 461 568 487 urbs
594 468 677 494 super
700 460 870 486 altitudinem
893 458 953 492 ejus
975 467 981 484 :
1004 463 1031 485 et

245 507 376 540 tmnpltun
392 506 470 539 juxta
484 505 616 539 judiciutu
630 512 709 531 suum
724 505 836 531 sedebit.
854 504 897 530 19.
913 503 945 530 Et
955 511 1031 538 egre-

245 551 355 578 dientur
374 551 408 585 (ε)
425 559 458 578 ex
478 551 519 578 eis
539 550 720 581 celebrantes,
736 555 762 577 et
785 557 836 576 vox
854 549 1003 576 ludentimn
1021 557 1029 576 :

245 604 272 624 ct
286 597 474 631 multiplicabo
486 605 543 627 eos,
558 601 649 623 etnon
664 596 832 626 minuentur,
851 596 884 629 >κ
899 599 926 621 et
944 595 1030 621 eflttn-

245 641 308 667 datu
327 648 386 671 eos,
406 646 433 667 et
450 647 503 667 nou
530 640 608 674 pauci
628 640 774 666 reddentur
793 639 816 673 ζ.
831 639 876 664 20.
893 638 925 664 ΕΙ.
941 638 1030 673 ingre-

246 686 355 712 dieutur
376 686 421 712 filii
445 693 551 716 eorum,
578 689 606 711 ut
631 690 709 712 antea
734 694 740 710 :
765 684 799 719 (Γ)
821 688 848 711 et
874 683 1030 710 testimonia

245 739 340 757 eorutn
357 736 419 757 autc
435 731 530 757 faciem
547 738 634 757 meatu
657 730 809 764 dirigentur
832 738 838 756 :
861 733 888 756 ct
913 729 1030 756 visitabo

246 777 280 809 Χ
296 783 377 809 super
397 783 491 803 omnes
515 775 544 809 ζ,
569 775 615 809 qui
641 774 763 809 afﬂigunt
783 782 853 801 eos:
877 773 921 800 21.
950 774 986 808 (g)
1004 779 1031 800 et

245 825 325 848 erunt
339 821 504 855 potentiores
520 828 552 846 eo
565 827 646 855 super
658 827 705 847 eos
720 828 727 846 :
741 824 768 846 et
783 820 908 854 princeps
923 820 982 854 ejus
997 827 1028 846 cx

1085 235 1112 257 et
1126 234 1295 257 revertentur
1311 228 1375 255 huc.
1397 228 1422 255 9.
1446 227 1474 253 In
1491 227 1554 253 ﬂclu
1569 227 1704 259 exierunt,
1717 232 1744 254 et
1763 228 1789 254 iu
1803 236 1867 254 cou-

1085 275 1218 302 solatioue
1234 273 1365 301 adducam
1376 280 1422 299 eos
1431 273 1468 307 (y)
1485 272 1650 299 confirmans
1661 273 1692 307 (‘l
1704 281 1785 307 super
1795 274 1868 300 rivos

1086 326 1218 353 aquarum
1235 318 1261 345 in
1275 317 1319 344 via
1335 321 1418 349 recta,
1433 322 1460 344 et
1485 325 1538 343 non
1553 318 1684 344 errabunt
1699 318 1725 344 in
1743 325 1785 345 ea.
1799 317 1867 350 Quia

1085 364 1173 391 factus
1187 371 1248 391 sum
1265 362 1355 389 l»raeli
1372 363 1397 389 in
1415 367 1518 396 patrem
1535 372 1541 388 :
1555 366 1581 389 et
1599 362 1722 397 Ephnem
1735 364 1868 398 primoge-

1086 409 1159 436 nilus
1170 416 1246 436 meus
1263 413 1314 435 est.
1334 407 1374 434 10.
1388 407 1486 434 Audite
1496 408 1609 435 verbum
1631 408 1750 440 Domini,
1763 414 1868 443 gentes,

1084 459 1110 481 ct
1132 454 1291 480 annuntialc
1315 453 1342 479 in
1366 453 1470 480 insulas
1489 453 1667 487 longinquas,
1693 453 1797 480 dicite:
1817 454 1867 487 Qui

1084 500 1225 527 ventilavit
1244 498 1382 530 Israelctn,
1405 498 1581 533 eongrcgabit
1599 506 1674 530 eum,
1694 503 1721 525 et
1734 499 1869 526 custodiet

1084 553 1157 575 eum.
1173 549 1201 571 ut
1212 544 1258 578 qui
1271 544 1357 578 pascit
1370 551 1476 578 gregem
1496 550 1587 570 suutn.
1604 543 1647 569 11.
1673 543 1741 576 Quia
1758 542 1869 570 redemit

1086 590 1216 616 Dominus
1232 587 1375 619 Jacolmm,
1391 588 1428 622 (ι)
1444 587 1568 614 liberavit
1581 595 1640 614 cum
1653 596 1668 614 e
1681 595 1763 614 manu
1775 587 1868 614 durio-

1084 636 1123 663 ris
1138 644 1169 662 eo
1185 644 1190 661 :
1207 635 1247 661 12.
1261 639 1288 661 et
1304 634 1422 665 venient,
1434 638 1461 660 et
1475 633 1649 663 ltetabunlur,
1663 634 1696 666 ἢ(
1711 636 1737 659 et
1750 633 1867 660 exsulta-

1084 682 1151 709 buut
1166 682 1176 715 ξ
1193 682 1230 715 (a)
1247 681 1273 707 in
1289 684 1380 707 monte
1394 679 1484 706 Sintiis
1507 688 1513 705 :
1532 684 1559 706 et
1576 680 1684 706 Venith
1705 688 1787 714 super
1800 681 1869 707 bona

1084 728 1202 759 Dmnini,
1234 735 1315 761 super
1339 731 1438 753 terram
1458 725 1602 757 frumenti,
1628 731 1655 752 et
1681 725 1757 756 vini,
1784 725 1822 759 (ιι)
1844 729 1870 752 et

1085 774 1213 804 fructum.
1239 777 1266 800 et
1295 772 1492 807 jumentorum,
1525 776 1553 798 et
1574 771 1677 803 ovium,
1705 776 1731 798 ct
1758 772 1868 798 boum:

1084 825 1110 847 et
1135 820 1187 847 erit
1214 819 1304 846 anima
1336 826 1443 850 eorum,
1465 818 1500 851 (ε)
1529 822 1559 845 ut
1588 817 1701 852 lignum,
1723 817 1796 851 qttod
1824 817 1870 843 (lat

245 874 278 893 eo
296 865 460 899 egredietur.
477 865 515 899 (Ιι)
542 864 574 892 Ει
597 865 770 899 congregabo
786 872 844 896 eos,
868 869 895 891 et
916 872 946 891 se
965 872 1029 891 eon-
1048 871 1067 899 ιι
1083 866 1210 893 fructus:
1234 870 1261 892 et
1279 872 1332 891 non
1358 865 1481 891 esurient
1499 863 1627 897 amplius.
1648 863 1691 889 15.
1710 862 1788 889 Tunc
1803 870 1870 897 gau-

244 916 350 937 vcrtent
365 912 398 937 ad
415 918 457 938 me
475 920 482 937 :
499 912 629 945 quoniam
645 910 707 944 quis
722 910 766 937 hie
786 914 837 941 est,
860 910 906 944 qui
926 910 1031 937 dederit

245 962 292 981 eor
308 962 387 982 suum
407 954 438 989 (ἱ)
460 954 582 980 conwrli
601 953 633 980 ad
653 961 706 984 me,
734 954 767 986 >κ
795 953 860 979 dicit
881 951 1032 979 Dominus?

243 1000 289 1026 '22.
308 999 339 1026 Et
353 1000 430 1026 eritis
447 999 514 1026 tuihi
537 999 562 1025 in
578 998 721 1033 populum,
739 1003 766 1025 ct
780 1006 830 1032 ego
847 1006 895 1025 ero
911 998 989 1025 vobis
1003 998 1030 1024 in

245 1045 329 1072 Deum
344 1045 368 1077 ί.
381 1045 428 1071 23.
446 1044 482 1079 (Ic)
498 1044 567 1076 Quia
582 1044 622 1070 ira
639 1043 746 1070 Dotttini
764 1043 911 1070 furibunda
921 1051 1031 1078 egressa

244 1095 287 1117 est
306 1099 313 1117 :
332 1097 443 1125 egressa
467 1095 508 1118 cst
529 1091 580 1121 ira,
606 1097 668 1124 qua:
695 1095 802 1116 versata
826 1096 908 1123 super
933 1089 1032 1123 impios

246 1136 345 1165 \cniet.
361 1136 407 1163 ‘2‘.
424 1136 482 1163 Non
502 1140 653 1162 revertetur
670 1135 709 1162 ira
729 1135 830 1162 furoris
849 1135 968 1167 Domini,
984 1135 1033 1161 do-

247 1190 299 1208 nec
330 1181 423 1214 faciat,
453 1188 479 1208 et
505 1182 594 1208 donec
624 1182 773 1208 constituat
806 1180 1033 1215 praeparationem

244 1227 336 1254 cordis
348 1228 400 1253 sui.
417 1228 445 1253 ln
466 1227 517 1253 line
532 1227 636 1253 diertnu
654 1226 824 1260 cognoscetis
837 1233 881 1252 ea.

280 1272 356 1299 CAP.
375 1271 536 1298 XXXI.—l.
553 1271 580 1298 In
598 1276 719 1305 tempore
738 1271 784 1297 illo
800 1270 869 1297 dixit
886 1269 1031 1301 Dominus,

243 1320 298 1346 Ero
311 1320 337 1345 in
353 1318 437 1345 Deum
455 1318 486 1353 (Ι)
510 1318 601 1352 generi
630 1317 748 1347 lsraelis,
764 1320 790 1343 et
815 1316 852 1343 illi
874 1316 1032 1343 erunttuihi

245 1364 272 1390 in
284 1364 424 1398 populum.
440 1363 468 1389 2.
488 1361 533 1389 Sic
551 1362 619 1388 dixit
642 1361 774 1388 Dominus
792 1370 798 1388 :
816 1361 907 1388 Inveni
924 1361 970 1396 (ιιι)
988 1369 1033 1388 ca-

244 1409 328 1435 lidtnu
346 1409 372 1435 in
384 1409 493 1435 deserto
513 1407 551 1442 (ιι)
572 1415 634 1434 ctttn
653 1407 695 1438 iis,
719 1407 764 1440 qui
783 1407 920 1441 perierunt
933 1406 1032 1441 gladio.

244 1453 292 1484 Ite,
313 1458 340 1481 et
354 1461 387 1480 nc
399 1453 516 1488 pet-datis
537 1452 662 1479 lsraelem
680 1461 686 1479 :
710 1453 736 1479 5.
756 1460 789 1479 ex
806 1452 957 1486 longinquo
981 1452 1034 1479 Do-

245 1501 337 1527 minus
363 1500 438 1527 visus
460 1504 502 1526 est
523 1500 559 1526 ei.
578 1499 737 1529 Dilectione,
755 1506 816 1532 qua:
843 1498 869 1524 in
892 1498 1032 1528 saeculum,

244 1545 324 1572 dilexi
341 1549 366 1572 te
387 1553 393 1571 :

244 1591 456 1625 adipiscendam.
486 1592 514 1617 4.
545 1590 697 1617 .Edilicabo
725 1594 759 1620 te.
790 1594 817 1616 ct
841 1589 1028 1620 aalilicaberis,

243 1639 319 1672 virgo
331 1637 437 1666 lsraelis
455 1647 461 1665 :
479 1637 516 1673 (ο)
533 1639 622 1664 adhuc
636 1645 760 1664 assumes
772 1642 927 1672 tympanum
941 1642 1028 1668 tuum,

243 1688 270 1709 ct
286 1683 434 1715 egredieris
455 1683 493 1718 (ρ)
509 1691 570 1710 etim
588 1684 665 1710 turba
691 1682 851 1709 ludentium.
872 1682 899 1709 5.
925 1681 1032 1710 llursus

243 1727 379 1760 plantabis
395 1727 488 1754 vincas
504 1727 531 1754 in
546 1732 638 1754 tnonte
653 1726 784 1753 Samaria:
801 1735 807 1753 :
823 1727 941 1760 plantate
955 1727 1032 1761 plau-

244 1773 371 1804 lationes,
386 1775 421 1807 (q)
440 1778 464 1799 et
482 1773 589 1799 laudate
606 1782 611 1799 :
638 1773 664 1798 6.
686 1772 749 1806 quia
766 1776 806 1798 est
821 1772 879 1799 dies
899 1772 935 1807 (r)
951 1780 1030 1799 voca-

244 1818 325 1844 tionis
341 1818 510 1845 defendentis
523 1825 650 1845 sermone
671 1817 697 1844 iu
720 1817 859 1843 montibus
883 1816 1006 1851 Ephrtem
1023 1826 1029 1844 :

243 1863 357 1896 surgite,
384 1863 417 1896 (ιι)
440 1867 467 1889 et
484 1862 622 1889 ascendite
642 1862 667 1888 iit
694 1861 803 1888 Sionem
826 1862 858 1888 ad
885 1860 1028 1888 Dotnintun

243 1906 328 1933 Drum
346 1912 478 1933 nostrum.
491 1907 516 1932 7.
530 1908 561 1940 (ι)
576 1906 621 1933 Sic
629 1906 697 1933 dixit
713 1906 843 1933 Dominus
855 1907 888 1939 >ε<
901 1905 1028 1939 ,Ιιιεοιιοζε

243 1952 283 1987 (ιι)
300 1952 450 1984 Exsultate,
466 1952 604 1983 lzetamini,
617 1956 643 1978 et
658 1951 762 1978 ltinnite
773 1958 855 1986 super
870 1956 951 1986 caput
964 1959 1030 1984 gen-

243 1997 311 2024 tittm
329 2006 336 2023 :
354 1997 446 2023 audita
469 1996 560 2029 facite,
589 2003 615 2023 et
639 1997 756 2027 Lotdate,
782 1997 862 2023 dicite
881 2006 888 2024 :
913 1996 1031 2023 Salvavit

242 2042 375 2070 Dominus
394 2043 521 2077 populum
542 2051 631 2074 stium,
645 2042 775 2076 reliquias
790 2041 908 2069 lsraelis.
921 2042 947 2069 8.
961 2041 1031 2069 Ecce

241 2096 292 2123 ego
311 2089 417 2115 adduco
430 2097 477 2115 eos
493 2097 524 2115 ex
545 2089 682 2123 aquilone,
700 2093 727 2115 ct
741 2088 913 2123 congregabo
925 2095 973 2115 eos
992 2088 1030 2123 (ιιι)

242 2134 277 2160 ab
287 2139 409 2161 extremo
420 2138 497 2161 terra:
515 2135 541 2160 in
559 2134 730 2161 solemnitate
746 2134 894 2168 paschalis;
912 2135 945 2167 >ί<
960 2139 987 2161 et
998 2135 1031 2161 ad

242 2180 396 2208 faciendum
412 2180 482 2208 filios
498 2182 604 2208 turbam
627 2181 739 2208 mttltant
757 2190 764 2208 :
787 2181 813 2208 itt
830 2182 870 2208 cis
883 2188 983 2214 camus,
1000 2186 1026 2208 ct

1082 912 1185 938 debtmt
1201 910 1320 945 virgines
1334 909 1372 944 (ιι)
1385 910 1410 935 in
1425 913 1497 936 coetu
1512 908 1738 940 adolescen'ium,
1752 912 1779 934 et
1793 915 1870 934 senes

1083 963 1113 984 -ε-
1130 956 1283 991 gaudebunt
1304 955 1314 989 ξ
1335 963 1340 981 :
1361 959 1389 981 ct
1407 959 1511 980 vertam
1527 954 1631 980 luclutn
1646 960 1742 980 eorum
1760 953 1787 979 itt
1803 961 1870 987 gau—

1081 1002 1166 1033 dium,
1189 1000 1224 1036 (e)
1245 1005 1271 1027 et
1287 1000 1385 1027 faciam
1403 1007 1452 1026 eos
1473 999 1594 1026 latlantes
1617 999 1650 1032 >κ
1671 1006 1686 1024 e
1707 999 1871 1025 mazroribus

1081 1055 1177 1074 eorutn
1194 1047 1217 1081 ξ.
1234 1047 1275 1073 14.
1289 1054 1319 1074 +
1330 1045 1508 1081 Maguiticabo
1519 1045 1542 1079 ζ,
1555 1050 1581 1071 et
1597 1045 1738 1071 iuebriaho
1752 1044 1870 1071 animam

1082 1093 1254 1120 sacerdotum
1276 1099 1304 1119 -ι-
1322 1091 1439 1118 ﬁliorum
1456 1090 1518 1117 Levi
1540 1090 1563 1124 ζ,
1580 1091 1613 1124 >κ
1629 1090 1870 1124 pinguedine-net

1082 1138 1198 1173 populus
1223 1145 1300 1164 meus
1329 1137 1408 1163 bonis
1434 1136 1502 1163 meis
1525 1137 1738 1167 saturabuntur,
1757 1137 1791 1168 Χ
1807 1136 1872 1162 dicit

1084 1184 1214 1211 Dominus
1226 1183 1249 1217 ζ.
1272 1183 1315 1210 15.
1335 1182 1380 1209 Sic
1398 1182 1467 1208 dixit
1491 1182 1642 1209 Dominus:
1661 1181 1719 1208 Vox
1740 1182 1767 1208 itt
1788 1181 1869 1208 ﬂama

1082 1230 1174 1257 audita
1185 1234 1235 1262 est,
1251 1229 1283 1264 (ι’)
1302 1228 1473 1259 lamentatio,
1491 1233 1516 1255 et
1538 1227 1618 1255 ﬂetus
1636 1237 1642 1254 ε
1664 1227 1765 1254 Rachel
1777 1228 1870 1262 deplo-

1083 1283 1148 1303 rans
1171 1282 1253 1309 super
1276 1274 1340 1302 liliis
1359 1274 1416 1302 suis
1434 1282 1441 1301 ;
1469 1281 1521 1301 non
1540 1273 1625 1300 voluit
1643 1274 1680 1308 (g)
1701 1274 1872 1308 requiescere

1085 1323 1118 1354 >ε<
1134 1329 1216 1355 super
1234 1320 1297 1348 filiis
1316 1320 1374 1347 suis
1392 1320 1415 1353 ζ.
1434 1320 1498 1354 quia
1517 1327 1570 1346 non
1593 1324 1666 1346 sunt.
1686 1319 1729 1346 16.
1746 1319 1790 1345 Sir
1804 1319 1870 1346 dixit

1083 1367 1216 1393 Dominus
1239 1375 1245 1393 :
1279 1365 1397 1393 Desistat
1411 1372 1461 1392 vox
1488 1369 1533 1391 tua
1549 1372 1564 1391 a
1583 1364 1657 1397 fletu,
1675 1369 1702 1391 et
1716 1364 1787 1391 oculi
1804 1365 1842 1391 ttti
1856 1373 1871 1391 ιι

1084 1413 1221 1446 lacrimis;
1243 1412 1308 1447 quia
1328 1416 1369 1439 est
1389 1419 1493 1439 merces
1515 1411 1589 1445 operi
1608 1415 1665 1443 tuo,
1687 1412 1721 1444 Χ
1740 1412 1806 1438 dicit
1820 1411 1871 1438 Do-

1084 1459 1175 1485 minus
1198 1459 1221 1485 Ῑ.
1248 1462 1275 1485 et
1306 1461 1477 1485 revertentur
1503 1465 1535 1483 ex
1565 1462 1636 1483 terra
1671 1457 1871 1484 inimirorum:

1198 1478 1221 1493 ον

1085 1505 1117 1531 17
1134 1505 1169 1538 Χ
1181 1510 1208 1531 et
1223 1504 1276 1531 erit
1288 1512 1351 1538 spes
1362 1502 1529 1530 extremitati
1544 1507 1606 1534 tuac,
1620 1503 1684 1529 dicit
1698 1501 1833 1529 Dominus
1847 1502 1871 1535 ζ,

416 1548 525 1579 propter
542 1545 593 1571 hoc
613 1544 682 1571 tra\i
708 1548 733 1571 te
757 1544 789 1571 ad
815 1543 1029 1570 miscricordiam

1083 1549 1120 1584 (Ιι)
1150 1550 1337 1584 permanentia
1368 1549 1429 1576 filiis
1459 1548 1513 1575 tuis
1542 1549 1569 1575 in
1597 1548 1728 1575 terminos
1760 1556 1871 1574 eorutn.

1083 1594 1127 1621 18.
1151 1594 1294 1621 Audiendo
1319 1594 1411 1620 audivi
1437 1593 1564 1628 Ephraem
1585 1593 1615 1628 (ἱ)
1637 1599 1872 1627 conquerentem:

1081 1640 1220 1674 castigasti
1233 1647 1286 1669 me.
1298 1644 1325 1666 et
1338 1640 1486 1675 castigatus
1499 1647 1559 1666 sum
1578 1648 1584 1666 :
1597 1644 1625 1666 ιιι
1639 1639 1739 1666 vitttltts
1755 1639 1792 1674 (k)
1818 1646 1873 1666 non

1081 1684 1172 1711 didici.
1201 1683 1336 1711 Converte
1365 1691 1418 1713 mc.
1445 1688 1472 1710 et
1499 1688 1655 1714 convertar,
1674 1682 1737 1717 quia
1763 1688 1793 1709 tu
1816 1683 1870 1709 Do-

1082 1731 1173 1757 minus
1188 1730 1259 1757 Deus
1274 1737 1349 1757 meus
1366 1739 1372 1756 :
1391 1729 1433 1756 19.
1452 1729 1581 1764 qttoniam
1597 1728 1626 1764 (Ι)
1650 1729 1683 1755 ad
1701 1730 1782 1755 tinem
1801 1736 1869 1762 cap-

1082 1776 1192 1803 tivitatis
1211 1783 1276 1802 mete
1291 1776 1416 1809 pceuituit
1432 1783 1485 1807 me,
1509 1775 1556 1809 (ιη)
1574 1779 1601 1801 et
1621 1775 1653 1801 ad
1671 1775 1751 1801 tinent
1765 1781 1802 1801 ex
1818 1782 1873 1809 quo

1081 1821 1207 1856 cognovi,
1229 1821 1267 1856 (ιι)
1291 1821 1408 1856 ingemui
1433 1828 1487 1854 prae
1504 1820 1547 1847 die
1570 1819 1690 1854 puderis,
1709 1824 1737 1846 et
1761 1819 1873 1847 ostendi

1083 1867 1142 1897 tibi.
1156 1867 1227 1901 quod
1246 1866 1337 1900 accepi
1351 1866 1527 1900 opprobrium
1543 1866 1578 1892 ah
1597 1865 1783 1892 adolescentia
1802 1872 1874 1892 mea.

1081 1911 1125 1937 ‘20.
1146 1910 1180 1938 Es
1209 1911 1281 1938 ﬁlius
1302 1911 1338 1944 (0)
1360 1910 1474 1937 dilectus
1498 1910 1565 1936 mihi
1592 1909 1728 1944 Ephrtcm:
1752 1911 1788 1942 Ἀ(
1813 1908 1873 1941 es:

1082 1955 1211 1989 parvulus
1226 1955 1373 1987 delicatus;
1391 1955 1455 1989 quia
1471 1954 1508 1989 (ρ)
1521 1962 1570 1988 pro
1584 1962 1616 1981 eo
1630 1954 1701 1989 quod
1716 1955 1801 1980 verba
1815 1961 1875 1980 mea

1082 2002 1109 2028 itt
1122 2009 1155 2028 eo
1169 2001 1216 2036 (η),
1241 2000 1409 2027 recordando
1427 2000 1591 2027 recordabor
1607 2000 1666 2034 ejus
1683 2000 1715 2033 Χ
1733 1999 1837 2025 iterum
1849 1999 1873 2033 ξι

1082 2047 1117 2081 (ι’)
1139 2051 1248 2081 propter
1269 2047 1320 2073 hoc
1339 2046 1373 2081 (δ)
1394 2046 1518 2073 festiuavi
1535 2054 1618 2080 super
1641 2054 1683 2077 eo,
1709 2045 1874 2073 misereudo

1081 2091 1231 2118 miserebor
1247 2090 1316 2125 ejus,
1336 2091 1399 2123 dicit
1417 2090 1560 2118 Dutuinus.
1578 2091 1623 2118 21.
1646 2091 1793 2118 Coustitue
1807 2091 1875 2125 teip-

1081 2144 1151 2167 sam,
1165 2138 1198 2170 >κ
1212 2137 1244 2172 (I)
1262 2136 1448 2171 speculatores
1469 2136 1511 2164 fac
1527 2137 1573 2163 tibi
1594 2136 1644 2171 ipsi
1664 2137 1675 2171 ζ
1692 2138 1731 2170 (ιι)
1755 2137 1877 2172 punitio-

1081 2189 1155 2213 netu,
1168 2182 1202 2208 da
1219 2189 1266 2208 cor
1279 2186 1355 2209 tuum
1373 2182 1412 2217 (εις)
1431 2181 1458 2208 in
1478 2182 1607 2209 humeros
1623 2190 1630 2208 :
1648 2183 1685 2215 (y)
1699 2182 1753 2212 via.
1772 2182 1802 2208 in
1822 2188 1876 2215 qua

277 2251 315 2286 ta)
327 2252 373 2288 ΑΖ,
384 2250 426 2281 S..
435 2252 578 2288 sanitatem
591 2252 648 2278 tibi.
678 2251 715 2288 (1))
727 2251 768 2284 8.,
777 2252 955 2288 ιιιιίιινιυιιιοιιι
968 2257 1061 2279 vocata
1076 2260 1116 2280 es.
1146 2252 1180 2288 (c)
1193 2252 1264 2288 Haec.
1295 2253 1333 2288 (ά)
1346 2252 1386 2285 S.,
1398 2252 1554 2279 diversoriis
1565 2252 1624 2287 ejus
1635 2259 1748 2287 gratiam
1763 2253 1876 2279 faciant.

199 2289 204 2294 ‘
242 2287 276 2327 (ς)
289 2288 331 2319 Λ.,
345 2287 388 2318 8.,
400 2294 432 2313 ex
446 2286 484 2327 eis
499 2287 648 2327 g‘rali‘aruttl
664 2287 746 2327 actio.
786 2287 819 2327 (ζ)
835 2287 880 2327 ᾼ.,
899 2287 940 2318 8.,
955 2291 982 2314 et
993 2295 1030 2314 ea

1083 2307 1091 2315 .
1109 2323 1115 2327 _
1130 2286 1166 2323 (9)
1180 2287 1222 2327 ξ..
1234 2292 1261 2315 et
1273 2286 1328 2327 erit:
1339 2288 1417 2327 fortis
1430 2289 1492 2327 ejus
1502 2295 1535 2315 ex
1551 2296 1594 2327 eo.
1609 2286 1654 2319 Af,
1670 2287 1771 2327 etet-it
1779 2288 1878 2314 fortior

240 2320 301 2356 ejus
318 2329 351 2348 ex
361 2328 405 2348 eo.
443 2320 481 2356 (Ιι)
497 2321 542 2353 Α..
559 2320 600 2351 S..
613 2326 639 2348 et
653 2322 782 2348 accedere
798 2321 894 2348 faciam
908 2330 980 2353 eum,
993 2327 1020 2349 et
1035 2320 1150 2350 accedet
1161 2323 1194 2350 ad
1209 2331 1262 2349 me.

242 2357 319 2383 turbo
331 2356 448 2392 Domini,
463 2357 514 2387 ira,
526 2364 586 2391 quae
605 2357 769 2392 egredietur,
784 2357 900 2390 procella
913 2362 1046 2384 evertens.
1063 2357 1104 2391 S.,
1115 2366 1177 2385 ecce
1188 2363 1334 2392 tempestas
1347 2358 1464 2384 Domini.

241 2392 332 2418 nibus.
359 2392 405 2426 (ιιι)
428 2391 539 2426 Ιῖειὶιιιιί,
560 2392 684 2425 gratiam.

326 2481 344 2492 .,
370 2464 396 2486 ct
423 2460 585 2493 profanate.’
618 2463 652 2496 (r)

254 2498 272 2530 ι)
295 2495 367 2522 llaec.
405 2496 445 2529 (ιι)
466 2495 511 2528 Λ.,
535 2496 653 2523 laudate.

673 2462 719 2494 Λ.,
743 2461 785 2493 8.,

693 2497 732 2531 (ιτ)
751 2496 797 2528 Λ.,
818 2504 832 2523 a
853 2496 947 2523 foveis.

241 2566 385 2594 altitudine
396 2565 498 2593 Sionis.

240 2605 268 2628 et
286 2608 365 2627 senes
380 2601 473 2627 simul.

538 2565 575 2600 (b)
596 2565 637 2598 S.,
650 2574 730 2600 super
745 2567 846 2593 oleum.

244 2670 304 2702 Tlt.,
320 2671 365 2696 lilii
383 2671 431 2697 tui.
470 2670 500 2705 (ι)
520 2672 565 2703 Λ.,
581 2671 784 2705 demigrantem.

244 2740 385 2780 pretiosus.
425 2745 462 2775 (γι)
486 2740 527 2780 3.,
545 2749 588 2780 ex.
627 2741 652 2776 (II

244 2774 350 2811 turbata
362 2780 425 2811 sunt
436 2783 498 2811 vasa
508 2774 674 2811 interiorati.
684 2784 708 2803 e.
721 2774 915 2808 ιιιειιίιιὲιίιιιιιιι)
929 2784 987 2802 nn-a
1000 2785 1080 2810 super
1090 2785 1133 2803 eo.

692 2813 730 2846 (ι)
743 2813 786 2845 Λ.,
802 2811 866 2839 dum
882 2812 1010 2839 erucitixa
1022 2820 1062 2839 es.
1101 2813 1139 2847 (y)
1158 2815 1202 2845 Λ.,
1218 2812 1260 2845 8.,
1276 2812 1301 2837 in
1321 2811 1373 2844 via,
1393 2819 1446 2847 qua
1459 2812 1559 2843 abiisti,
1576 2815 1719 2839 revertere.

246 2808 448 2837 autaritudiues.
462 2810 503 2842 S.,
518 2808 654 2838 semitam.

811 2462 963 2497 clamarunt
980 2464 1108 2490 Custodes
1131 2463 1158 2489 in
1187 2467 1278 2489 tnonte
1294 2462 1435 2497 'Epltrtem.

988 2498 1025 2532 (y)
1046 2498 1091 2530 Λ.,
1107 2498 1204 2525 ducam
1224 2506 1271 2525 eos
1291 2498 1323 2524 ad
1347 2497 1434 2524 fontes
1451 2505 1593 2530 aquarum.

241 2532 410 2565 confirmans,
427 2531 612 2566 scribendum
621 2536 711 2565 putem
731 2536 833 2565 ιιι-ΜΕ,
848 2531 977 2563 hospitari
993 2532 1102 2566 faciens.
1127 2533 1146 2558 Α
1154 2533 1258 2566 orberg.

1300 2324 1331 2357 (i)
1352 2323 1396 2354 Λ.,
1412 2323 1541 2350 accedere
1553 2323 1585 2349 ad
1602 2330 1676 2358 me.”
1694 2322 1731 2358 (k)
1753 2323 1801 2354 Α..
1815 2330 1878 2349 ecce

1493 2357 1524 2397 (Ι)
1535 2357 1580 2390 Λ.,
1595 2357 1721 2397 omnibus
1733 2359 1878 2397 coartatio-

724 2391 762 2426 (ιι)
780 2392 823 2421 Λ.,
846 2392 960 2426 populus
985 2392 1089 2420 deletus
1104 2392 1204 2427 gladio,
1229 2391 1275 2427 qui
1292 2393 1357 2425 abit,
1383 2398 1412 2419 ut
1428 2391 1548 2426 requiem
1570 2396 1677 2427 praestet
1696 2391 1807 2419 lsraeli.
1835 2391 1877 2425 S.,

261 2426 373 2460 opulnm
390 2431 527 2453 servatum
548 2426 674 2461 agladio,
695 2427 740 2460 qui
761 2427 828 2456 abit,
842 2427 1003 2461 utrequiem
1024 2426 1132 2462 prmstét
1147 2426 1249 2456 Israeli'.

241 2434 278 2530 ἔτι)
300 2461 344 2492 Λ.,
370 2464 396 2486 ct
423 2460 573 2493 profattate.
618 2463 652 2496 (r)
673 2462 719 2494 Λ.,
743 2461 785 2493 S.,
811 2462 963 2502 clamarunt
980 2464 1108 2490 Custodes
1131 2463 1158 2489 in
1187 2471 1248 2489 ιιιοιι

254 2498 272 2530 ι)
295 2495 367 2522 llaec.
405 2496 445 2529 (ιι)
466 2495 511 2528 Λ.,
535 2496 653 2523 laudate.
693 2497 732 2530 (ιτ)
751 2496 797 2528 Λ.,
818 2504 832 2523 a
853 2496 947 2523 foveis.
988 2498 1025 2530 (y)
1046 2498 1091 2530 Λ.,
1107 2498 1204 2525 ducam
1224 2507 1247 2524 et

1289 2428 1326 2463 (υ)
1346 2427 1390 2460 Λ.,
1407 2428 1558 2463 ornaberis.
1597 2427 1634 2463 (ρ)
1654 2428 1698 2458 Λ.,
1718 2427 1745 2453 in
1772 2432 1877 2454 turma.

1480 2462 1515 2495 (ιι)
1540 2463 1584 2493 Λ.,
1615 2461 1656 2493 S.,
1678 2463 1877 2489 aseendamus.

1633 2499 1664 2530 (')
1689 2496 1744 2523 Pro
1772 2503 1877 2529 1m,

1297 2532 1333 2567 (ι)
1353 2534 1395 2565 Λ.,
1412 2537 1439 2558 et
1455 2532 1593 2559 roboravit
1608 2540 1682 2558 cutn.
1697 2566 1700 2567 ν
1720 2532 1762 2566 (u)
1787 2532 1833 2565 S.,
1852 2533 1878 2558 in

884 2566 917 2601 (r)
939 2567 984 2599 Λ.,
1003 2572 1030 2593 ιιι

1083 2572 1149 2594 ιιιιυε
1167 2566 1306 2602 irriguos.
1336 2568 1374 2601 (ιι)
1395 2568 1439 2599 Λ.,
1464 2567 1490 2593 in
1512 2572 1610 2599 turma,
1631 2572 1656 2593 et
1671 2566 1878 2600 adolescentes,

512 2601 545 2635 (e)
565 2601 610 2634 Λ.,
624 2606 653 2637 et
670 2602 834 2629 consolabor
848 2608 905 2632 eos.
920 2606 946 2628 et
963 2602 1104 2629 laetificabo
1119 2610 1176 2629 eos.
1215 2601 1248 2637 (Ῑ)
1268 2602 1313 2634 Λ.,
1334 2603 1375 2634 8.,
1396 2603 1532 2629 canticum
1549 2602 1627 2628 llo-tus
1641 2603 1875 2628 amaritudintnn.

253 2636 278 2671 gl
291 2635 336 2668 Λ.,
349 2636 563 2662 consolationem
573 2635 695 2669 accipere
711 2644 790 2670 super
802 2636 863 2671 filiis
876 2637 944 2668 suis,
954 2638 1016 2671 quia
1029 2646 1081 2663 non
1096 2642 1169 2664 stitit.

824 2670 859 2705 (Ιί)
878 2671 938 2705 Ἰ”Ιι.,
959 2670 1011 2698 non
1023 2672 1146 2699 edoctus.

244 2705 292 2738 (ιιι)
304 2706 349 2742 Α..
366 2705 406 2735 8..
420 2710 447 2732 et
460 2710 603 2742 postquam
618 2707 742 2742 cognovi,
754 2707 841 2740 plaust
857 2708 1017 2741 superlatus
1032 2715 1133 2733 meum.
1168 2706 1206 2742 (ιι)
1220 2705 1337 2741 Ingemui
1351 2714 1432 2740 super
1445 2707 1537 2733 diebus
1549 2706 1660 2741 pudoris
1672 2707 1736 2732 mei.

659 2715 742 2738 ’lIU\'l,
754 2715 841 2740 pransi
857 2715 1017 2741 supertattts
1032 2715 1133 2733 meum.
1168 2715 1206 2742 (ιι)
1221 2715 1337 2741 Ingemui
1351 2715 1432 2740 super
1445 2715 1537 2733 tueuus
1549 2715 1660 2741 puuorts
1672 2715 1736 2732 met.
1781 2715 1820 2741 (ο)
1832 2715 1878 2738 Λ.,

651 2715 666 2781 ξ
685 2741 788 2781 Sunt.“
802 2741 841 2781 (ι’).
857 2741 1050 2781 Λ.,Αςοιιιιιιοῑιι
1063 2746 1126 2768 sunt
1141 2743 1243 2781 viscera
1260 2741 1354 2781 nteaci
1373 2750 1378 2767 :
1398 2741 1729 2781 miserando‘miserabor.
1748 2742 1794 2774 8.,
1811 2750 1879 2781 cou—

1209 2640 1246 2672 (Ιι)
1267 2637 1311 2666 Α..
1323 2642 1350 2663 et
1365 2641 1533 2663 revertentur
1546 2637 1591 2663 lilii
1608 2637 1634 2663 in
1644 2637 1791 2672 terminos
1801 2645 1877 2663 suos.

1185 2672 1215 2706 (Ι)
1237 2673 1280 2704 Λ.,
1296 2676 1436 2706 postquam
1449 2679 1596 2698 conversus
1614 2671 1805 2705 ftti,po:niluit
1825 2681 1877 2698 me.

1185 2710 1206 2741 ιι)
1220 2708 1337 2741 Ingemui
1351 2714 1432 2740 super
1445 2707 1537 2733 diebus
1549 2706 1660 2741 pudoris
1672 2707 1736 2732 mei.
1781 2708 1820 2741 (0)
1832 2709 1877 2738 Λ.,

1781 2710 1878 2740 MA»

1166 2777 1200 2811 (ις)
1216 2776 1406 2803 Visitavieutn.
1436 2777 1468 2810 (ι)
1484 2776 1527 2809 Λ.,
1540 2775 1582 2808 S.,
1593 2777 1745 2809 speculam.
1778 2779 1820 2812 (ιι)
1833 2778 1877 2810 Λ.,

1388 3052 2015 3331 Vi
