4102 6278
368 294 510 352 £3555

1541 287 1770 345 CODEX
1821 275 2490 342 SYRO-IIEXAPLARIS.

3495 249 3636 310 23-56

370 410 424 463 in
458 407 681 462 trutina.
717 406 804 461 ll.
843 403 909 458 Et
931 402 1102 458 sumsi
1137 401 1334 457 librum
1368 403 1734 472 possessionis
1766 400 1952 468 χοι).
1984 405 2026 460 Α
2059 396 2110 449 iu
2147 408 2340 447 manus
2371 386 2770 442 Chaldmorum.
2813 380 2902 472 '26.
2942 377 3001 431 Et
3049 376 3369 472 fttettlnt-‘CSt
3408 371 3632 472 verb-um

371 503 641 572 signatum
675 501 722 568 1,
762 507 1114 569 prarceptum,
1149 509 1202 552 et
1242 496 1318 566 (a)
1346 496 1490 565 jura,
1525 505 1576 548 et
1617 494 1690 566 (b)
1727 497 1946 564 praelec-

371 603 510 658 tum;
545 593 632 646 12.
665 601 718 646 et
745 590 866 645 dedi
907 593 974 659 β(
1007 590 1206 644 librum
1249 587 1613 657 possessionis
1643 586 1665 654 1
1698 585 1948 639 Barucho

375 685 486 736 ﬁlio
509 682 683 738 Nerize
706 683 798 736 ﬁlii
820 683 1038 736 Maasize
1065 689 1189 734 ante
1209 680 1398 735 oculos
1423 677 1674 732 Nahmail
1706 691 1767 732 -:—-
1799 675 1870 744 (ε)
1897 675 1950 728 li-

373 776 430 829 lii
473 774 659 830 fratris
686 774 856 842 patris
879 773 984 826 mei
1018 775 1066 842 1,
1097 781 1151 827 et
1182 780 1310 825 ante
1334 770 1526 824 oculos
1560 769 1638 838 (ά)
1663 767 1948 830 stantium,

373 876 428 920 ct
460 866 810 920 scribentium
853 865 906 918 in
943 864 1080 916 libro
1109 861 1496 932 possessionis,
1527 869 1580 914 et
1607 869 1730 912 ante
1761 857 1952 912 oculos

375 956 615 1010 omnium
638 953 970 1016 Judsrorum,
1003 952 1096 1022 qui
1132 953 1392 1008 sedebant
1432 951 1484 1004 in
1515 949 1654 1004 atrio
1691 948 1948 1004 carceris.

377 1047 463 1100 l3.
501 1046 568 1116 (ε)
600 1044 664 1100 Et
688 1045 918 1115 praecepi
949 1043 1199 1098 Barucho
1240 1053 1364 1098 ante
1401 1040 1589 1096 oculos
1617 1056 1829 1105 eorum,
1867 1041 1952 1095 di-

283 1175 288 1198 ς
375 1153 504 1192 cens
535 1153 547 1189 :
585 1137 670 1192 14.
715 1135 806 1191 Sic
844 1136 980 1191 dixit
1029 1135 1294 1190 Dominus
1329 1133 1673 1203 omnipotens
1708 1136 1775 1201 χ
1814 1131 1954 1186 Deus

377 1226 594 1282 lsraelis
627 1227 649 1294 1
691 1243 704 1280 :
743 1225 910 1280 Smne
935 1225 1002 1295 (f)
1051 1226 1250 1278 librum
1287 1224 1452 1286 hunc,
1483 1234 1537 1278 et
1574 1223 1770 1275 librum
1821 1235 1952 1290 pos-

283 1327 288 1334 '
378 1314 640 1368 sessionis
701 1314 846 1367 hunc
903 1313 1199 1383 signatum,
1255 1321 1310 1366 et
1369 1311 1570 1364 librum
1638 1309 1951 1378 praelectum

379 1407 446 1474 >κ
470 1410 613 1460 hunc
647 1405 694 1472 1,
731 1414 784 1459 et
816 1420 982 1472 pones
1007 1405 1080 1474 (q)
1119 1405 1174 1458 in
1205 1419 1302 1458 vas
1339 1411 1512 1460 testae.
1546 1401 1623 1472 (Ιι)
1666 1411 1724 1455 ιιι
1747 1415 1958 1470 perma-

378 1507 543 1552 neant
593 1498 709 1551 dies
765 1499 968 1566 plures.
1029 1497 1118 1550 15.
1177 1493 1312 1560 Quia
1371 1495 1450 1548 sie
1503 1494 1639 1548 dixit
1697 1491 1958 1546 Dominus

379 1590 448 1655 3K
471 1587 815 1655 omnipotens
851 1584 992 1640 Deus
1032 1584 1246 1639 lsraelis
1281 1585 1302 1651 1
1346 1600 1360 1637 :
1415 1583 1606 1636 Adhuc
1635 1582 1697 1651 (ἱ)
1723 1582 1960 1634 aediﬁca-

379 1679 585 1732 buntur
616 1679 830 1741 domus,
868 1686 920 1730 et
939 1678 1078 1747 agri,
1103 1685 1154 1730 et
1188 1677 1356 1728 vinea:
1380 1675 1432 1727 in
1461 1685 1604 1727 terra
1632 1676 1753 1727 hac.
1785 1672 1868 1726 l6.
1897 1671 1962 1726 Et

379 1769 532 1822 oravi
571 1768 637 1822 ad
673 1767 987 1828 Dominmn,
1029 1777 1320 1836 postquam
1355 1765 1480 1822 dedi
1523 1765 1718 1818 librum
1758 1779 1970 1832 posses—
2001 1772 2040 1830 Β
2074 1761 2334 1814 Dominus

380 1859 552 1913 sionis
619 1861 685 1926 Χ
747 1857 826 1928 τῷ
889 1858 910 1925 1
981 1858 1231 1912 Barucho
1287 1857 1396 1911 ﬁlio
1445 1856 1660 1918 Nerim,
1731 1855 1964 1910 dicens:

381 1951 468 2002 Π.
512 1950 584 2018 (Ιί)
633 1949 735 2014 Qui
780 1965 862 2013 es,
911 1949 1158 2013 Domine,
1201 1947 1450 2012 Domine,
1496 1949 1562 2014 Χ
1592 1961 1717 1999 ecce
1748 1945 1770 2012 1
1807 1954 1859 1997 ιιι
1884 1943 1958 1996 fe-

381 2043 502 2096 cisti
535 2043 734 2096 coelum
771 2049 826 2094 et
862 2051 1061 2094 terram
1099 2039 1340 2108 potentia
1385 2049 1475 2093 tua
1513 2050 1727 2106 magna,
1761 2047 1811 2090 et
1846 2037 1968 2088 bra-

383 2133 506 2186 chio
529 2145 622 2187 tuo
648 2132 706 2202 (ι)
733 2133 950 2186 excelso
975 2132 1099 2202 :(m)
1126 2141 1176 2184 et
1207 2147 1310 2184 non
1333 2129 1696 2183 abscondetur
1729 2143 1758 2180 a
1796 2137 1844 2180 te
1871 2143 1970 2181 nec

383 2237 554 2275 unum
587 2222 816 2276 verbum
848 2238 860 2274 :
889 2221 976 2274 l8.
1004 2220 1097 2288 qui
1129 2218 1262 2272 facis
1293 2216 1725 2271 misericordiam
1765 2215 1816 2267 in
1847 2215 1966 2266 mil-

383 2315 476 2380 lia,
510 2322 564 2368 et
615 2312 876 2368 retribuis
936 2320 1158 2381 peccata
1201 2319 1416 2379 patrum
1461 2309 1514 2362 in
1566 2309 1688 2362 sinu
1729 2307 1966 2362 ﬁliorum

381 2421 572 2461 eorum
609 2414 730 2474 post
766 2420 907 2460 eos:
957 2403 1046 2458 l9.
1085 2405 1228 2458 Dens
1271 2403 1346 2472 (η)
1399 2417 1630 2472 magnus
1673 2409 1728 2455 et
1771 2400 1964 2460 fortis,

383 2493 645 2550 Dominus
674 2498 739 2562 Ἀ(
762 2495 1022 2548 virtutum
1048 2509 1243 2547 nomen
1275 2493 1322 2547 ci
1368 2494 1416 2562 1,
1449 2509 1680 2562 magnus
1710 2490 1966 2550 consilio,

382 2595 436 2640 et
473 2586 626 2640 fortis
651 2585 724 2656 (ο)
757 2586 1038 2654 operibus,
1074 2599 1136 2638 -ιν-
1173 2585 1540 2652 omnipotens,
1574 2582 1753 2652 magni
1787 2585 1967 2636 nomi-

383 2679 471 2732 nis
503 2677 766 2731 Dominus
800 2677 822 2744 1
865 2695 878 2730 :
923 2676 1068 2730 oculi
1111 2677 1186 2728 tui
1216 2678 1282 2742 )s(
1323 2673 1491 2743 aperti
1525 2675 1738 2742 super1
1776 2690 1969 2730 omnes

383 2771 502 2823 vias
568 2767 802 2822 ﬁliormn
871 2767 1180 2828 hominum,
1233 2765 1299 2818 ad
1363 2764 1602 2818 dandum
1671 2763 1969 2833 unicuique

387 2859 635 2929 )(juxta
691 2861 830 2914 viam
891 2857 1044 2928 ejus,
1095 2865 1148 2910 et
1199 2857 1356 2921 juxta
1400 2855 1612 2909 fructus
1659 2855 1965 2909 studiorqu

385 2947 556 3017 rjus1
595 2967 608 3002 :
653 2947 746 3003 ‘20.
799 2947 892 3017 qui
939 2947 1110 3000 fecisti
1155 2947 1308 3015 signa
1353 2953 1408 2998 et
1451 2945 1698 3014 prodigia
1739 2944 1792 2998 in
1828 2955 1967 3000 terra

386 3038 606 3108 [Egypti
639 3053 810 3106 usque
845 3037 910 3090 ad
944 3038 1084 3090 diem
1113 3037 1280 3100 hunc,
1313 3043 1367 3088 et
1393 3035 1448 3088 in
1479 3033 1696 3098 Israele,
1727 3043 1782 3088 et
1812 3033 1888 3105 (p)
1914 3035 1966 3088 in

2057 483 2270 538 Domini
2299 483 2377 550 (π)
2407 479 2471 532 ad
2505 474 2822 536 Jeremiam,
2853 471 3040 524 dicens
3067 486 3082 523 :
3112 467 3200 519 27.
3235 464 3370 517 Ecce
3403 477 3502 532 ego
3533 460 3638 512 Do-

2056 578 2236 632 minus
2267 573 2410 626 Deus
2440 567 2618 621 omnis
2647 563 2828 619 cm'nis
2861 579 2874 612 :
2913 575 3040 612 nmn
3081 573 3110 610 a
3155 571 3240 609 me
3273 553 3638 608 abscondetur

2058 669 2124 734 )t(
2159 679 2321 718 omne
2341 661 2566 715 verbum
2602 657 2666 724 1?
2693 655 2762 710 9.8
2809 652 3040 720 Propter
3062 651 3163 703 huc
3189 649 3269 702 sic
3300 647 3438 701 dixit
3457 645 3640 698 Domi-

2057 775 2161 814 nus
2183 758 2258 827 (υ)
2289 774 2302 810 :
2333 755 2407 824 (ι)
2433 752 2646 806 Traden
2672 752 2720 802 ει)
2751 739 2998 801 tradetur
3034 743 3164 796 urbs
3207 743 3322 795 lucc
3355 743 3420 806 Ἃ(
3445 740 3499 792 in
3527 752 3645 827 ma-

2057 863 2163 902 nus
2193 823 2590 902 Chaldaeorum,
2617 838 2713 906 et1
2747 840 2801 890 in
2830 849 3024 888 manus
3055 823 3638 891 Nalmchmlonosoris1

2058 936 2203 1008 regis
2245 931 2557 1004 Babylonis,
2586 928 2662 998 (a)
2702 935 2756 981 et
2783 925 2958 994 capiet
2991 937 3154 976 eam:
3197 919 3288 974 '29.
3331 929 3386 970 et
3423 915 3644 970 venient

2059 1025 2296 1086 Chaldaei
2331 1030 2636 1094 pugnantes
2667 1033 2830 1088 super
2861 1015 3048 1069 urbem
3087 1015 3248 1073 hanc,
3271 1019 3322 1062 rt
3348 1009 3648 1063 accemlent

2063 1119 2253 1174 urbem
2286 1117 2427 1170 hanc
2483 1113 2537 1167 in
2585 1112 2728 1180 igne,
2765 1119 2816 1164 et
2863 1107 3189 1161 comburcnt
3239 1113 3292 1156 et
3340 1103 3556 1162 domos,
3593 1100 3644 1152 in

2062 1210 2264 1280 quibus
2305 1206 2664 1261 adoleverunt
2721 1215 2886 1268 super
2925 1197 3079 1251 tectis
3134 1211 3322 1248 earum
3377 1192 3550 1254 Baali,
3595 1199 3648 1244 et

2063 1303 2304 1357 libarunt
2352 1297 2609 1351 libamina
2658 1293 2763 1347 diis
2796 1289 2868 1360 (ὁ)
2917 1289 3130 1353 alienis,
3171 1297 3228 1339 ut
3258 1285 3651 1340 cxaccrharent

2065 1413 2150 1452 me
2181 1414 2193 1449 :
2231 1395 2320 1450 30.
2354 1392 2480 1462 quia
2523 1389 2742 1442 fuerunt
2769 1387 2860 1439 lilii
2895 1383 3132 1445 Israelis,
3163 1392 3215 1435 et
3245 1381 3340 1435 iilii
3372 1379 3546 1440 lude,
3576 1377 3649 1447 (ιτ)

2067 1488 2166 1544 Soli
2216 1485 2476 1539 facientes
2520 1481 2724 1534 malum
2765 1487 2889 1532 ante
2923 1476 3113 1530 oculos
3163 1489 3311 1527 meus
3357 1473 3426 1525 ab
3465 1471 3650 1524 adole-

2068 1577 2272 1634 scentia
2313 1590 2540 1637 eorum;
2581 1573 2648 1640 ><
2679 1569 2804 1640 quia
2859 1569 2952 1622 ﬁlii
3000 1567 3219 1622 lsraelis
3272 1563 3651 1618 tanlmmnodo

2071 1671 2356 1723 irritat-unt
2389 1665 2546 1718 mein
2581 1664 2839 1732 operibus
2879 1665 2945 1730 >κ
2975 1676 3234 1714 manuum
3270 1674 3484 1716 eorum,
3522 1655 3654 1706 dirit

2400 1759 2444 1826 1.
2505 1757 2595 1810 5|.
2637 1755 2774 1821 Quia
2815 1769 2978 1822 super
3037 1753 3271 1805 furorem
3335 1763 3538 1805 Ineunt.
3601 1755 3655 1798 ct

2069 1868 2232 1921 super
2271 1851 2406 1904 iram
2449 1853 2514 1917 ΞΔ(
2558 1863 2732 1900 meum
2769 1847 2792 1916 1
2843 1855 2960 1900 erat
2997 1849 3064 1913 ἢ(
3100 1843 3230 1896 mihi
3266 1841 3288 1910 1
3343 1841 3475 1894 urbs
3515 1840 3651 1904 inec,

2067 1959 2132 1996 ex
2157 1943 2262 2002 die,
2281 1957 2392 2010 quo
2409 1939 2749 1993 :edilicarnnt
2769 1951 2908 2001 eam,
2939 1944 2991 1989 et
3015 1948 3190 2002 usque
3216 1933 3282 1985 ad
3310 1931 3452 1984 diem
3487 1932 3650 1990 hunc,

2069 2035 2147 2103 (ά)
2211 2033 2275 2087 ad
2338 2029 2591 2085 recedere
2655 2027 2964 2082 faciendum
3032 2040 3154 2078 eam
3203 2039 3235 2076 a
3286 2021 3422 2076 facie
3485 2035 3651 2083 mea,

2068 2121 2158 2176 52.
2195 2128 2412 2186 prOpter
2464 2133 2656 2171 omnes
2689 2115 2926 2170 malitias
2963 2115 3196 2168 ﬁliorum
3233 2111 3474 2173 lsraelis,
3505 2121 3560 2165 et
3589 2114 3655 2177 fx

2069 2213 2304 2264 ﬁliorum
2329 2211 2351 2280 1
2372 2209 2547 2272 Judae,
2564 2211 2691 2279 quia
2713 2209 2957 2262 fecerunt
2977 2208 3042 2261 ad
3071 2205 3510 2261 exacerbandum
3547 2221 3655 2268 me,

2069 2303 2166 2370 illi,
2205 2312 2256 2357 ct
2303 2319 2458 2373 reges
2501 2317 2712 2364 eorum,
2747 2309 2800 2354 et
2841 2307 3124 2368 magnates
3175 2312 3390 2360 eorum,
3451 2306 3505 2350 et
3567 2311 3657 2350 sa-

2067 2393 2315 2448 cerdotes
2355 2410 2568 2454 eorum,
2605 2401 2658 2446 et
2705 2390 2983 2460 prophetat
3015 2405 3229 2452 eorum,
3267 2389 3369 2441 viri
3400 2387 3575 2452 διιὼν,
3607 2397 3660 2441 et

2071 2487 2378 2540 habitantes
2419 2487 2472 2538 in
2509 2484 2837 2549 Jerusalem,
2865 2483 2956 2537 55.
2993 2492 3045 2536 et
3081 2481 3452 2536 rerteruntad
3482 2499 3565 2535 me
3587 2485 3657 2551 te)

2069 2579 2317 2641 dorsum,
2349 2587 2396 2631 et
2438 2593 2542 2630 non
2579 2576 2792 2630 faciem.
2836 2575 2899 2629 Et
2937 2576 3100 2630 docui
3147 2591 3242 2629 eos
3283 2575 3350 2646 (r)
3396 2575 3658 2638 diluculo,

2069 2681 2125 2726 et
2149 2671 2332 2733 docui,
2363 2680 2415 2724 et
2443 2685 2548 2722 non
2580 2669 2891 2733 audierunt,
2918 2670 2983 2720 ad
3004 2667 3384 2736 accipiendum
3415 2667 3658 2734 discipli-

2071 2779 2194 2817 nam
2225 2782 2236 2816 :
2267 2764 2357 2816 5i.
2388 2772 2440 2816 et
2467 2768 2765 2828 posuerunt
2785 2761 2856 2831 (g)
2879 2759 3206 2828 pollutiones
3231 2774 3361 2812 suas
3389 2757 3440 2811 in
3473 2759 3658 2812 deum.

2068 2867 2176 2921 qua
2221 2851 2530 2904 invocatum
2563 2859 2646 2904 est
2691 2866 2885 2902 nomen
2941 2864 3126 2903 meum
3177 2864 3344 2916 super
3375 2864 3461 2910 ea,
3491 2849 3566 2918 (Ιι)
3605 2849 3656 2898 in

2072 2941 2511 3010 inquinamentis
2549 2942 2666 2996 suis
2711 2960 2723 2995 :
2775 2941 2864 2996 55.
2907 2951 2962 2994 et
3000 2941 3339 2995 aediﬁcarunt
3368 2941 3430 3010 (ὅ)
3469 2941 3658 2993 altaria

2074 3034 2269 3099 Baulis,
2296 3049 2416 3103 quae
2449 3033 2502 3086 in
2533 3035 2670 3088 valle
2696 3033 2786 3086 ﬁlii
2821 3035 3092 3098 llennom,
3118 3033 3192 3104 (k)
3225 3034 3290 3086 ad
3321 3033 3660 3087 offerendum

388 3130 762 3199 terrigenis,et
784 3127 958 3183 fecisti
983 3129 1077 3182 tibi
1103 3144 1324 3192 nomen,
1351 3127 1628 3182 sicutdies
1654 3127 1740 3180 hic
1763 3145 1775 3180 :
1798 3127 1890 3181 2|.
1914 3139 1965 3181 et
1995 3118 2036 3172 C
2075 3125 2212 3178 lilios
2240 3139 2392 3186 suos,
2425 3132 2478 3178 et
2516 3125 2655 3178 tilias
2686 3140 2815 3178 suas
2861 3122 3112 3178 Molocho
3149 3143 3163 3178 :
3206 3141 3329 3194 qua:
3370 3141 3476 3176 non
3527 3141 3657 3192 pra:-

387 3216 621 3270 cduaisti
684 3215 942 3285 populum
999 3225 1151 3269 tuum
1197 3219 1263 3284 >κ
1319 3215 1572 3271 lsraelem
1623 3216 1647 3286 1
1699 3232 1765 3270 ex
1823 3227 1964 3271 terra

386 3305 604 3377 Egypti
649 3307 706 3359 in
756 3307 946 3376 signis,
991 3315 1044 3360 et
1083 3306 1137 3359 in
1181 3307 1464 3378 prodigiis,
1499 3317 1554 3362 et
1593 3309 1645 3361 in
1673 3324 1838 3362 manu
1869 3324 1967 3378 po-

392 3399 546 3458 tenti,
571 3407 626 3452 et
659 3397 712 3452 in
754 3399 978 3452 brachio
1005 3399 1244 3460 excelso,
1275 3398 1367 3452 2‘2.
1399 3409 1452 3453 et
1475 3399 1546 3470 (q)
1581 3399 1634 3454 in
1661 3399 1967 3454 visionibus

393 3490 606 3556 magnis
645 3499 740 3542 :et
779 3490 972 3543 dedisti
1011 3493 1090 3544 eis
1130 3501 1326 3543 terram
1379 3491 1540 3555 hanc,
1577 3508 1738 3559 quam
1767 3493 1966 3560 jurasti

393 3583 638 3650 patribus
660 3598 847 3634 eorum
873 3585 940 3648 >κ
987 3583 1117 3636 dare
1163 3581 1242 3635 eis
1279 3583 1324 3650 1,
1357 3591 1552 3635 terram
1578 3582 1741 3637 ﬂuere
1773 3584 1970 3638 facien-

392 3684 497 3724 tem
529 3673 610 3724 lac
633 3681 682 3726 et
719 3673 822 3724 mel
855 3690 867 3724 :
899 3672 990 3724 ‘23.
1026 3681 1079 3724 et
1107 3671 1339 3738 ingressi
1375 3681 1522 3735 sunt,
1553 3683 1608 3725 et
1643 3683 1970 3741 neci-perunt

391 3778 534 3827 cani;
563 3771 618 3816 et
646 3779 752 3814 non
793 3763 1117 3814 audiverunt
1143 3777 1324 3815 vocem
1362 3769 1531 3826 tuam,
1567 3773 1619 3813 et
1648 3763 1717 3830 (r)
1747 3762 1799 3814 in
1831 3778 1969 3830 prae-

391 3851 563 3920 «:eptis
594 3851 700 3904 tuis
734 3867 841 3904 non
869 3851 1225 3904 ambularunt
1257 3869 1269 3903 :
1309 3851 1512 3914 omnia,
1549 3867 1671 3920 quae
1699 3866 1966 3920 praecepe-

391 3959 483 3996 ras
525 3943 694 4010 eisx
721 3941 900 3996 facere
943 3942 992 4009 1,
1041 3957 1150 3995 non
1183 3941 1466 3996 fecerunt:
1521 3953 1574 3998 et
1612 3943 1876 4007 fecerunt,
1915 3952 1972 3996 ut

391 4034 768 4102 contingerent
788 4033 868 4087 eis
901 4033 1084 4087 omnia
1115 4035 1256 4087 mala
1284 4035 1417 4088 haec.
1449 4035 1537 4086 2|.
1577 4038 1641 4106 (δ)
1671 4033 1726 4088 Si
1763 4035 1824 4102 (ι)
1858 4047 1971 4088 lur-

392 4124 457 4177 ba
487 4125 631 4176 venit
654 4124 716 4178 ad
747 4126 932 4177 urbem
965 4124 1127 4186 hanc,
1152 4125 1218 4178 ad
1241 4125 1562 4193 capiendum
1584 4143 1727 4194 cam;
1758 4137 1812 4182 et
1843 4129 1971 4182 urbs

391 4218 516 4270 data
548 4227 633 4271 cst
669 4217 718 4270 in
743 4233 936 4272 [nanus
961 4217 1364 4280 Chaldaeorum,
1390 4219 1484 4288 qui
1513 4231 1752 4290 pugnant
1783 4221 1974 4273 adver-

393 4325 487 4362 sus
515 4325 634 4362 eam
668 4310 735 4362 ab
760 4317 884 4363 ante
913 4307 1104 4363 faciem
1135 4310 1320 4379 gladii,
1351 4318 1405 4363 ct
1437 4309 1615 4375 famis,
1652 4313 1718 4378 Β(
1749 4322 1800 4364 et
1829 4327 1972 4364 mor-

395 4402 464 4453 tis
498 4400 519 4466 1
561 4420 573 4453 :
614 4411 670 4453 ιιι
701 4402 920 4455 locutus
955 4417 1034 4462 es,
1071 4401 1144 4454 ita
1170 4400 1369 4454 factum
1397 4410 1478 4454 est
1507 4422 1518 4456 :
1557 4404 1624 4470 Χ
1653 4419 1778 4457 ecce
1801 4414 1856 4457 tu
1890 4404 1971 4456 \‘l-

2074 3217 2192 3286 cepi
2217 3215 2318 3279 eis,
2344 3231 2518 3284 neque
2550 3216 2912 3269 ascenderunt
2937 3230 3100 3284 super
3127 3231 3221 3269 cor
3256 3229 3454 3276 IIDIIIII,
3489 3217 3553 3268 a.l
3584 3215 3660 3268 fa-

2074 3310 2325 3365 ciendum
2353 3309 2816 3364 aboininationem
2853 3309 3014 3372 hanc,
3046 3316 3104 3362 ut
3149 3308 3391 3361 facerent
3437 3323 3661 3374 peccare

2073 3400 2291 3456 Judam.
2341 3401 2429 3454 56.
2461 3402 2525 3471 (Ι)
2581 3401 2644 3453 Ει
2689 3415 2835 3453 nunc
2893 3399 2973 3454 sic
3025 3399 3161 3454 dixit
3212 3399 3476 3452 Dominus
3521 3399 3660 3452 Deus

2075 3491 2292 3546 lsraelis
2313 3507 2478 3560 super
2511 3491 2702 3544 urbem
2735 3494 2803 3558 )9:
2839 3490 2978 3543 hanc
3007 3489 3068 3556 1,
3105 3505 3271 3558 quam
3303 3491 3396 3557 tm)
3423 3501 3478 3543 tu
3504 3490 3658 3550 dicis,

2075 3583 2218 3654 quod
2251 3584 2493 3636 tradetur
2527 3582 2581 3634 in
2617 3597 2812 3636 nianus
2845 3582 2989 3650 regis
3029 3581 3320 3652 Babylonis
3362 3581 3414 3634 in
3459 3583 3656 3650 gladio,

2075 3687 2128 3729 et
2161 3675 2214 3728 in
2247 3673 2411 3740 fame,
2439 3683 2493 3728 et
2527 3673 2604 3744 (η)
2645 3673 2696 3726 in
2725 3675 3022 3728 ertﬁssione
3049 3692 3061 3727 :
3098 3675 3186 3727 57.
3227 3673 3366 3729 Ecce
3402 3691 3503 3744 ego
3531 3693 3656 3728 cun-

2076 3782 2243 3837 εει-μεθ
2270 3783 2366 3821 eos
2397 3781 2458 3820 ex
2484 3768 2632 3818 muni
2669 3775 2833 3830 terra,
2881 3781 2993 3835 quo
3027 3765 3260 3836 dispersi
3297 3783 3393 3822 eos
3445 3768 3572 3820 illuc
3603 3767 3655 3820 in

2077 3859 2154 3912 ira
2188 3873 2326 3922 mea,
2367 3866 2420 3911 et
2455 3857 2504 3910 in
2535 3857 2718 3910 fin-ore
2755 3872 2898 3918 meo,
2931 3867 2984 3911 et
3017 3859 3068 3910 in
3113 3858 3416 3912 irritatiouc
3443 3876 3655 3929 magna.

2079 3949 2142 4004 Et
2163 3960 2476 4003 convertam
2521 3965 2613 4002 eos
2643 3950 2694 4002 in
2733 3950 2908 4001 locun
2957 3951 3120 4012 hunc,
3160 3961 3214 4004 et
3245 3953 3432 4004 sedere
3467 3951 3656 4004 furiam

2077 4055 2171 4094 cos
2198 4039 2266 4110 (ο)
2297 4041 2630 4094 coutid=-nter
2666 4059 2677 4093 :
2720 4041 2806 4094 58.
2841 4049 2895 4094 et
2924 4051 3082 4093 erunt
3125 4041 3254 4094 mihi
3289 4043 3340 4094 in
3376 4044 3655 4110 populum.

2078 4141 2132 4188 et
2157 4147 2256 4202 ego
2303 4148 2398 4186 ero
2449 4133 2529 4186 eis
2579 4133 2630 4184 in
2679 4131 2870 4185 Deum.
2917 4133 3004 4186 59.
3055 4133 3121 4186 Et
3166 4134 3307 4188 dabo
3350 4135 3431 4186 eis
3471 4139 3656 4202 corx

2080 4223 2154 4291 (p)
2193 4237 2360 4276 unum
2397 4223 2446 4288 1,
2485 4233 2538 4276 et
2569 4223 2708 4275 viam
2741 4239 2924 4284 unam,
2951 4227 3016 4276 ad
3049 4225 3346 4278 timendum
3371 4243 3453 4278 me
3477 4229 3654 4278 Uttttli—

2081 4313 2183 4366 bus
2219 4312 2430 4376 diebus,
2468 4310 2541 4382 (q)
2577 4325 2627 4364 et
2655 4313 2708 4364 in
2735 4315 2936 4366 bonum
2959 4315 3060 4377 eis,
3085 4325 3138 4368 et
3169 4315 3291 4369 filiis
3319 4331 3508 4368 eorum
3541 4325 3661 4384 post

2081 4419 2196 4458 eos.
2211 4404 2297 4457 40.
2332 4403 2396 4457 Et
2416 4403 2700 4472 disponam
2725 4406 2799 4458 eis
2817 4415 3198 4460 testamentum
3216 4417 3656 4476 atteruntli,quo-.I

391 4491 486 4545 des
515 4492 562 4560 1.
587 4491 678 4544 ‘25.
715 4490 779 4546 Et
802 4500 856 4544 tu
883 4491 1023 4546 dicis
1058 4491 1124 4544 ad
1157 4508 1242 4546 me
1267 4511 1279 4546 :
1305 4496 1368 4562 Β(
1389 4493 1634 4556 Domine,
1673 4493 1898 4548 Domine
1920 4495 1968 4562 1,
2009 4477 2051 4531 θ
2077 4513 2186 4550 non
2207 4505 2448 4550 avertam
2490 4505 2680 4564 a-post
2713 4513 2826 4560 eos,
2861 4501 2926 4563 βλ(
2961 4505 3017 4549 ιιι
3047 4496 3382 4551 hencfaciam
3418 4499 3498 4550 ris
3531 4499 3575 4565 1,
3605 4507 3658 4550 ct

394 4583 473 4652 (τι)
503 4583 946 4652 possidetibiipsi
965 4598 1154 4653 agrum
1173 4598 1399 4650 argento
1427 4598 1512 4640 :ct
1535 4587 1727 4655 scripsi
1747 4587 1967 4652 liln'um,

395 4683 446 4726 et
471 4673 776 4743 obsignavi,
801 4685 853 4728 et
885 4675 1068 4730 tesuari
1101 4674 1200 4728 feci
1236 4683 1399 4730 testes
1434 4694 1446 4730 :
1486 4687 1539 4732 et
1581 4680 1709 4733 urbs
1733 4679 1856 4732 data
1889 4688 1972 4733 est

467 4897 542 4969 (a)
586 4895 672 4969 :l_.,
711 4903 930 4949 statuta.
1008 4895 1078 4965 (ὁ)
1118 4898 1450 4953 Rerelatum.
1531 4900 1598 4969 (ε)
1652 4900 1858 4956 Saloni.

398 5045 456 5088 ut
487 5045 647 5088 stent.
726 5037 788 5104 (ἱ)
829 5037 1272 5091 l’ossidebuutm'.

395 5106 640 5158 mirabile
660 5117 742 5159 est
773 5121 879 5174 pra.-
911 5119 960 5159 te
998 5121 1155 5162 otnne
1193 5106 1436 5162 verbum.
1487 5109 1567 5173 8.,

396 5179 468 5234 (ο)
501 5176 586 5238 Λ.,
629 5177 1050 5230 machinatione.
1078 5175 1160 5240 8.,
1186 5179 1434 5232 consilio.

396 5246 664 5316 legentum.
744 5249 812 5312 (δ)
851 5245 1006 5300 Ecce.
1109 5248 1171 5316 (ι)
1214 5246 1272 5301 8.

395 5316 474 5381 (ιι)
519 5313 583 5367 Ει
619 5318 906 5384 acquisivi.
987 5317 1063 5386 (εδ)
1104 5313 1182 5370 Ad
1220 5333 1324 5371 lllt‘.
1402 5319 1477 5386 (ιι)
1507 5318 1648 5374 Deus
1683 5321 1912 5376 lsi-aclis.

395 5399 537 5454 eam.
647 5386 720 5453 (ιι)
758 5387 838 5450 8.,
870 5387 1042 5441 falsis.
1157 5395 1228 5454 (c)
1269 5389 1360 5449 Α..
1393 5393 1788 5444 tantummodo.

397 5523 727 5577 minationes
779 5541 926 5580 suas.

398 5590 523 5668 hoc.

393 5673 498 5715 018.

1008 5529 1082 5598 (Ιι)
1108 5529 1196 5591 Α.,
1230 5539 1288 5583 ιιι
1327 5530 1626 5597 polluerent
1650 5545 1792 5585 eant.

600 5593 810 5670 (uili/os
827 5593 1026 5650 dicitis.
1065 5593 1073 5598 ⁷
1104 5599 1181 5668 (η)
1215 5593 1427 5670 Ani-8.,
1459 5601 1511 5653 in
1540 5611 1708 5670 peste.

577 5665 647 5729 (r)
678 5663 988 5734 ιιι-λέπρα
1014 5663 1261 5740 gaudebo
1299 5669 1354 5723 in
1385 5663 1486 5726 eis.

1937 4903 2016 4971 (ά)
2062 4903 2150 4968 Λ.,
2202 4901 2286 4966 8.,
2337 4903 2558 4956 testium
2601 4903 2946 4972 scriptorum.

395 4967 462 5034 (1³)
503 4968 592 5026 Λ.,
625 4967 793 5042 libros
827 4969 1178 5042 l_r_os,_lib_rum
1210 4967 1568 5042 possessionis
1593 4973 1756 5042 hunc.
1779 4982 1832 5024 ct
1866 4967 2008 5026 hunc
2043 4974 2488 5042 obsignatum,et
2523 4967 2728 5026 libruni
2757 4967 3072 5027 revelatum.

1349 5039 1422 5109 Ut)
1456 5041 1544 5103 (1.,
1573 5041 1657 5104 8.,
1688 5059 1720 5093 ι)
1746 5045 1756 5094 !
1795 5042 2038 5096 Domine.
2067 5039 2221 5106 Ποῦ..
2251 5044 2479 5097 Adnnai.

1601 5123 1654 5164 et
1693 5129 1796 5164 non
1831 5113 2101 5166 imbecille
2131 5123 2212 5166 est
2239 5114 2353 5168 tibi.

1511 5184 1583 5246 (ρ)
1621 5183 1710 5248 Α.,
1741 5181 1822 5245 8.,
1850 5184 1901 5234 in
1943 5184 2272 5238 hominibus.
2318 5184 2391 5252 (α)
2430 5181 2520 5247 Α..
2553 5187 2604 5237 in
2642 5183 3050 5238 tremefactionc
3081 5199 3293 5248 inagna.

1283 5291 1297 5313 ,
1342 5248 1418 5324 illi
1459 5260 1638 5324 autem
1678 5253 2036 5324 admoverunt
2080 5264 2282 5324 struem
2318 5248 2556 5321 ciespitis
2609 5253 2676 5305 ad
2720 5257 2929 5316 urbem,
2969 5255 3033 5307 ad
3077 5248 3480 5324 subjugandum
3511 5272 3653 5308 eant.

1993 5324 2064 5394 (a)
2097 5325 2194 5395 A.,_
2217 5323 2298 5390 S.,
2323 5340 2462 5395 ecce
2501 5339 2600 5395 ego
2635 5324 2704 5376 do
2752 5325 2940 5378 urbem
2986 5323 3189 5395 hanc.’
3223 5329 3297 5395 (gr)
3343 5323 3407 5377 Et
3440 5327 3656 5393 capient

1903 5391 2114 5460 (dir-lu
2157 5393 2236 5456 8.,
2267 5394 2332 5446 ad
2367 5391 2752 5448 removendum
2781 5409 2922 5447 eam.
3025 5395 3095 5458 (el
3131 5393 3274 5458 A.,S

395 5453 464 5524 (ἶ)
501 5453 637 5506 Cum
681 5467 1071 5512 antererterem
1117 5453 1171 5512 et
1209 5458 1480 5522 docerem,
1521 5467 1575 5513 et
1613 5475 1717 5513 non
1760 5453 2070 5524 audierunt,
2102 5453 2160 5516 et
2192 5453 2297 5517 non
2345 5465 2652 5518 voluerunt.

1870 5533 1931 5598 (ι)
1961 5537 2050 5594 .-l.,
2090 5534 2327 5588 excelsa.

1786 5602 1858 5672 (ο)
1891 5601 1974 5670 8.,
2001 5604 2116 5660 sine
2142 5601 2526 5674 sollieitudine.

2085 4585 2335 4638 timorem
2369 4601 2546 4638 meum
2574 4585 2716 4639 dabo
2748 4590 2798 4638 in
2822 4603 2918 4639 cor
2943 4604 3156 4651 eorum,
3183 4602 3236 4642 ιιι
3265 4605 3369 4640 non
3406 4591 3659 4641 recedant

2078 4693 2106 4731 a
2141 4694 2226 4734 me
2259 4697 2273 4734 :
2310 4677 2399 4732 41.
2440 4679 2510 4749 (r)
2561 4689 2610 4733 cl
2657 4679 2892 4734 visitabo
2938 4697 3052 4746 cos,
3099 4681 3165 4736 ad
3209 4681 3654 4735 bemfaciemluzu

3025 4905 3093 4974 (ρ)
3133 4903 3358 4972 Reliqui,
3403 4905 3652 4973 [mem-pi.

3151 4975 3224 5042 (ει)
3257 4975 3375 5026 Eas.
3457 4975 3534 5044 (lt)
3567 4983 3652 5043 .|.,

2559 5045 2620 5110 (Ι)
2663 5047 2704 5095 Α
2739 5086 2751 5106 ,
2786 5044 2870 5100 8..
2898 5056 3142 5098 extenso.
3221 5049 3318 5110 (ut)
3355 5046 3446 5106 Α.,
3473 5056 3526 5097 et
3551 5064 3653 5099 non

2435 5113 2511 5184 (η)
2553 5113 2644 5173 Α..
2680 5112 2798 5178 ΤΙι.,
2835 5113 3011 5179 fortis,
3036 5113 3303 5168 excelsus.
3334 5113 3415 5178 S.,
3448 5130 3654 5182 potens.

2435 5185 2520 5247 Α..
2553 5187 2604 5237 in
2642 5183 3050 5238 tremefactionc
3081 5199 3293 5248 inagna.
3371 5187 3441 5252 tr)
3483 5185 3572 5246 Α..
3603 5189 3654 5240 in

3371 5197 3441 5252 ιν)
3483 5197 3572 5246 Α..
3603 5203 3654 5240 ιιι

3025 5395 3095 5458 (e)
3131 5393 3321 5458 A.,S.,
3362 5397 3651 5448 cervicem.

2729 5463 2802 5532 (9)
2833 5465 2920 5528 3-.
2946 5466 3134 5532 culpas
3164 5479 3314 5518 suas.
3391 5464 3432 5515 Α
3468 5506 3482 5528 ,
3519 5465 3651 5516 ab”-

2406 5534 2478 5602 (k)
2513 5536 2606 5599 A.,
2653 5535 2719 5588 ad
2750 5535 3188 5604 traducendum.
3243 5534 3652 5604 (l).4.,propter

2607 5604 2874 5676 (p).\liud.
2938 5607 3012 5675 (ιι)
3045 5605 3134 5670 Δ.,
3170 5603 3252 5670 8.,
3290 5616 3348 5658 ιιι
3385 5606 3523 5659 bene
3561 5607 3651 5658 ﬁat
