4102 6278
398 282 543 342 9359

1579 272 1800 328 CODEX
1845 271 2516 330 SYRO-IIEXAPLABIS.

3511 268 3654 332 2πο

399 417 456 472 Si
490 416 552 488 (ι)
591 413 767 470 foedus
803 427 982 468 meum
1031 410 1136 466 diei
1186 417 1238 463 et
1291 408 1489 473 noctis,
1535 417 1736 464 statuta
1770 411 1892 465 cmli
1927 419 1982 464 et
2012 417 2050 472 Α
2085 410 2248 464 miam
2302 425 2331 463 a
2379 408 2631 470 Domine,
2673 407 2860 462 dicens
2896 425 2908 460 :
2963 406 3043 460 i3.
3091 405 3183 460 Sic
3211 405 3352 460 dixit
3389 405 3652 462 Dominus

400 521 556 562 terra:
607 523 712 560 non
764 505 1032 566 erdinavi,
1072 503 1164 556 ‘26.
1215 503 1381 555 etiam
1424 517 1607 556 semen
1661 502 1889 564 Jacobi,
1925 514 1980 558 et

403 600 642 662 Davidis.
683 597 825 652 servi
861 596 991 658 mei,
1023 594 1348 664 reprebabo,
1383 604 1442 648 ut
1491 609 1596 646 non
1651 609 1866 648 sumam
1912 609 1978 648 ex

398 692 606 745 semine
655 690 776 757 ejus
829 688 1128 758 principem
1179 685 1246 740 ad
1307 700 1492 739 semen
1557 685 1874 746 Abrahami,
1925 693 1978 739 et

400 777 604 844 lsaaci,
647 786 703 832 et
735 777 958 840 Jacobi;
1006 776 1136 846 quia
1195 782 1508 828 convertam
1566 777 1976 830 conversionem

397 884 609 932 eorum,
639 878 693 922 et
719 867 1016 922 miserebor
1039 881 1252 921 eorum.

469 958 599 1027 Cap.
649 957 964 1012 XXXIV.——-
993 958 1039 1010 Ι.
1069 955 1332 1016 Verbum.
1363 956 1506 1026 quod
1545 954 1744 1010 factum
1779 966 1862 1012 est
1900 959 1969 1010 ad

398 1047 682 1104 Jeremiam
706 1064 736 1102 a
771 1047 1032 1102 Domino:
1067 1057 1118 1102 et
1143 1045 1750 1102 Nabucltedenesorrex
1789 1048 1966 1118 Baby-

399 1139 563 1203 lonis,
599 1149 653 1195 et
696 1141 880 1194 omnia
928 1147 1110 1194 castra
1171 1141 1318 1208 ejus,
1375 1146 1431 1192 et
1467 1140 1649 1193 etnnis
1685 1140 1780 1210 (m)
1831 1150 1976 1194 terra

401 1232 735 1302 principatus
767 1235 833 1300 Βῆ(
861 1247 1054 1286 manus
1085 1231 1108 1298 1
1147 1232 1290 1300 ejus,
1333 1239 1386 1285 et
1430 1247 1623 1286 omnes
1655 1233 1840 1301 pepuli
1878 1247 1979 1301 pu-

399 1326 640 1392 gnabant
674 1340 838 1392 super
893 1323 1221 1388 Jerusalem,
1265 1333 1320 1378 et
1357 1341 1521 1392 super
1583 1339 1774 1379 omnes
1815 1324 1979 1378 urbes

398 1413 570 1476 Judae,
602 1415 788 1469 dicens
819 1434 833 1470 :
865 1415 919 1469 2.
957 1415 1046 1468 Sic
1081 1417 1219 1468 dixit
1259 1416 1524 1469 Dominm
1557 1415 1695 1470 Deus
1720 1415 1932 1469 Israelis
1961 1432 1974 1468 :

403 1500 567 1565 Vade,
599 1505 668 1571 Χ
705 1503 791 1556 die
832 1504 854 1571 1
887 1504 954 1557 ad
989 1503 1276 1558 Sedeciam
1305 1520 1485 1573 regem
1529 1502 1706 1567 Judze,
1739 1512 1793 1558 et
1827 1503 1979 1557 dices

401 1595 448 1646 ei
481 1611 494 1646 :
531 1593 622 1649 Sic
654 1595 792 1648 dixit
817 1593 1082 1648 Dominus
1109 1613 1122 1648 :
1159 1601 1234 1662 (η)
1261 1595 1549 1650 Tradendo
1583 1596 1824 1649 tradetur
1847 1595 1978 1650 urbs

401 1686 518 1740 haec
553 1686 606 1740 in
649 1701 846 1740 manus
891 1687 1034 1754 regis
1077 1685 1407 1756 Babylonis:
1443 1687 1515 1756 (ο)
1553 1695 1606 1740 et
1645 1687 1821 1752 capiet
1855 1700 1975 1740 eam

2087 499 2227 556 Deus
2265 501 2479 556 lsraelis
2511 519 2525 554 :
2561 499 2672 570 Ego
2697 500 2946 568 disposui
2981 499 3156 553 foedus
3200 498 3267 552 ad
3311 507 3494 566 patres
3525 513 3651 551 ves-

2081 603 2197 648 tros
2228 591 2282 646 in
2318 592 2426 654 die,
2481 605 2596 658 que
2621 589 2692 660 (ὁ)
2727 589 2899 658 eripui
2947 604 3044 643 eos
3074 604 3138 642 ex
3173 600 3314 642 terra
3347 587 3589 659 Egypti,
3619 603 3652 644 ο

2080 687 2246 740 ιΙοιιιο
2280 683 2581 746 servitutis,
2611 682 2798 736 dicens
2829 696 2842 735 ε
2874 681 2940 735 ﬂ
2972 679 3042 748 (ε)
3066 680 3200 734 Cum
3231 680 3488 748 completi
3527 681 3647 734 fue-

2081 779 2190 830 rint
2217 791 2309 831 sex
2341 775 2492 838 anni,
2515 773 2760 828 dimittes
2788 770 3006 826 fratrem
3041 779 3192 824 tuum
3222 769 3535 832 Hebraeum,
3557 768 3650 839 qni

2081 867 2335 920 venditus
2389 865 2550 918 fuerit
2593 863 2711 927 tibi,
2761 871 2815 916 et
2847 863 3166 932 operabitur
3197 863 3294 916 tibi
3321 878 3416 918 sex
3447 878 3646 925 annos,

2081 973 2134 1016 et
2163 959 2406 1012 dimittes
2425 973 2553 1012 eum
2577 957 2806 1012 liberum
2831 971 2860 1009 a
2895 965 2964 1011 te.
2994 955 3062 1009 Et
3089 973 3197 1010 non
3219 957 3542 1010 audiverunt
3565 973 3652 1012 me

2082 1061 2260 1120 patres
2312 1049 2516 1110 vestri,
2577 1057 2630 1102 et
2677 1063 2782 1100 non
2837 1048 3174 1102 inclinarunt
3227 1063 3418 1100 aurem
3471 1063 3648 1102 suam.

2083 1143 2150 1196 15
2181 1143 2256 1209 (ιι)
2287 1141 2351 1194 Et
2386 1141 2638 1196 conversi
2679 1147 2808 1193 sunt
2835 1140 2996 1194 hodie
3020 1141 3086 1194 ad
3112 1140 3416 1194 faciendum
3445 1153 3649 1193 rectum

2081 1245 2208 1290 ante
2240 1236 2432 1290 oculos
2457 1251 2630 1299 meos,
2663 1247 2715 1288 ut
2743 1244 2963 1288 voearet
2994 1235 3062 1303 (e)
3088 1235 3464 1289 dimissionem
3493 1253 3654 1290 unus-

2079 1327 2312 1395 quisque
2364 1326 2598 1396 proximi
2647 1327 2732 1380 sui
2769 1341 2784 1378 :
2816 1333 2872 1380 et
2921 1337 3446 1381 consummaverunt
3475 1327 3652 1384 ftedus

2080 1429 2206 1472 ante
2261 1417 2456 1472 faciem
2517 1433 2696 1472 meam
2747 1417 2800 1471 in
2848 1417 3036 1482 domo,
3083 1433 3189 1486 qua
3227 1419 3536 1472 invocatum
3569 1429 3652 1474 est

2081 1526 2280 1564 nomen
2315 1526 2495 1564 meum
2529 1525 2696 1578 super
2727 1525 2810 1564 ea.
2848 1509 2936 1564 {6.
2965 1511 3031 1564 Et
3065 1510 3264 1564 reversi
3295 1512 3447 1576 estis,
3471 1523 3524 1565 et
3545 1512 3655 1580 pol-

2080 1600 2264 1654 luistis
2297 1615 2496 1652 nomen
2529 1615 2731 1664 meum,
2763 1607 2824 1652 ut
2849 1599 3026 1653 redire
3051 1597 3254 1652 faceret
3275 1601 3652 1668 unusquisque

2083 1701 2300 1741 servum
2356 1703 2553 1750 suum,
2608 1696 2662 1740 et
2713 1687 3099 1756 unusquisque
3151 1687 3406 1742 ancillam
3469 1703 3647 1751 suam,

404 1776 478 1845 (p)
514 1776 565 1829 in
609 1777 750 1846 igne.
789 1777 842 1829 5.
871 1775 936 1829 Et
980 1785 1034 1830 tu
1078 1793 1186 1830 non
1233 1777 1430 1831 evades
1473 1791 1504 1830 e
1548 1793 1711 1830 manu
1745 1777 1888 1846 ejus,
1921 1785 1977 1832 et
2011 1758 2052 1816 Β
2079 1793 2221 1846 quos
2269 1779 2600 1833 dimiseratis
2643 1778 2844 1833 liberos
2885 1777 3084 1832 aninne
3109 1794 3240 1840 sum,
3271 1787 3325 1832 et
3353 1779 3650 1848 subegistis

403 1867 666 1935 capiendo
712 1867 964 1936 capieris,
1017 1875 1072 1922 et.
1123 1867 1178 1920 in
1229 1883 1423 1921 manus
1473 1867 1594 1935 ejus
1631 1868 1890 1923 daberis:
1923 1875 1977 1922 et

402 1957 544 2010 oeuli
583 1957 658 2010 tui
692 1957 882 2012 oculos
910 1957 981 2026 (q)
1014 1958 1156 2026 regis
1195 1956 1490 2028 Babylonis
1523 1958 1800 2021 videbunt,
1833 1967 1887 2012 et
1913 1973 1977 2014 es

404 2049 523 2122 ejus
558 2065 680 2108 cum
723 2065 817 2106 ore
840 2060 932 2105 tuo
961 2050 1231 2120 loquetur,
1253 2059 1307 2103 ct
1339 2052 1392 2103 in
1419 2049 1744 2120 Babylonem
1781 2051 1978 2120 ingrc-

404 2146 592 2200 dieris.
620 2145 668 2198 i.
708 2142 811 2197 Sed
851 2143 978 2196 audi
1037 2141 1260 2195 verbum
1318 2139 1556 2202 Domini,
1601 2139 1825 2194 Sedecia
1883 2155 1974 2193 rex

403 2238 554 2291 Juda:
583 2259 596 2290 :
633 2237 711 2291 sic
743 2236 880 2290 dixit
915 2234 1173 2287 Dominus
1209 2235 1275 2300 Ἀ(
1306 2233 1372 2286 de
1399 2241 1451 2286 te
1483 2231 1541 2299 1:
1581 2231 1695 2286 Non
1731 2231 1978 2285 morieris

407 2331 459 2383 in
487 2329 686 2398 gladio,
711 2328 764 2380 5.
793 2328 845 2380 in
875 2342 1006 2396 pace
1031 2325 1282 2380 morieris
1310 2325 1414 2395 :(r)
1453 2332 1506 2378 et
1545 2325 1688 2378 sicut
1721 2324 1770 2376 ιι.
1793 2324 1976 2392 plera-

406 2431 532 2474 rnnt
567 2429 746 2488 patres
785 2429 927 2478 tuos,
961 2417 1054 2485 qui
1107 2427 1404 2484 regnarunt
1463 2425 1596 2470 ante
1636 2418 1702 2482 ᾖ(
1737 2415 1828 2483 ιιιιί
1865 2414 1981 2469 fue-

402 2520 531 2564 runt
563 2509 586 2578 1
619 2518 670 2562 te
725 2509 810 2578 ('),
847 2507 924 2562 sic
969 2506 1325 2574 deplorabunt
1358 2507 1522 2558 etiam
1580 2513 1650 2567 te,
1689 2515 1873 2572 atque,
1903 2517 1981 2558 τω

405 2599 652 2663 Domine,
679 2599 934 2668 plangent
973 2605 1044 2658 te,
1071 2597 1200 2664 quia
1226 2595 1294 2664 (ε)
1319 2611 1515 2665 magna
1545 2597 1612 2662 Χ
1643 2610 1744 2663 ego
1777 2595 1798 2662 1
1830 2596 1982 2648 locn-

405 2703 650 2754 tussum,
691 2690 823 2744 dicit
845 2689 1128 2742 Dominus.
1168 2689 1220 2742 ti.
1270 2687 1336 2740 Et
1363 2688 1578 2742 locutus
1611 2697 1692 2739 est
1745 2685 1980 2740 Jeremia

405 2783 667 2851 propin-ta
701 2782 766 2837 ad
812 2779 1092 2836 Sedeciam
1145 2795 1326 2850 regem
1382 2776 1537 2832 Juda:
1591 2779 1774 2831 omnia
1817 2777 1978 2831 verba

404 2876 521 2930 lnee
549 2875 600 2927 in
633 2872 957 2928 Jerusalem.
1001 2871 1052 2925 7.
1103 2869 1168 2923 Et
1197 2881 1435 2940 potestas
1491 2871 1632 2939 regis
1685 2869 1980 2940 Babylonis

402 2965 680 3036 pugnabat
721 2979 886 3033 super
941 2962 1281 3024 Jerusalem,
1337 2972 1392 3016 et
1437 2978 1602 3032 super
1634 2966 1701 3031 Ἀ(
1732 2963 1974 3031 omnes1

401 3057 566 3112 urbes
595 3055 745 3110 Judze
771 3055 1040 3117 residuas,
1071 3070 1234 3123 super
1257 3052 1475 3117 Laehis,
1505 3064 1559 3108 et
1583 3069 1748 3123 super
1771 3053 1974 3122 Azrca;

401 3150 660 3216 quoniam
695 3149 776 3200 lia:
808 3146 1008 3200 relicta:
1035 3144 1256 3198 fuerunt
1281 3145 1335 3198 in
1369 3145 1598 3200 urbibus
1634 3145 1788 3200 Judze
1814 3147 1979 3200 urbes

405 3240 646 3292 munitae.
665 3238 718 3291 8.
754 3236 1008 3302 Verbum,
1039 3237 1184 3306 quod
1223 3235 1424 3290 factum
1460 3247 1543 3291 est
1581 3237 1646 3290 ad
1688 3235 1978 3292 Jeremiam

403 3345 434 3383 a
464 3329 712 3394 Domino,
745 3337 1035 3398 postquam
1074 3327 1137 3395 (ι)
1178 3328 1581 3382 consummavit
1619 3345 1709 3382 rex
1759 3327 1982 3382 Sedecia

405 3420 582 3475 fmdns
621 3436 748 3490 erga
780 3423 847 3488 x
879 3435 1094 3474 omnem
1134 3419 1156 3488 1
1195 3421 1454 3490 populum
1518 3421 1612 3490 qui
1663 3421 1718 3474 in
1759 3419 1984 3475 Jerusa-

405 3513 530 3575 lem,
565 3513 629 3565 ad
666 3513 968 3566 vocandum
1021 3516 1085 3568 ar
1125 3511 1204 3564 eis
1239 3511 1261 3577 1
1299 3513 1378 3580 (ιι)
1414 3511 1807 3576 dimissionem,
1841 3512 1894 3566 9.
1925 3521 1985 3566 ut

403 3604 725 3656 amendaret
756 3603 1130 3670 unusquisque
1172 3616 1384 3654 servum
1406 3616 1588 3663 suum,
1623 3611 1676 3655 et
1709 3605 1778 3669 Ἀ(
1814 3617 1986 3658 unus-

403 3694 636 3762 quisque
691 3692 712 3760 1
761 3693 1012 3747 ancillam
1063 3708 1241 3756 suam,
1279 3689 1562 3744 Hebraeum
1609 3703 1661 3745 et
1705 3692 1982 3746 llebra-am

405 3785 628 3848 liberos,
663 3785 740 3855 (ω)
781 3795 837 3838 ut
868 3802 974 3840 non
1016 3785 1198 3840 colant
1251 3785 1536 3838 servitium
1585 3783 1666 3837 vir
1701 3800 1766 3836 ex
1820 3783 1979 3848 Juda,

403 3875 781 3945 fraterXejus
811 3877 858 3942 1.
887 3876 972 3930 10.
1002 3877 1065 3930 Et
1087 3877 1288 3930 reversi
1317 3885 1444 3930 sunt
1469 3890 1660 3930 omnes
1677 3883 1980 3941 magnates,

402 3977 458 4022 et
487 3969 666 4022 euntis
697 3968 949 4036 pepulus,
989 3967 1080 4034 qui
1123 3968 1354 4034 ingressi
1409 3976 1570 4022 erant
1603 3967 1657 4018 in
1689 3964 1890 4028 foedus,
1924 3973 1984 4018 ut

403 4061 699 4113 dimitteret
728 4058 1106 4128 unusquisque
1149 4073 1364 4112 servum
1413 4073 1572 4112 suum
1598 4066 1651 4112 et
1683 4057 1984 4127 unusquis-

405 4167 510 4220 que
557 4151 810 4204 ancilium
847 4166 1027 4214 suam,
1063 4150 1349 4204 liebrmum
1372 4149 1729 4205 etllebraeam
1760 4150 1981 4214 liberos,

407 4250 466 4297 ut
498 4258 606 4298 non
645 4243 890 4296 colerent
920 4241 1202 4296 servitium
1250 4242 1523 4310 amplius;
1549 4251 1601 4295 et
1633 4241 1981 4304 audiverunt,

401 4344 458 4388 et
487 4335 834 4388 dimiserunt.
884 4334 967 4388 ll.
1012 4333 1076 4386 Et
1111 4335 1314 4388 reversi
1347 4343 1622 4402 suntpost
1645 4332 1762 4387 haec
1799 4331 1896 4400 (y).
1930 4341 1984 4385 et

1961 3097 1976 3122 ’
2007 3099 2049 3156 C

2079 1887 2198 1936 eos,
2233 1880 2292 1925 ut
2316 1872 2428 1926 sint
2450 1871 2608 1925 vobis
2632 1871 2684 1924 in
2717 1884 2928 1934 serves,
2955 1881 3010 1926 et
3035 1869 3089 1924 in
3113 1870 3364 1926 ancillas.
3399 1871 3486 1925 17.
3517 1871 3654 1925 Pre-

2079 1971 2200 2031 pter
2221 1963 2322 2016 lioc
2348 1962 2428 2016 sic
2452 1960 2592 2015 dixit
2621 1960 2888 2015 Dominus
2919 1980 2932 2014 :
2967 1961 3078 2016 Vos
3101 1976 3209 2014 non
3233 1961 3521 2018 audivistis
3541 1979 3652 2029 me,

2081 2061 2139 2104 ut
2185 2061 2402 2106 vocaret
2447 2051 2822 2108 dimissionem
2874 2053 3256 2123 unusquisque
3311 2055 3376 2108 ad
3429 2054 3649 2110 fratrem

2081 2158 2267 2206 suum,
2309 2153 2362 2197 et
2409 2143 2794 2213 unusquisque
2827 2145 2894 2198 ad
2940 2146 3252 2213 proximum
3297 2161 3480 2200 suum.
3514 2146 3654 2200 Ecce

2081 2249 2186 2302 ego
2237 2249 2378 2287 voco
2423 2235 2580 2289 vobis
2628 2234 3026 2296 dimissionem,
3080 2234 3216 2288 dicit
3263 2234 3550 2296 Dominus,
3599 2235 3652 2288 in

2088 2325 2349 2394 gladium,
2385 2333 2440 2379 et
2486 2325 2538 2378 in
2578 2335 2831 2386 mortem,
2871 2326 3004 2380 etin
3037 2324 3232 2378 famem
3269 2335 3361 2380 :et
3391 2327 3534 2380 dabo
3561 2343 3654 2381 vos

2082 2416 2136 2468 in
2185 2415 2581 2484 dispersionem
2618 2417 2672 2470 in
2703 2416 2964 2470 omnibus
3005 2415 3186 2484 regnis
3235 2425 3394 2470 terra!
3427 2435 3440 2470 :
3475 2417 3562 2470 18.
3598 2427 3652 2470 et

2081 2508 2224 2562 dabo
2277 2522 2376 2562 eos
2431 2507 2714 2570 homines,
2769 2509 2859 2576 qni
2911 2509 3238 2578 transgressi
3287 2517 3415 2562 sunt
3475 2507 3654 2562 foedus

2084 2613 2290 2660 meum,
2339 2598 2434 2666 qui
2479 2612 2588 2652 non
2623 2597 3003 2660 stabiliverum
3045 2601 3110 2666 Χ
3149 2599 3316 2652 verba
3365 2598 3388 2666 1
3435 2597 3654 2653 foederis

2083 2689 2215 2754 mei,
2251 2689 2402 2756 quod
2447 2687 2700 2744 fecerunt
2755 2699 2880 2745 ante
2927 2689 3120 2745 faciem
3169 2703 3368 2751 meam,
3401 2690 3652 2753 vitulum,

2081 2779 2148 2850 (Γ)
2175 2795 2334 2849 quem
2373 2778 2618 2834 fecerunt
2639 2783 2706 2848 χ
2729 2782 2806 2849 (g)
2841 2781 2894 2834 in
2919 2781 3029 2834 duo
3055 2781 3104 2848 1,
3137 2791 3192 2836 et
3224 2781 3566 2836 transierunt
3590 2784 3656 2849 χ(

2081 2872 2138 2926 in
2177 2871 2360 2925 medio
2413 2880 2822 2940 segmentorum
2857 2872 2977 2942 ejus
3011 2873 3059 2941 1,
3117 2873 3204 2927 19.
3251 2872 3328 2943 (Ιι)
3366 2874 3655 2941 praefectos

2080 2961 2254 3026 Judze,
2293 2970 2348 3016 et
2379 2961 2660 3032 praefectos
2687 2961 3009 3028 Jerusalem,
3043 2967 3356 3027 eunuchos,
3387 2975 3440 3018 et
3475 2979 3656 3018 sacer-

2083 3055 2260 3118 dotes,
2296 3064 2350 3110 et
2390 3070 2612 3110 onmem
2656 3057 2916 3125 populant
2968 3065 3126 3111 terrae
3157 3057 3218 3124 (ἱ)
3256 3057 3314 3120 ii,
3347 3057 3441 3126 qui
3475 3069 3658 3110 trans-

2083 3147 2266 3202 ierunt
2318 3147 2370 3200 in
2421 3147 2601 3200 medie
2649 3153 3057 3216 segmentorum
3101 3147 3278 3212 vituli,
3307 3145 3400 3200 20.
3431 3155 3486 3200 et
3515 3147 3657 3200 dabo

2083 3251 2182 3291 eos
2221 3237 2272 3290 in
2307 3251 2473 3290 nianu
2511 3237 2755 3291 hostium
2784 3253 2997 3302 eorum,
3031 3247 3085 3292 et
3117 3237 3170 3292 in
3201 3254 3368 3292 manu
3401 3255 3656 3308 qmeren-

2085 3328 2222 3382 tium
2251 3328 2468 3382 animas
2489 3343 2705 3393 eorum,
2727 3337 2782 3382 et
2799 3329 2940 3382 dabo
2961 3331 3230 3384 cadavera
3247 3345 3436 3382 eorum
3468 3331 3651 3383 cibum

2085 3421 2406 3475 volatilibus
2451 3421 2598 3486 eteli,
2629 3431 2684 3476 et
2721 3421 2911 3476 bestiis
2939 3429 3117 3476 terrae.
3157 3423 3248 3474 21.
3279 3421 3344 3474 Ει
3377 3421 3658 3476 Sedeciam

2083 3527 2264 3580 regem
2331 3509 2534 3567 Judaaaa
2568 3551 2585 3578 ,
2649 3520 2704 3566 et
2769 3511 3039 3581 principes
3117 3527 3308 3566 eorum
3387 3512 3532 3566 dabo
3603 3513 3657 3566 in

2089 3617 2282 3655 nianus
2346 3601 2694 3655 inimicorum
2761 3615 2976 3664 eorum,
3043 3601 3190 3654 etin
3233 3615 3456 3654 manum
3509 3615 3659 3670 qua:-

2085 3690 2326 3745 rentium
2379 3690 2596 3746 animas
2633 3705 2851 3758 eorum,
2907 3701 2962 3745 et
3003 3691 3058 3744 in
3103 3706 3328 3744 manum
3373 3692 3656 3760 potestatis

2086 3783 2230 3848 regis
2254 3783 2575 3853 Babylonis,
2610 3783 2681 3852 (Ιί)
2709 3781 3030 3852 fugientium
3059 3783 3128 3836 ab
3149 3783 3251 3838 eis.
3288 3783 3378 3838 22.
3405 3783 3545 3838 Ecce
3561 3798 3658 3852 ego

2085 3873 2362 3942 praecipio,
2398 3875 2528 3928 dicit
2565 3873 2852 3940 Dominus,
2891 3882 2945 3928 et
2973 3873 3226 3930 reducam
3255 3888 3354 3928 eos
3386 3876 3440 3928 in
3465 3875 3656 3928 urbem

2086 3965 2248 4029 banc,
2307 3975 2363 4020 et
2407 3966 2700 4035 pugnaturi
2731 3969 2798 4032 >κ
2825 3981 2990 4034 super
3026 3980 3146 4020 eam
3187 3967 3234 4034 1,
3269 3966 3484 4035 capient
3511 3981 3656 4032 eam,

2083 4063 2138 4110 et.
2163 4057 2490 4110 comburent
2521 4073 2642 4110 eam
2679 4057 2730 4109 in
2762 4057 2903 4126 igne,
2944 4065 2998 4110 et
3025 4059 3188 4112 urbes
3218 4058 3372 4112 Juda'
3395 4059 3538 4112 dabo
3569 4073 3660 4112 eas

2087 4144 2141 4198 in
2166 4161 2273 4200 non
2305 4149 2556 4216 pervium
2588 4147 2656 4200 ab
2695 4147 3120 4203 habitatoribus.

2155 4235 2286 4303 Cap.
2333 4235 2550 4292 XXXV.
2583 4266 2654 4278 -—
2697 4240 2747 4292 1.
2782 4236 3044 4304 Verbum,
3077 4239 3220 4306 quod
3251 4237 3452 4292 factum
3479 4249 3562 4292 est
3591 4239 3658 4293 ad

2083 4327 2377 4384 Jeremiam
2439 4343 2469 4382 a
2519 4327 2752 4382 Domino
2797 4329 2850 4382 in
2897 4327 3090 4384 diebus
3120 4328 3328 4384 Joacim
3361 4331 3456 4384 lilii
3495 4328 3658 4384 Jesize

404 4425 582 4479 redire
633 4423 881 4478 fecerunt
928 4440 1115 4478 serves
1163 4433 1215 4477 et
1252 4423 1502 4489 ancillas,
1533 4437 1675 4492 quos
1711 4422 1786 4491 (ιδ
1819 4422 1982 4476 dimi-
2014 4429 2056 4482 D
2087 4422 2232 4490 regis
2284 4417 2461 4483 Judze,
2495 4420 2690 4473 dicens
2723 4437 2736 4472 :
2764 4419 2820 4473 2.
2846 4418 2995 4474 Vade
3024 4419 3076 4470 in
3113 4421 3336 4472 donmm
3367 4421 3426 4490 (Ι)
3449 4419 3656 4473 Beelia.

403 4525 586 4570 serant
621 4515 842 4578 liberos,
879 4513 952 4585 (ιι)
982 4525 1036 4568 et
1059 4515 1408 4584 reliquerunt
1437 4529 1534 4568 eos
1562 4513 1616 4566 in
1639 4527 1832 4567 servos
1852 4513 1980 4567 etin

405 4605 652 4660 ancillas.
691 4605 780 4658 12.
811 4603 875 4657 Ει
906 4603 1106 4658 factum
1131 4611 1216 4658 est
1247 4604 1473 4658 verbum
1507 4602 1722 4657 Domini
1749 4601 1815 4657 ad
1833 4599 1980 4656 Jere-

477 4768 539 4838 (t)
574 4767 655 4828 S.,
697 4767 874 4820 fm'ius
897 4781 1098 4819 meum.

406 4833 590 4907 (ο)Ἀ.,
615 4848 666 4890 et
707 4839 1149 4890 combureteam.
1217 4833 1304 4902 (ῃ)
1335 4833 1400 4884 Et
1422 4837 1704 4888 eomburet
1727 4847 1869 4886 eam.

1206 4763 1300 4835 (ιη)
1336 4764 1426 4835 4.,
1476 4761 1628 4831 copia
1681 4761 1820 4831 ejus.
1853 4760 1935 4826 S.,
1965 4770 2227 4835 potestas.

1955 4831 2026 4903 (ιι)
2057 4831 2184 4900 Ejus
2195 4873 2207 4886 .

2083 4513 2196 4568 bim
2237 4531 2249 4566 :
2287 4512 2382 4582 (m)
2419 4521 2470 4565 et
2501 4527 2631 4564 voca
2663 4527 2779 4578 eos,
2805 4521 2858 4565 et
2881 4511 3198 4566 introduces
3225 4527 3322 4566 eos
3355 4514 3406 4566 in
3433 4513 3656 4566 domum

2087 4601 2306 4655 Domini
2351 4602 2431 4671 (η)
2475 4602 2530 4654 in
2575 4617 2742 4654 unum
2793 4617 2860 4654 ex
2913 4602 2985 4670 (ο)
3027 4603 3204 4668 atriis,
3261 4609 3314 4655 et
3363 4602 3655 4656 bibendum

2332 4763 2408 4830 (η)
2439 4761 2528 4828 Λ.,
2559 4777 2685 4814 ecce
2714 4777 2814 4830 ego
2843 4761 3070 4817 daturus
3101 4777 3220 4816 sum
3273 4762 3460 4816 urbem
3493 4763 3655 4819 hanc.

2293 4831 2362 4902 (r)
2387 4831 2474 4896 Α.,
2506 4841 2560 4886 et
2593 4833 3162 4886 sicutcomlmstiones
3191 4841 3403 4902 patrum
3437 4843 3655 4886 tuorum

405 4906 593 4996 regum
627 4928 888 5004 priorum,
909 4926 1002 5004 qui
1035 4925 1254 5004 fueru‘nt
1274 4924 1327 5004 ip
1365 4924 1608 5004 farietua
1629 4921 2002 5004 [Hebraismus
2017 4906 2176 5004 ἰλιξῆ
2204 4938 2297 4991 pro
2322 4933 2442 4975 ante
2465 4933 2531 4976 te.
2565 4921 2687 4993 Dn.]
2713 4939 2726 4988 ;
2751 4923 2842 5003 _sic
2866 4924 3188 5004 comburent
3215 4932 3284 4976 te.
3319 4924 3388 4993 (δ)
3425 4923 3514 5004 εἴη
3543 4940 3627 4978 ver

407 4993 556 5054 buin.
591 4993 655 5066 (ί)
689 4997 776 5060 Α.,
805 4996 1022 5066 excidit.
1053 4995 1129 5066 (ιι)
1165 4993 1251 5058 Α.,
1291 4993 1724 5066 Γηιξίιὶιίιιθιηίιιι
1752 4993 2058 5066 dimitteret
2079 4997 2160 5046 vir
2177 5009 2392 5048 servum
2418 5009 2600 5066 suum,
2628 5007 2684 5066 et
2715 4994 2795 5066 vir
2823 4994 3071 5066 ancillam
3104 5009 3282 5046 suam.

409 5085 517 5122 non
552 5063 758 5123 servire
799 5064 1037 5118 facerent
1070 5063 1315 5118 Judazum
1359 5063 1580 5118 fratrem
1613 5080 1774 5119 suum
1811 5079 1876 5117 ne
1902 5065 2328 5132 quidemunum.

407 5154 520 5194 eos.
601 5139 676 5209 ta)
701 5137 820 5188 ΚΑΙ
857 5133 1098 5196 ΕΩΣΑΝ,
1133 5143 1180 5186 et
1210 5135 1424 5209 missurn
1453 5134 1706 5201 fecerunt.
1745 5132 1949 5209 Reliqui

2105 5133 2368 5209 subegerit
2379 5132 2453 5190 nt.

409 5201 776 5262 summatione
808 5215 1012 5274 septem
1054 5218 1342 5274 annorum.
1385 5201 1467 5274 $7.,
1505 5202 2625 5274 cuinpraeterlapsiifuerintseptemanni.

796 5270 988 5345 (e)'A.,
1014 5273 1340 5345 libertatem.
1363 5271 1568 5345 _([l_A.,
1601 5270 1684 5338 SI,
1707 5289 1865 5341 quem
1900 5270 2256 5345 diviserunt.‘
2281 5273 2474 5345 (g)__Ad_
2498 5274 2829 5345 operantium
2856 5289 2940 5327 eo.
2977 5271 3052 5337 (Ιι)
3089 5272 3354 5345 Praefecti.

995 5344 1069 5414 (k)
1101 5343 1296 5412 S.,qui
1336 5343 1714 5414 demigrarunt
1747 5358 1800 5414 7a
1832 5343 2006 5414 vobis.

408 5289 463 5333 et
487 5279 718 5358 fecisds.

407 5357 500 5417 qui
535 5357 889 5417 transierunt.

3360 4993 3440 5059 (πῖ)
3475 4995 3558 5058 8.,
3601 5003 3658 5048 ut

2921 5065 2993 5131 (z)
3025 5061 3660 5142 i’ostqnamdimiserant

2556 5134 2627 5202 (ὑ)
2653 5130 2742 5195 Α.,
2771 5131 2852 5195 S.,
2880 5130 2936 5185 et
2975 5130 3184 5186 eduin
3261 5134 3332 5202 (c)
3364 5133 3453 5198 A.,
3477 5151 3506 5187 a
3533 5151 3658 5188 con.

2556 5203 2625 5254 ni.
2705 5202 2781 5270 (ll,
2813 5201 2902 5266 Α.,
2924 5211 2976 5256 et
2999 5202 3247 5256 conversi
3273 5203 3450 5257 fuistis
3475 5205 3652 5264 hodie,

2556 5274 2829 5325 iurandum
2856 5289 2940 5327 eo.
2977 5271 3052 5337 (li)
3089 5272 3354 5326 l’rzefeeti.
3433 5276 3496 5342 (ἰ)
3527 5278 3649 5338 lies,

3455 5292 3470 5325 ι
3479 5292 3496 5338 ι
3527 5292 3649 5338 nos,

3045 5344 3141 5412 tm)
3171 5343 3258 5408 Α.,
3299 5343 3418 5408 'l'h.,
3477 5355 3531 5398 et
3576 5347 3654 5398 lo-

2406 5065 2481 5134 (y)
2517 5062 2592 5115 Ex
2625 5063 2842 5134 ist'ael_e.

2110 5341 2170 5410 ιι)
2219 5341 2301 5408 3.,
2351 5343 2950 5398 ileebabinmnitarum.

409 5409 594 5486 queris
625 5418 726 5471 eis.
803 5416 880 5488 (η)
916 5409 1011 5479 Λ.,’
1040 5409 1106 5467 ad
1131 5409 1300 5466 unum
1333 5427 1398 5466 ex
1428 5409 1659 5466 aerariis.
1736 5413 1810 5480 (ο)
1835 5409 1918 5478 S.,
1950 5409 2187 5467 exedris.

484 5598 547 5668 (Ἴ
579 5599 746 5670 Syrus
771 5601 1037 5672 interpres
1066 5601 1338 5670 duplicem
1377 5601 1465 5655 hic
1495 5600 1688 5656 inserit
1721 5603 1978 5658 Iectienen

2082 5602 2144 5656 Ex
2183 5618 2308 5665 nx,
2363 5601 2454 5671 qui
2504 5609 2796 5670 regnarunt
2825 5608 2948 5652 ante
2979 5609 3026 5652 te
3055 5600 3201 5668 (τοὺς
3227 5599 3650 5670 Samiis-Juv“;

417 5685 676 5758 πρότερόν
717 5689 859 5759 σου).
887 5706 916 5744 e
947 5706 1077 5746 vero
1101 5691 1346 5756 liclirzee,
1377 5691 1478 5746 sub
1509 5691 1793 5758 asterisco,
1828 5693 1920 5763 qui
1953 5692 2172 5747 fuerunt
2205 5701 2328 5745 ante
2364 5701 2414 5746 te
2451 5674 2633 5768 (T335
2669 5697 2964 5760 ινδ-Ἕκ).
2995 5691 3192 5748 Dnacn.
