4102 6278
454 293 585 350 9561

1571 298 1887 362 «ΙῐίῐὶῖῐΜΙΑεέ
1923 304 2155 363 CAPUT
2194 304 2407 362 XXXVI
2963 308 2987 333 θ’
3144 310 3301 359 anan"

3550 303 3693 361 2369.

455 411 523 463 da
572 416 653 463 cis
685 409 893 464 vinum.
936 411 989 464 5.
1018 412 1084 467 Ει
1109 412 1311 469 adduxi
1356 413 1637 471 choniam
1666 418 1838 471 ﬁlium
1861 416 2019 472 Jere—
2050 423 2094 480 Α
2125 421 2380 488 praecepit
2407 417 2524 484 eis;
2563 418 2797 490 populus
2846 408 3024 473 autem
3074 416 3161 472 hic
3193 380 3300 470 miti
3351 416 3682 471 audiverunt

458 501 581 555 mite
629 502 722 555 lilii
771 502 847 571 (p)
895 502 1203 573 llabasnia',
1250 514 1307 562 et
1344 507 1543 564 fratres
1574 509 1717 578 ejus,
1753 517 2024 564 ctomnes

455 588 598 643 ﬁlios
626 589 768 659 ejus,
795 601 850 646 et
875 608 1090 648 onmem
1119 595 1344 651 domum
1379 597 1677 652 Rechabim
1711 615 1726 652 :
1765 599 1819 652 4.
1850 597 2025 653 intro-

453 681 582 736 dnxi
615 684 682 751 Χ
711 697 806 741 eos
833 683 855 752 1
886 685 941 740 in
972 686 1196 741 domum
1242 687 1458 744 Domini
1501 689 1556 743 in
1595 688 1853 744 aerarium
1880 688 2024 744 lilio-

454 785 577 825 rum
613 771 686 841 (ᾳ)
719 772 907 828 Hanan
933 774 1027 829 ﬁlii
1051 774 1314 843 Godaliae,
1354 778 1595 833 hominis
1621 777 1737 842 Dei,
1775 778 1847 848 (r)
1877 777 2023 847 quod

455 870 542 916 est
588 877 619 916 a
673 863 845 919 latere
889 864 1085 919 domus
1139 865 1470 937 principum,
1521 868 1589 937 Χ
1636 867 1808 938 qme1
1855 882 2022 937 supra

453 952 678 1007 domum
729 953 948 1010 Mnasias
991 956 1085 1009 lilii
1121 953 1326 1023 Selom,
1359 958 1724 1014 custodientis
1755 956 1826 1029 (ε)
1854 957 2019 1011 viam.

455 1043 507 1097 5.
542 1045 605 1097 Et
646 1046 904 1101 constitui
943 1056 1069 1102 ante
1102 1047 1295 1102 faciem
1327 1064 1518 1104 eorum
1560 1048 1800 1103 ﬁliorum
1826 1048 2022 1103 domus

458 1136 757 1191 liechabim
793 1136 857 1206 (ι)
892 1137 1138 1208 bydriam
1167 1140 1233 1206 Χ
1254 1139 1467 1207 plenam
1501 1139 1525 1207 1
1553 1140 1687 1204 vini,
1714 1147 1767 1193 et
1801 1138 2019 1202 calices,

452 1238 506 1282 et
535 1227 643 1281 dixi
676 1230 743 1295 Χ
772 1228 837 1282 ad
872 1243 967 1284 eos
993 1229 1015 1297 1
1050 1246 1067 1285 :
1092 1228 1268 1284 Bibite
1304 1232 1517 1285 vinum.
1548 1230 1603 1284 6.
1632 1229 1697 1284 Et
1727 1230 2019 1285 dixerunt:

453 1319 572 1375 Non
608 1320 858 1376 bibemus
893 1321 1102 1386 vinum,
1157 1322 1284 1391 quia
1335 1320 1584 1377 Jonadab
1616 1322 1760 1375 ﬁlius
1795 1319 2021 1375 Rechab

454 1420 605 1479 pater
653 1421 836 1466 noster
871 1412 1125 1481 praecepit
1156 1413 1335 1477 nobis,
1368 1413 1560 1467 dicens
1604 1431 1617 1465 :
1663 1409 1781 1465 Non
1816 1410 2014 1464 bibetis

452 1504 661 1568 viuum,
696 1518 814 1568 vos,
843 1513 896 1559 et
920 1504 1016 1558 ﬁlii
1038 1505 1226 1569 vestri,
1257 1520 1432 1574 usque
1459 1505 1513 1558 in
1538 1504 1799 1561 saeculum
1834 1521 1848 1557 :
1880 1502 1934 1555 7.
1963 1510 2021 1557 et

451 1595 648 1651 domos
681 1610 788 1650 non
817 1595 1177 1660 mdiﬁcabitis,
1212 1604 1268 1652 et
1290 1611 1474 1652 semen
1512 1610 1620 1651 non
1643 1592 2018 1657 seminabitis,

448 1694 505 1738 et
555 1683 768 1738 vineam
812 1699 919 1739 non
950 1685 1289 1755 plantabitis,
1326 1701 1504 1755 neque
1533 1685 1639 1740 erit
1661 1684 1854 1751 vobis;
1885 1683 2020 1752 quia

2128 524 2236 563 me.
2302 508 2389 562 17.
2431 507 2659 579 Propter
2696 509 2797 563 hoc
2824 508 2906 564 sic
2944 507 3084 562 dixit
3112 506 3377 561 Dominus
3401 506 3631 573 Χῡιειιε
3658 509 3681 574 1

2126 594 2383 649 virtutum
2425 595 2565 649 Deus
2618 594 2833 648 lsraelis
2886 612 2900 648 :
2956 594 3095 648 Ecce
3143 591 3685 660 Xego1addncam

2124 700 2287 756 super
2315 683 2534 750 ludam,
2563 695 2617 741 et
2645 700 2810 755 super
2846 684 3165 753 Χοιιιηθεζ
3205 682 3518 738 habitantes
3553 683 3690 750 Χίιι

2122 776 2425 834 Jerusalem
2484 777 2508 846 1
2540 777 2722 833 omnia
2767 777 2932 842 mala,
2980 790 3102 845 qua:
3132 775 3351 831 locutus
3376 789 3498 829 sum
3526 789 3695 843 super

2122 884 2239 933 eos,
2277 873 2344 938 Χ
2366 884 2465 939 pro
2491 884 2557 923 eo
2589 867 2735 938 quod
2770 868 2984 922 locutus
3011 882 3133 922 sum
3164 881 3330 937 super
3356 880 3473 930 eos,
3498 872 3553 919 et
3580 879 3690 919 non

2122 958 2471 1018 audiverunt,
2510 966 2561 1012 et
2611 956 2803 1011 vocavi
2855 970 2971 1019 eos,
3011 964 3067 1011 et
3112 971 3221 1009 non
3268 955 3687 1025 responderunt.

2123 1049 2211 1105 18.
2257 1047 2321 1102 Ει
2356 1048 2543 1103 domui
2583 1047 2884 1102 Rechabim
2915 1047 2939 1117 1
2978 1046 3118 1100 dixit
3141 1044 3378 1101 Jeremia
3412 1064 3427 1101 :
3460 1045 3693 1114 Propter

2125 1140 2231 1195 hoc
2287 1139 2370 1195 sic
2420 1138 2561 1193 dixit
2617 1137 2885 1193 Dominus
2934 1137 3197 1191 virtutum
3233 1137 3376 1192 Deus
3419 1135 3688 1191 lsraelis:

2121 1233 2194 1301 (e)
2244 1230 2384 1296 Quia
2430 1230 2720 1285 audierunt
2767 1243 2829 1284 -ι-
2867 1228 2961 1283 ﬁlii
3007 1227 3257 1283 Jonadab
3289 1228 3383 1282 lilii
3420 1226 3686 1297 Becliab1

2123 1335 2452 1397 pra'ceptum
2488 1324 2735 1380 Ionadab
2771 1325 2945 1395 patris
2979 1324 3046 1394 (r)
3070 1338 3283 1390 eorum,
3314 1330 3370 1378 et
3400 1333 3693 1377 servarunt

2122 1416 2305 1469 omnia
2355 1424 2622 1485 praecepta
2652 1413 2794 1483 ejus,
2838 1412 2903 1467 ad
2938 1410 3247 1468 faciendum
3299 1411 3541 1480 )(juxta
3572 1426 3692 1465 om-

2122 1506 2212 1561 nia
2236 1506 2286 1575 1,
2342 1520 2464 1575 quae
2513 1503 2798 1559 mandavit
2864 1502 2940 1573 (g)
2985 1503 3066 1559 eis
3116 1516 3179 1558 σξ-
3218 1510 3370 1571 pater
3407 1516 3596 1557 eorum
3626 1501 3687 1570 1;

2123 1596 2210 1651 19.
2251 1595 2479 1666 Propter
2505 1596 2608 1650 hoc
2639 1594 2753 1649 haec
2781 1593 2912 1650 dicit
2945 1593 3212 1648 Dominus
3242 1591 3385 1647 Deus
3421 1591 3634 1647 lsraclis
3671 1610 3686 1646 :

2123 1689 2200 1761 (Ιι)
2244 1686 2362 1743 Νοιι
2397 1687 2612 1744 deﬁciet
2654 1688 2736 1742 \ir
2771 1703 2840 1743 ex
2873 1686 3000 1742 ﬁliis
3034 1685 3284 1741 Jonadab
3319 1684 3413 1739 ﬁlii
3445 1682 3687 1744 Rechab,

451 1775 506 1828 in
548 1776 798 1831 tentoriis
832 1774 1155 1831 habitabilis
1192 1776 1450 1831 omnibus
1479 1774 1674 1830 diebus
1701 1776 1921 1840 vestris,
1958 1782 2020 1829 ut
2052 1768 2094 1823 Β
2117 1791 2271 1837 stans
2325 1788 2452 1834 ante
2501 1778 2693 1835 faciem
2743 1794 2918 1833 meam
2972 1777 3226 1832 omnibus
3278 1776 3471 1830 diebus
3508 1784 3686 1829 terra‘.

448 1865 648 1921 vivatis
673 1867 867 1922 diebus
901 1867 1091 1923 multis
1123 1882 1288 1937 super
1311 1869 1380 1936 Χ
1405 1867 1542 1922 iacie
1572 1867 1595 1937 1
1633 1876 1811 1931 terrae,
1849 1880 2019 1936 super

447 1971 557 2026 qua
616 1956 695 2027 (ιι)
733 1972 831 2012 vos
881 1957 1139 2013 habitatis
1186 1971 1351 2027 super
1393 1972 1479 2011 ea.
1520 1957 1574 2011 8.
1607 1956 1674 2010 Et
1703 1957 2017 2013 audivimus

448 2063 634 2102 vocem
654 2046 901 2103 Ionadab
925 2051 990 2116 Χ
1014 2048 1110 2102 ﬁlii
1141 2049 1359 2104 lleehab
1388 2050 1411 2119 1
1444 2050 1614 2118 patris
1637 2047 1834 2113 nostri,
1858 2047 2018 2117 juxta

447 2140 652 2203 omnia,
677 2156 799 2210 quae
829 2140 1089 2210 praecepit
1112 2140 1294 2206 nobis,
1328 2148 1387 2194 ut
1415 2156 1522 2193 non
1555 2139 1808 2195 bibamus
1828 2140 2016 2194 vinum

447 2230 705 2284 omnibus
737 2230 931 2284 diebus
962 2232 1191 2297 nostris,
1229 2246 1351 2295 nos,
1375 2238 1430 2285 et
1461 2245 1662 2285 uxores
1696 2240 1917 2296 nostrae,
1963 2238 2019 2285 et

448 2321 544 2374 lilii
570 2321 766 2387 nostri,
797 2330 851 2376 et
875 2321 995 2375 ﬁliae
1017 2332 1240 2386 nostris,
1281 2322 1336 2376 9.
1364 2331 1419 2376 et
1452 2331 1510 2376 ut
1540 2338 1650 2376 non
1678 2323 2016 2379 aediﬁcamus

445 2410 661 2475 domos,
718 2426 787 2466 ne
823 2411 1130 2467 habitemus
1170 2413 1243 2466 ibi
1296 2430 1310 2466 :
1362 2421 1417 2466 et
1465 2412 1645 2477 vinea,
1688 2423 1744 2468 et
1774 2428 1923 2483 ager,
1961 2421 2017 2467 et

444 2518 629 2556 Setttrlt
660 2519 766 2556 non
801 2501 902 2556 fuit
926 2503 1086 2559 nobis
1119 2521 1134 2557 :
1171 2503 1258 2557 10.
1286 2513 1340 2557 et
1363 2503 1735 2559 habitavimus
1765 2505 1818 2557 in
1846 2514 2016 2559 tento-

446 2594 571 2657 riis,
625 2601 681 2647 et
732 2593 1068 2659 audivimus,
1113 2604 1170 2648 et
1202 2592 1434 2648 fecimus
1458 2593 1615 2662 juxta
1645 2596 1852 2660 omnia,
1891 2611 2014 2664 quae

446 2683 698 2752 praecepit
743 2682 903 2738 nobis
946 2680 1195 2738 Jouadab
1224 2692 1375 2752 pater
1403 2693 1610 2748 noster.
1662 2685 1747 2738 ll.
1777 2683 2009 2739 Factum

441 2787 529 2831 est
549 2786 753 2841 autem,
784 2791 911 2832 cum
935 2777 1185 2831 ascendit
1207 2774 1712 2831 Nabuchodonosor
1735 2791 1826 2830 rex
1848 2775 2015 2845 Baby-

444 2867 585 2921 lonis
622 2882 788 2936 super
823 2876 1048 2931 terram,
1084 2875 1141 2921 et
1166 2866 1409 2922 diximus
1442 2884 1457 2921 :
1498 2866 1576 2937 (at)
1606 2867 2008 2933 Asceudamus,

445 2959 816 3029 ingrediamur
843 2958 896 3012 in
918 2955 1225 3013 Jerusalem
1258 2958 1328 3013 ab
1355 2966 1479 3012 ante
1502 2956 1698 3012 faciem
1727 2958 2011 3026 potesmtis

440 3050 848 3113 Chaldaeorum,
878 3058 931 3103 et
955 3048 1025 3102 ab
1048 3057 1176 3102 ante
1209 3047 1401 3102 faciem
1427 3047 1710 3116 potestatis
1746 3046 1822 3116 (τι)
1845 3048 2010 3117 Assy—

2185 1871 2319 1943 Cap.
2367 1870 2610 1926 XXXVI.
2634 1901 2705 1911 —
2742 1872 2793 1924 1.
2832 1869 2899 1923 Ει
2930 1871 2997 1936 Χ
3032 1868 3229 1923 factum
3260 1875 3344 1922 est
3376 1865 3399 1934 1
3437 1866 3491 1921 in
3543 1880 3689 1919 anno

2117 1968 2312 2031 quarto
2336 1959 2544 2014 Joacim
2580 1959 2673 2013 lilii
2715 1957 2881 2012 Josia:
2903 1959 3045 2027 regis
3074 1956 3244 2019 ludas,
3272 1957 3472 2010 factum
3509 1965 3592 2010 est
3620 1958 3689 2024 Χ

2115 2051 2341 2105 verbum
2401 2051 2422 2119 1
2479 2050 2675 2120 hoc(i)
2707 2049 2772 2103 ad
2823 2047 3111 2104 Jeremiam
3155 2049 3224 2117 Χ
3272 2063 3303 2102 a
3364 2047 3591 2102 Domino
3662 2049 3685 2115 1

2114 2140 2302 2197 dicens
2333 2140 2424 2197 εἳ.
2453 2140 2621 2195 Sume
2643 2141 2736 2194 tibi
2761 2139 2834 2211 (It)
2855 2139 3100 2194 chartam
3129 2138 3276 2201 libri,
3308 2147 3362 2193 ct
3393 2139 3571 2193 scribe
3595 2152 3689 2192 su-

2115 2246 2212 2301 per
2237 2246 2298 2286 ea
2322 2231 2509 2286 omnia
2538 2231 2723 2292 verba,
2756 2245 2878 2300 quae
2907 2228 2966 2298 (ι)
2995 2227 3313 2298 prophetavi
3348 2227 3416 2280 ad
3447 2236 3497 2281 te
3526 2240 3692 2295 super

2115 2317 2394 2384 lsraelem,
2429 2327 2482 2373 et
2516 2334 2679 2387 super
2713 2317 2933 2381 Judam,
2972 2325 3028 2371 et
3064 2331 3227 2386 super
3249 2330 3439 2371 onmes
3473 2327 3684 2384 gentes,

2115 2422 2158 2467 a.
2194 2408 2281 2462 die
2319 2423 2429 2477 quo
2471 2407 2685 2463 locutus
2734 2423 2855 2460 sum
2897 2406 2967 2460 ad
3012 2414 3085 2469 te,
3128 2421 3157 2459 a
3194 2404 3387 2459 diebus
3425 2403 3590 2458 Josize
3621 2420 3687 2461 σξ-
3788 2476 3792 2481 ἱ

2114 2498 2257 2566 regis
2287 2495 2441 2550 Juda:
2475 2496 2533 2564 1,
2567 2505 2619 2550 et
2645 2511 2818 2565 usque
2861 2496 2927 2550 ad
2965 2496 3107 2551 diem
3135 2496 3300 2551 hunc.
3340 2497 3394 2552 5.
3433 2495 3691 2549 Fortasse

2113 2588 2334 2640 audient
2369 2587 2564 2640 domus
2601 2584 2752 2640 Ju’dae
2780 2587 2963 2640 omnia
3014 2586 3184 2651 mala,
3225 2602 3348 2656 quae
3382 2599 3481 2657 ego
3506 2587 3685 2654 cogito

2113 2675 2291 2731 facere
2322 2678 2430 2742 eis;
2469 2686 2528 2731 ut
2569 2685 2905 2731 revertantur
2942 2679 3009 2745 Χ
3045 2675 3425 2746 unusquisque
3455 2674 3478 2742 1
3520 2690 3551 2729 a
3589 2674 3677 2728 via

2112 2780 2211 2821 sua
2247 2765 2385 2820 mala
2417 2780 2431 2817 :
2458 2774 2514 2820 et
2546 2765 2813 2836 propitius
2838 2780 2935 2820 ero
2973 2766 3353 2835 iniquitatibus
3382 2779 3598 2823 eorum.
3629 2774 3684 2817 ct

2111 2856 2348 2928 peccatis
2385 2871 2596 2911 eorum.
2633 2855 2687 2910 4.
2736 2857 2803 2911 Et
2828 2857 3043 2912 vocavit
3078 2855 3312 2913 .leremia
3368 2856 3579 2911 Barnch
3621 2854 3687 2910 ﬁ-

2112 2947 2246 3002 lium
2302 2946 2476 3003 Neria;
2517 2958 2616 3004 :et
2662 2948 2880 3019 scripsit
2921 2947 3133 3003 Barueh
3177 2963 3243 3003 ex
3298 2962 3393 3002 ore
3437 2945 3690 3023 Jeremiaz

2111 3040 2292 3096 omnia
2320 3041 2479 3095 verba
2516 3040 2751 3105 Domini,
2781 3056 2903 3111 quae
2937 3041 3031 3112 (ιιι)
3055 3040 3398 3110 ριόριιθιωίι
3431 3040 3496 3094 ad
3536 3054 3685 3100 eum,

444 3142 676 3207 riorum,
731 3140 808 3208 (κ)
834 3109 908 3194 ἐι
948 3139 1322 3194 habitavimus
1349 3109 1448 3193 ibi:
1488 3140 1574 3193 i2.
1599 3138 1667 3192 Et
1697 3109 1900 3192 factum
1929 3109 2012 3192 e'st
2038 3109 2083 3171 ς
2114 3128 2166 3183 ill
2208 3129 2449 3184 Cllal'latll
2483 3130 2624 3184 libri.
2655 3130 2707 3185 5.
2737 3109 2813 3184 Et
2838 3109 3092 3199 miscebit
3129 3127 3362 3183 Jeremia
3405 3128 3686 3195 Baruelm,

444 3231 667 3286 verbum
700 3229 915 3285 Domini
940 3230 1006 3285 ad
1031 3228 1346 3294 Jeremiam,
1374 3229 1564 3285 dicens
1593 3249 1607 3286 :
1641 3232 1728 3286 15.
1760 3230 1852 3286 Sic
1869 3231 2010 3286 dixit

443 3322 707 3377 Dominus
738 3323 1000 3377 virtutum
1038 3320 1182 3376 Deus
1208 3320 1424 3376 lsraelis
1453 3339 1467 3377 :
1502 3320 1673 3386 Vade,
1705 3332 1762 3378 et
1792 3322 1881 3377 die
1910 3323 2011 3377 ho-

442 3414 577 3467 mini
603 3411 777 3476 Judte,
809 3420 865 3465 et
903 3410 1275 3466 habitantibus
1308 3411 1362 3465 in
1402 3409 1703 3467 Jerusalem
1740 3430 1753 3466 :
1791 3411 1869 3483 (a)
1891 3411 2008 3466 Non

442 3504 723 3574 accipietis
773 3502 1116 3571 disciplinam
1169 3501 1237 3556 ad
1279 3502 1606 3556 audiendum
1651 3502 1814 3556 verba
1857 3502 2013 3557 man

441 3595 575 3649 dicit
630 3593 916 3648 Dominus.
971 3593 1060 3646 14.
1107 3589 1501 3647 Stabiliverunt
1530 3596 1597 3661 Χ
1628 3592 1688 3647 τὸ
1724 3593 1747 3663 1
1782 3595 2008 3648 verbum

443 3686 608 3742 +ﬁlii
662 3685 685 3754 1
733 3682 979 3737 Jonadab
1029 3682 1125 3736 ﬁlii
1172 3680 1418 3747 Rechab,
1449 3698 1569 3752 quae
1602 3686 1856 3755 praecepit
1886 3686 2012 3741 ﬁliis

437 3779 580 3848 ejus,
613 3787 672 3831 ut
702 3791 807 3829 non
836 3775 1084 3830 biberent
1108 3774 1316 3839 vinum,
1347 3782 1401 3830 et
1426 3790 1534 3829 non
1559 3775 1814 3831 biberunt
1833 3779 1901 3845 Χ
1926 3794 2012 3835 us-

439 3888 544 3939 que
592 3870 660 3924 ad
710 3870 854 3925 diem
908 3867 1053 3923 hunc
1085 3867 1143 3934 1;
1192 3867 1324 3937 quia
1357 3868 1649 3923 audierunt
1677 3879 2007 3938 prmeeptum

442 3966 507 4031 Χ
540 3962 710 4032 patris
751 3975 942 4015 eorum
971 3960 993 4027 1
1019 3978 1033 4015 :
1059 3974 1160 4031 ego
1189 3968 1371 4014 autem
1404 3959 1619 4015 locutus
1643 3975 1766 4015 sum
1793 3961 1860 4015 ad
1889 3975 2005 4028 vos,

436 4056 513 4124 (ιθ)
557 4055 610 4107 iu
649 4053 917 4107 matutino
951 4053 1117 4107 etiam
1147 4052 1362 4107 locutus
1391 4067 1538 4114 sum,
1570 4060 1624 4106 et
1652 4068 1759 4107 non
1791 4053 2006 4108 audiis-

439 4148 509 4199 tis
533 4148 600 4213 Χ
632 4160 716 4197 me
744 4145 792 4213 1.
831 4142 914 4198 l5.
944 4141 1009 4197 Et
1039 4142 1160 4196 misi
1189 4141 1256 4196 ad
1297 4157 1394 4197 vos
1424 4157 1615 4197 omnes
1644 4158 1833 4197 servos
1856 4158 2008 4199 meos

440 4235 750 4304 prophetas,
802 4240 1150 4286 antevertens
1195 4238 1251 4284 et
1291 4231 1535 4295 mittens,
1567 4230 1639 4301 (ε)
1665 4231 1776 4284 dixi
1809 4248 1823 4285 :
1860 4231 2006 4285 Con—

436 4323 711 4378 vertimini
742 4326 811 4392 Χ
836 4337 982 4378 nunc
1013 4321 1037 4390 1
1093 4323 1476 4391 unusquisque
1506 4336 1537 4377 a
1569 4323 1654 4376 via
1695 4337 1797 4378 sua
1840 4324 2001 4389 mala,

434 4427 488 4471 et
517 4416 740 4471 ina-liora
768 4414 929 4471 facite
961 4414 1041 4485 (ά)
1063 4423 1329 4484 praecepta
1354 4425 1560 4482 veSIra,
1582 4422 1638 4469 et
1663 4429 1771 4468 non
1796 4414 2004 4470 abeatis

435 4517 559 4578 post
587 4509 718 4562 deos
754 4507 893 4561 alios
931 4506 998 4560 ad
1036 4506 1322 4560 colendum
1355 4506 1639 4559 servitium
1670 4506 1751 4560 eis
1779 4523 1792 4559 :
1824 4517 1875 4560 et
1901 4505 1999 4560 ha-

435 4598 682 4654 bitabitis
712 4612 878 4667 super
909 4606 1075 4661 terra,
1104 4611 1266 4665 quam
1308 4595 1430 4650 dedi
1459 4596 1637 4658 vobis,
1669 4606 1731 4653 et.
1753 4597 2000 4666 patribus

431 4690 651 4745 vestris.
686 4689 750 4743 Et
778 4704 886 4741 non
921 4686 1226 4743 inclinastis
1259 4689 1325 4754 Χ
1348 4686 1447 4756 τὴν
1473 4688 1496 4755 1
1525 4702 1712 4741 aurem
1739 4697 1999 4754 vestram,

429 4790 486 4835 et
525 4795 633 4834 non
666 4778 954 4834 audivistis
995 4793 1106 4833 me.
1144 4776 1232 4831 16.
1263 4775 1329 4831 Et
1361 4777 1750 4832 stabiliverunt
1783 4779 1877 4832 lilii
1904 4776 2000 4833 Jo-

432 4872 610 4927 nadab
653 4872 747 4927 lilii
788 4871 1013 4927 Rechab
1054 4882 1380 4943 praeceptum
1411 4871 1584 4939 patris
1608 4886 1822 4936 eorum,
1855 4872 2000 4942 quod

505 4986 581 5058 (ρ)
613 4985 703 5051 Α.,
754 4985 1029 5058 Διιειξιιίτιξἐ
1108 4983 1201 5058 _(q)
1235 4983 1323 5049 Α.,
1354 4984 1636 5058 llananiar.

428 5053 665 5113 Maas'ia‘.
770 5060 841 5123 (ε)
871 5056 960 5119 Α.,
991 5054 1074 5119 8.,
1106 5053 1229 5113 ΊἺι..
1262 5055 1486 5123 atrium.

429 5126 511 5187 S..
541 5126 720 5181 sedem
758 5122 987 5181 habetis.
1094 5124 1173 5194 (τι)
1206 5124 1295 5189 Α.,
1352 5122 1433 5189 8.,

429 5199 506 5263 (η)
537 5196 624 5260 8.,
679 5211 859 5250 annon
884 5194 1178 5263 accipietis.

428 5336 652 5391 lcbilur..
745 5337 806 5403 (ἱ)
843 5335 920 5387 Ad
951 5347 1075 5403 me.
1182 5334 1254 5403 (It)
1296 5333 1360 5389 Α.
1394 5375 1410 5400 ,

427 5402 896 5475 ΕΧΡΗΜΑἸΊΣΑ,
924 5402 1177 5456 divinitus
1206 5404 1410 5475 locutus
1448 5420 1584 5475 ειιηι.
1692 5408 1787 5475 (ιη)

1842 5407 2359 5475 ΕΧΡΗΜΑἸΊΣΕΝ,
2413 5407 2664 5466 divinitus
2711 5407 2916 5466 locutus
2942 5425 3040 5466 est.

2111 3219 2298 3276 dicens
2324 3235 2338 3271 :
2366 3218 2475 3291 Ego
2496 3220 2573 3292 (ιι)
2599 3220 2903 3275 custoditus
2935 3235 3080 3286 sum,
3108 3229 3161 3275 et
3194 3236 3301 3273 non
3327 3235 3549 3289 possunt
3601 3221 3691 3273 in-

2111 3312 2258 3381 gredi
2310 3311 2363 3365 in
2397 3312 2619 3367 domum
2670 3310 2880 3366 Domini
2915 3326 2929 3363 :
2964 3310 3016 3366 6.
3060 3322 3112 3366 et
3155 3310 3479 3381 ingrediaris
3532 3319 3609 3374 tn,
3635 3319 3690 3363 et

2113 3401 2258 3472 legas
2284 3403 2336 3455 in
2368 3403 2556 3457 charta
2583 3417 2641 3458 σξ-
2674 3403 2777 3458 hac
2806 3402 2867 3471 1,
2901 3419 3005 3472 qua
3040 3401 3312 3473 scripsisti
3342 3417 3406 3455 ex
3439 3417 3533 3456 ore
3567 3416 3688 3457 meo

2113 3491 2276 3545 verba
2311 3490 2520 3545 Domini
2551 3491 2603 3544 in
2633 3507 2792 3546 aures
2825 3491 3029 3560 populi,
3065 3491 3117 3545 in
3153 3493 3316 3544 domo
3361 3489 3598 3554 Domini,
3632 3489 3685 3543 in

2111 3576 2198 3630 die
2238 3576 2472 3646 jejunii;
2504 3585 2556 3630 et
2605 3577 2659 3630 in
2690 3578 2916 3631 auribus
2964 3578 3143 3632 omnis
3172 3576 3325 3631 Juda:
3355 3577 3685 3632 venientium

2110 3679 2176 3720 ex
2210 3666 2438 3720 urbibus
2469 3679 2682 3730 eorum,
2718 3666 2865 3736 leges
2894 3665 2994 3721 eis.
3027 3665 3079 3720 7.
3117 3665 3369 3722 Fortasse
3397 3666 3552 3721 cadet
3589 3664 3687 3720 de-

2109 3752 2425 3823 prccatio(‘)
2451 3767 2639 3807 eorum
2671 3751 2999 3806 antefaciem
3024 3750 3260 3818 Domini,
3278 3760 3332 3807 et
3348 3761 3688 3807 revertentur

2110 3842 2179 3908 Χ
2214 3841 2587 3910 unusquisque
2631 3841 2653 3908 1
2703 3855 2733 3894 a
2771 3840 2855 3894 via
2909 3855 3008 3895 sua
3049 3842 3225 3907 mala;
3281 3841 3410 3911 quia
3454 3854 3686 3910 magnus

2111 3926 2263 3980 furor
2286 3937 2341 3981 et
2373 3928 2453 3981 ira
2490 3940 2551 3982 -ε-
2585 3926 2795 3982 Domini
2836 3926 2897 3995 1,
2931 3942 3095 3998 quam
3137 3928 3351 3982 locutus
3388 3937 3470 3983 est
3500 3926 3687 3981 Domi-

2112 4029 2214 4068 nus
2235 4028 2399 4082 super
2426 4016 2680 4085 populum
2709 4016 2871 4070 hunc.
2913 4016 2967 4070 8.
3006 4014 3073 4070 Et
3110 4015 3235 4071 fecit
3276 4016 3485 4070 Baruch
3520 4018 3586 4084 Χ
3621 4019 3686 4068 li-

2109 4098 2212 4155 lius
2235 4098 2411 4154 Neria:
2443 4102 2465 4170 1
2498 4102 2652 4170 juxta
2692 4104 2897 4166 nuntia,
2925 4119 3048 4172 quae
3076 4105 3330 4174 praacepit
3362 4107 3409 4158 ei
3444 4103 3680 4158 Ieremia

2108 4189 2389 4256 propheta,
2432 4188 2497 4240 ad
2547 4189 2829 4257 legendum
2885 4190 2938 4242 in
2967 4189 3108 4244 libro
3157 4192 3321 4245 verba
3365 4191 3575 4244 Domini
3622 4191 3677 4244 iu

2107 4273 2269 4329 domo
2305 4273 2538 4331 Domini.
2571 4276 2625 4330 9.
2664 4274 2728 4330 Et
2759 4275 2957 4337 factum
2993 4287 3074 4332 est
3115 4278 3168 4332 in
3210 4295 3355 4332 anno
3386 4280 3460 4347 (ο)
3487 4280 3685 4348 quinto

2105 4358 2334 4416 Joacimi
2378 4361 2469 4415 ﬁlii
2507 4360 2669 4417 Josize
2707 4367 2849 4433 regis
2884 4363 3055 4429 Judze,
3110 4366 3164 4419 in
3192 4381 3379 4419 titensc
3414 4381 3558 4419 nouo
3595 4368 3670 4432 (ρ)

2034 4453 2079 4509 Ι)
2107 4449 2456 4518 congregavit
2499 4448 2768 4518 jejunium
2823 4466 2949 4505 ante
2995 4450 3186 4506 faciem
3229 4450 3443 4506 Domini
3498 4454 3681 4509 omnis

2108 4535 2338 4605 populus
2410 4537 2669 4603 lsraelis,
2728 4547 2786 4593 et
2841 4538 3021 4594 omnis
3107 4540 3338 4609 populus
3404 4541 3680 4594 venientes

2107 4636 2175 4676 ex
2226 4622 2451 4678 urbibus
2506 4622 2678 4689 Iudae,
2733 4625 2786 4679 iu
2838 4622 3161 4691 Jerusalem,
3216 4638 3281 4681 -ι-
3340 4625 3534 4681 domus
3582 4624 3682 4680 Ju-

2107 4708 2190 4764 de
2248 4710 2324 4780 1.
2372 4709 2459 4765 10.
2522 4710 2590 4765 Et
2642 4712 2770 4782 legit
2821 4711 3028 4767 Baruch
3094 4713 3149 4768 in
3218 4713 3358 4769 libro
3420 4716 3486 4783 Χ
3527 4712 3598 4771 τὰ
3648 4715 3675 4786 1

2105 4796 2270 4850 verba
2320 4795 2567 4852 Ieremia?
2620 4797 2674 4852 in
2736 4799 2902 4852 domo
2961 4796 3200 4863 Domini,
3260 4800 3334 4871 (q)
3401 4800 3455 4857 in
3516 4802 3678 4857 domu

2107 4880 2377 4938 Cameria:
2410 4883 2503 4938 lilii
2528 4884 2745 4954 Sapban
2777 4885 2993 4950 scribae,
3036 4887 3090 4942 in
3121 4887 3264 4942 atrio
3294 4888 3583 4958 superiori,
3621 4888 3674 4945 In

1739 4987 1953 5067 (r)_-S.,_
1962 5005 2091 5067 5191's
2111 4992 2362 5067 est_aputi
2386 4994 2642 5048 exedram
2675 4994 3018 5067 principum,
3072 5013 3194 5066 qum
3222 5012 3386 5067 supra
3419 4998 3672 5054 exedram

1585 5059 1650 5128 (ι)
1683 5056 1885 5122 Α.,’8η
1916 5056 2333 5127 ΣΚΥΦΟΥΣίςε
2368 5067 2516 5131 phos.
2614 5056 2805 5133 (u)'A.,
2840 5056 2932 5135 q'ui

1582 5125 1673 5187 ite,
1713 5128 2099 5187 ingrediantur.
2215 5137 2289 5187 tu)
2551 5131 2833 5187 Sin-orum.

1206 5130 1295 5189 Α.,
1352 5130 1433 5189 8.,
1474 5130 1673 5191 venite,
1713 5130 2099 5197 ingrediantur.
2215 5137 2289 5203 (ιι)
2317 5130 2404 5197 Α.,

1206 5194 1332 5318 οιὶὸ)
1360 5194 1455 5276 Α.,
1494 5204 1837 5277 antevertens
1875 5208 1945 5278 et.
1983 5201 2189 5298 dicens.
2264 5203 2366 5286 .(c)

1332 5267 1637 5318 audmstts.
1714 5268 1781 5318 (fl
1833 5265 2037 5318 licitam
2067 5310 2080 5318 _
2116 5280 2300 5318 vestri-
2379 5271 2404 5318 (ι

429 5266 636 5351 ρξ’-Α.,
683 5263 802 5351 Th3
853 5279 1080 5351 promeo
1131 5263 1275 5351 quod
1317 5265 1663 5351 laudivistiss
1714 5265 2037 5351 (nnlieliqui
2067 5286 2086 5323 :
2116 5263 2313 5351 vestr-1.:
2347 5263 2452 5343 '(g)
2484 5263 2692 5351 Reliqui
2730 5263 2949 5351 (vobis.

1460 5334 1745 5390 volumen."
1762 5334 1771 5338 ⁷
1788 5334 1870 5401 8.,
1921 5334 2192 5405 paginam.

2614 5063 2692 5133 (ιι)
2715 5063 2805 5129 Α.,
2840 5065 2934 5135 qui
2972 5081 3072 5137 vos
3092 5063 3265 5136 super
3287 5063 3348 5123 {ea
3377 5070 3671 5137 peregrini.

2426 5131 2516 5217 18.,
2546 5131 2873 5217 §yrgrumnj
2938 5137 3012 5203 (ι)
3160 5131 3358 5217 {latet
3377 5131 3668 5217 :sedim‘us.

2215 5137 2289 5203 (ιι)
2317 5137 2404 5197 Α.,
2426 5137 2516 5197 ‘S.,
2551 5137 2833 5204 Syrorum.
2938 5137 3012 5203 (ι)
3039 5137 3127 5199 Α.,
3160 5137 3280 5198 ΤΙι..
3306 5148 3358 5189 et
3405 5137 3668 5193 sedimus.

2215 5280 2227 5288 _
2264 5202 2620 5288 ,(ελᾼηηξε,
2654 5202 2774 5288 ἸςΙι.,
2824 5206 3438 5288 (llpelis.ll((1)‘lieli(].lli.'
3468 5209 3669 5288 studia.

3034 5275 3109 5343 (Ιι)
3144 5274 3233 5340 Α.,
3278 5274 3397 5338 Tlt.,
3435 5291 3540 5328 non
3572 5275 3670 5329 de-

2858 5343 2929 5411 (1)·
2951 5341 3158 5413 Reliqui
3191 5361 3208 5398 :
3245 5345 3455 5398 locutus
3523 5360 3665 5401 sum.

2246 5340 2341 5395 Th.
2364 5340 2415 5407 ,⁷⁷
2445 5340 2761 5411 capitulum.

3143 5415 3220 5485 (η)
3248 5414 3337 5477 Α.,
3375 5413 3460 5481 8.,
3491 5414 3668 5471 inclu-

427 5488 521 5529 sus
548 5489 691 5529 sum.
771 5474 846 5544 (0)
863 5471 1088 5527 Octavo.
1163 5475 1241 5543 (p)
1280 5472 1369 5538 A.,
1401 5471 1825 5544 proclamarmit.
1904 5476 2088 5547 (q)A.,
2138 5480 2194 5533 in
2234 5471 2398 5535 domo
2423 5496 2588 5552 gazae.
2633 5481 2717 5549 S.,
2770 5487 2823 5540 iu
2856 5483 3072 5537 exedra.

498 5610 565 5692 (ξι
592 5612 764 5692 Syrus
796 5619 999 5692 noster.
1033 5620 1274 5692 anni-tn,
1311 5613 1774 5692 quod_respond_et
1794 5614 1873 5684 τῷ
1894 5624 2044 5692 tum
2066 5623 2249 5675 textus
2275 5619 2546 5677 llebrai‘ci.
2576 5619 2867 5691 Perpcram
2895 5620 3124 5677 reddidit
3157 5621 3423 5692 Norberg,
3451 5618 3664 5677 miscri-

430 5682 633 5746 cordm,
661 5691 719 5736 ut
750 5684 912 5737 habet
940 5691 1119 5736 textus
1141 5691 1394 5752 receptus
1421 5682 1528 5737 τῶν
1552 5698 1679 5747 Lxx,
1711 5682 1877 5749 ἐλευξ.
1908 5687 2108 5744 llascu.
2682 5682 2698 5691 ’
3368 5682 3421 5692 Ψ
3593 5695 3607 5707 ’
