4102 6278
501 365 635 421 2307

1666 354 1891 415 conss
1935 351 2598 431 srnqunxarmms.

3610 352 3754 407 2368

506 490 585 544 tu,
615 489 670 534 et
691 479 888 536 domus
936 489 1048 536 tua.
1080 479 1162 535 t8.
1198 479 1256 534 Si
1292 488 1471 534 autem
1502 494 1609 533 non
1642 479 1879 534 exiveris
1908 481 1974 546 >εί
2017 486 2072 532 tu
2109 479 2149 536 Α
2182 490 2461 530 murorum
2491 495 2506 531 :
2544 485 2599 529 et
2636 473 2840 545 egressi
2878 472 3086 529 suntin
3117 474 3202 529 via
3234 472 3311 544 (ά)
3347 473 3547 530 Araba.
3604 475 3658 530 5.
3692 473 3758 529 Et

505 571 571 624 ad
601 571 874 640 principes
908 573 1049 642 regis
1075 571 1365 643 Babylonis
1389 570 1410 639 ζ
1435 613 1450 637 ,
1479 571 1697 625 dabitur
1727 572 1857 625 urbs
1885 571 1997 626 haec
2025 570 2080 624 in

503 679 703 718 manus
738 662 1142 731 Chaldaeorum,
1169 672 1226 719 et
1252 663 1574 717 comburent
1600 677 1720 718 eam
1773 663 1827 717 in
1861 663 2003 734 igne,
2027 670 2082 717 et

522 768 578 811 tu
632 770 742 810 non
785 756 1083 812 salvaberis
1115 759 1183 826 >ε<
1222 773 1251 811 a
1292 757 1545 812 manibus
1571 771 1760 813 eorum
1804 758 1852 827 ζ.
1889 755 1976 812 19.
2017 756 2083 812 Et

506 846 644 899 dixit
673 859 764 900 rex
794 843 1019 900 Sedecia
1047 845 1330 902 Jeremiae:
1367 848 1440 917 (ρ)
1474 846 1582 918 Ego
1629 847 1771 903 ratio
1816 855 1900 903 est
1951 847 2083 902 mihi

505 938 841 1002 Judasorum,
875 940 967 1008 qui
998 940 1255 1011 fugerunt
1293 941 1360 996 ad
1394 940 1700 1008 Chaldzeos,
1746 957 1813 997 ne
1841 943 1972 997 dent
1999 957 2084 997 me

507 1031 562 1084 in
603 1045 798 1084 manus
826 1044 1040 1096 eorum,
1070 1041 1125 1087 et
1151 1032 1379 1087 illudant
1413 1032 1568 1087 mihi.
1599 1031 1690 1088 20.
1729 1031 1794 1087 Et
1827 1033 1962 1088 dixit
1994 1030 2085 1088 Je—

508 1119 679 1173 remia
713 1134 724 1169 :
757 1117 875 1174 Non
899 1120 1118 1175 tradent
1148 1129 1218 1176 te.
1254 1121 1395 1176 Audi
1426 1124 1495 1190 )t(
1525 1137 1671 1177 nunc
1705 1122 1728 1190 ζ
1758 1122 1831 1194 (q)
1859 1123 2084 1178 verbum

508 1207 746 1274 Domini,
785 1210 855 1280 (r)
889 1212 1034 1277 quod
1076 1227 1178 1282 ego
1225 1213 1421 1282 loquor
1447 1214 1513 1268 ad
1548 1223 1620 1280 te,
1665 1221 1719 1270 et
1751 1214 1950 1270 melius
1983 1215 2089 1272 erit

511 1300 627 1366 tibi,
660 1309 714 1354 et
744 1301 885 1356 vivet
900 1303 1083 1357 anima
1111 1312 1224 1358 tua.
1247 1303 1338 1358 2t.
1368 1300 1434 1359 Et
1454 1305 1499 1361 si
1520 1319 1627 1360 non
1659 1304 1896 1360 volueris
1916 1306 2086 1370 exire,

510 1392 616 1445 hoc
643 1391 894 1459 verbum,
927 1394 1070 1464 quod
1103 1394 1341 1450 ostendit
1378 1396 1513 1450 mihi
1542 1394 1829 1452 Dominus.
1875 1395 1966 1450 22.
2023 1395 2092 1450 Et

514 1496 643 1537 cccc
672 1497 864 1538 omnes
910 1485 1189 1551 mulieres,
1237 1501 1358 1556 quae
1411 1486 1611 1542 relictae
1662 1497 1789 1543 sunt
1837 1488 1894 1543 in
1926 1487 2091 1543 domo

510 1574 657 1644 regis
682 1572 856 1643 Jndre,
885 1575 955 1647 (ε)
996 1591 1231 1647 egressa:
1254 1586 1385 1633 sunt
1408 1577 1474 1633 ad
1503 1577 1778 1649 principes
1806 1579 1950 1650 regis
1991 1577 2093 1633 Ba-

509 1666 762 1738 bylonis,
819 1669 887 1740 (1)
933 1678 987 1723 et
1032 1669 1116 1722 hae
1170 1669 1470 1725 dixerunt:
1515 1669 1865 1726 Seduxerunt
1902 1679 1987 1737 te,
2040 1680 2094 1728 et

509 1759 910 1827 prmvaluerunt
941 1759 1040 1814 tibi
1065 1760 1165 1813 viri
1189 1759 1397 1829 paciﬁci
1419 1763 1487 1830 Ἀ(
1509 1761 1583 1816 tui
1618 1763 1665 1833 ζ.
1698 1762 1775 1834 (u)
1813 1761 1877 1816 Et
1905 1776 2092 1818 corro-

2179 569 2447 639 persecuti
2477 578 2606 625 sunt
2646 577 2889 638 potestas
2931 565 3311 623 Chaldaeorum
3360 578 3480 638 post
3527 583 3644 635 eos,
3703 579 3755 624 et

2181 661 2661 730 apprehenderunt
2691 657 2974 714 Sedeciam
3013 660 3080 730 (ε)
3124 659 3180 714 in
3231 660 3476 714 Araboth
3513 659 3753 724 Jericho,

2180 762 2234 807 et
2260 763 2576 809 sumserunt
2607 767 2754 818 eum,
2791 759 2846 806 et
2877 751 3151 806 duxerunt
3183 767 3307 806 eum
3351 753 3420 806 ad
3464 749 3756 806 Nabucho-

2181 843 2504 899 donosorem
2543 859 2723 914 regem
2776 843 3068 915 Babylonis
3118 844 3171 898 in
3218 843 3449 900 Reblath
3506 846 3561 900 in
3613 855 3756 902 terra

2182 931 2412 987 Hamath
2446 951 2460 988 :
2493 943 2546 988 et
2580 933 2807 988 iocatus
2837 943 2921 988 est
2951 934 3017 1003 (r)
3054 950 3180 990 cum
3211 950 3277 990 eo
3315 935 3542 1006 judicia.
3577 937 3628 991 6.
3679 937 3754 1008 (g)

2185 1022 2250 1076 Et
2291 1024 2553 1079 mactavit
2605 1039 2701 1079 rex
2734 1023 3027 1096 Babylonis
3075 1025 3216 1081 ﬁlios
3261 1028 3380 1096 ejus
3433 1029 3488 1083 in
3523 1028 3756 1084 Reblath

2185 1131 2370 1171 coram
2401 1117 2572 1173 oculis
2605 1118 2745 1188 ejus,
2791 1127 2846 1173 et
2892 1131 3084 1173 omnes
3132 1118 3209 1189 (It)
3260 1121 3467 1176 nobiles
3507 1119 3660 1177 Judac
3695 1123 3757 1192 (ὅ)

2186 1209 2444 1263 mactavit
2466 1224 2558 1264 rex
2587 1207 2899 1281 Babylonis.
2942 1211 2992 1264 7.
3035 1209 3100 1265 Et
3150 1213 3342 1269 oculos
3379 1210 3619 1270 Sedecia:
3655 1230 3758 1269 ex-

2186 1300 2426 1368 caecavit,
2467 1310 2521 1355 et
2546 1301 2716 1355 vinxit
2747 1315 2870 1356 eum
2896 1299 2969 1373 (Ir)
3005 1302 3065 1372 (Ι)
3095 1302 3151 1356 in
3184 1317 3314 1370 aere,
3350 1305 3419 1358 ad
3447 1304 3757 1360 ducendum

2187 1403 2312 1446 eum
2353 1389 2408 1445 in
2444 1389 2794 1461 Babylonem.
2827 1391 2883 1446 8.
2910 1393 2979 1448 Et
3007 1393 3228 1449 domum
3263 1396 3429 1465 regis,
3460 1404 3514 1451 et
3535 1398 3760 1451 domum

2189 1479 2372 1549 populi
2407 1480 2828 1536 combusserunt
2873 1481 3115 1537 Chaldaei
3154 1483 3208 1536 in
3250 1483 3395 1553 igne,
3437 1492 3491 1540 et
3544 1501 3760 1539 murum

2190 1568 2490 1626 Jerusalem
2533 1571 2946 1628 destruxerunt.
2999 1571 3053 1629 9.
3109 1570 3178 1629 Et
3225 1576 3501 1634 residuum
3553 1577 3761 1647 populi,

2192 1662 2289 1731 qui
2320 1660 2542 1716 relictus
2571 1660 2674 1716 fuit
2705 1663 2759 1717 in
2798 1663 2954 1730 urbe,
2989 1674 3043 1721 et
3076 1679 3171 1722 eos
3202 1665 3296 1736 qui
3325 1679 3384 1722 se
3416 1665 3764 1732 dediderunt,

2194 1754 2290 1826 qui
2331 1767 2392 1810 se
2431 1754 2754 1810 dediderunt
2785 1752 2858 1820 ei,
2913 1765 2973 1811 et
3021 1755 3295 1827 reliquum
3351 1757 3572 1828 populi,
3626 1774 3770 1830 quos

509 1850 853 1906 borabuntur
882 1851 936 1906 in
960 1827 1205 1922 lapsibus
1227 1852 1380 1922 pedis
1521 1869 1535 1907 :
1584 1827 1930 1910 recesserunt
1955 1869 1985 1909 a
2017 1863 2089 1920 te,

2197 1845 2414 1901 relictos
2447 1847 2756 1916 deportavit
2784 1844 3149 1902 Nabuzardan
3181 1827 3436 1919 princeps
3467 1827 3768 1920 coquorum

509 1942 602 1996 23.
635 1940 701 1996 Et
733 1944 801 2011 Χ
828 1958 1023 1998 omnes
1053 1944 1076 2014 ζ
1108 1960 1308 2000 uxores
1334 1954 1487 2010 tuas,
1531 1955 1586 2000 et
1635 1945 1775 2002 illius
1818 1954 1941 2002 tuos
1961 1946 2092 2001 edu-
2122 1961 2130 1969 '

512 2043 639 2088 cent
663 2033 731 2088 ad
762 2033 1049 2089 Chaldaeos
1083 2045 1171 2090 :et
1208 2046 1264 2091 tu
1297 2049 1405 2090 non
1439 2035 1739 2092 salvaberis
1765 2039 1833 2106 x
1863 2050 1894 2090 a
1927 2052 2093 2092 manu

511 2127 633 2195 ejus
670 2125 692 2192 ζ
723 2143 738 2191 ;
770 2126 899 2195 quia
933 2125 987 2180 in
1019 2137 1181 2180 manu
1221 2127 1368 2198 regis
1412 2126 1703 2200 Babylonis
1731 2129 1998 2199 capieris:
2042 2139 2095 2187 et

514 2214 648 2268 urbs
682 2214 800 2269 haec
833 2215 1184 2270 comburetur
1211 2214 1266 2270 in
1315 2215 1459 2286 igne.
1485 2217 1577 2272 24.
1617 2214 1683 2272 Et
1729 2217 1864 2272 dixit
1889 2232 1983 2273 rex
2007 2218 2090 2274 ei:

514 2303 692 2360 Homo
720 2320 790 2360 ne
812 2307 950 2361 sciat
979 2321 1045 2361 ex
1067 2307 1248 2363 verbis
1272 2307 1358 2362 his
1384 2315 1474 2363 :et
1494 2321 1602 2362 non
1626 2309 1896 2364 morieris.
1918 2309 2008 2365 25.
2028 2307 2096 2364 Et

514 2398 561 2452 si
591 2396 868 2453 audierint
931 2398 1229 2470 principes,
1285 2400 1429 2470 quod
1483 2400 1699 2456 locutus
1737 2416 1859 2456 sum
1893 2402 2010 2467 tibi,
2043 2410 2098 2457 et

513 2489 763 2544 venerint
792 2489 860 2544 ad
891 2498 963 2554 te,
985 2500 1042 2545 et
1067 2489 1307 2546 dixerint
1334 2490 1430 2546 tibi
1456 2510 1469 2547 :
1494 2492 1770 2547 Annuntia
1800 2494 1868 2562 Χ
1892 2507 2038 2546 nunc
2069 2493 2091 2563 ζ

518 2583 701 2650 nobis,
736 2583 868 2654 quid
915 2581 1130 2640 locutus
1170 2584 1250 2639 sis
1301 2585 1411 2654 regi
1452 2603 1466 2639 :
1497 2599 1564 2640 ne
1594 2585 1737 2640 celes
1773 2599 1802 2639 a
1833 2585 2007 2652 nobis,
2043 2593 2099 2640 et

516 2689 627 2729 non
667 2676 979 2731 occidcmus
1030 2683 1126 2732 te:
1161 2682 1218 2731 et
1269 2676 1402 2746 quid
1441 2676 1656 2732 locutus
1711 2676 1784 2732 sit
1835 2676 1933 2731 tibi
1970 2671 2099 2731 rex?

512 2766 605 2820 26.
642 2765 818 2822 Etiam
849 2767 1000 2822 dices
1023 2767 1106 2822 eis
1133 2784 1147 2820 :
1177 2765 1257 2838 (π)
1284 2766 1518 2837 Projieio
1536 2783 1636 2838 ego
1663 2766 2096 2838 deprecatiOnem

515 2871 695 2912 meam
722 2866 849 2912 ante
869 2856 1058 2913 oculos
1093 2856 1238 2926 regis
1264 2859 1330 2911 ad
1367 2859 1492 2924 hoc,
1544 2866 1600 2912 ut
1644 2873 1712 2913 ne
1743 2859 1966 2914 reducat
2012 2873 2099 2914 me

519 2949 574 3003 in
605 2949 830 3004 domum
855 2946 1213 3012 Jonathanis,
1265 2947 1334 3004 ad
1365 2947 1709 3003 moriendum
1761 2948 1858 3003 ibi.
1912 2947 2002 3002 27.
2032 2946 2098 3002 Et

518 3048 790 3094 venerunt
819 3053 1010 3095 omnes
1050 3039 1324 3109 principes
1376 3039 1442 3093 ad
1481 3038 1800 3104 Jeremiam,
1847 3047 1902 3096 et
1931 3041 2100 3095 inter-

2195 1936 2249 1991 in
2281 1935 2632 2009 Babylonem.
2662 1938 2750 1993 10.
2774 1936 2852 1992 Ex
2875 1947 3057 1995 autem
3083 1939 3284 2010 populo
3311 1940 3407 2011 (m)
3437 1953 3768 2011 pauperum,

2194 2030 2394 2100 quibus
2419 2045 2530 2085 non
2567 2041 2684 2087 erat
2714 2047 2781 2086 ne
2814 2031 3032 2101 quidem
3072 2031 3300 2102 aliquid,
3327 2033 3548 2102 reliquit
3583 2031 3771 2088 Nabu-

2195 2122 2400 2177 zardan
2435 2121 2688 2194 princeps
2716 2137 3020 2194 coquorum
3056 2125 3110 2178 in
3161 2133 3302 2179 terra
3335 2119 3509 2189 Indae,
3540 2134 3593 2180 et
3621 2125 3775 2181 dedit

2194 2214 2276 2270 eis
2312 2215 2500 2270 vineas
2537 2225 2590 2269 et
2641 2215 2962 2284 aquationes
2992 2215 3046 2270 in
3085 2214 3173 2271 die
3217 2215 3331 2270 illo.
3380 2216 3466 2271 11.
3509 2213 3575 2270 Et
3617 2233 3774 2272 com-

2195 2303 2473 2359 mendavit
2509 2303 3014 2363 Nabuchodonosor
3047 2319 3141 2362 rex
3169 2304 3462 2380 Babylonis
3497 2308 3576 2379 (η)
3619 2307 3776 2366 Jerc-

2196 2396 2361 2451 miam
2391 2397 2443 2450 in
2481 2411 2645 2452 manu
2697 2395 3116 2455 Nabnzardanis
3151 2399 3224 2471 (ο)
3253 2399 3521 2470 principis
3553 2416 3774 2470 coquo-

2197 2503 2341 2557 rum,
2379 2488 2609 2545 dicens:
2645 2489 2730 2543 l2.
2783 2490 2949 2545 Sume
2979 2503 3128 2554 eum,
3151 2498 3204 2544 et
3249 2491 3439 2546 oculos
3477 2501 3598 2546 tuos
3631 2505 3775 2562 pone

2197 2592 2362 2648 super
2387 2593 2533 2644 eum,
2563 2587 2618 2634 et
2648 2592 2758 2634 non
2780 2577 2948 2634 facies
2972 2581 3021 2634 ei
3047 2594 3116 2634 ne
3136 2579 3355 2650 quidem
3376 2579 3580 2650 aliquid
3606 2581 3735 2634 mali
3753 2597 3776 2612 ο

2197 2672 2327 2741 quia
2361 2671 2454 2726 sed
2486 2670 2628 2727 sicut
2664 2669 2879 2727 locutus
2917 2670 3079 2726 fuerit
3107 2671 3173 2725 ad
3209 2679 3279 2736 te,
3334 2672 3416 2727 sic
3448 2669 3614 2727 facies
3641 2687 3772 2726 cum

2198 2776 2286 2818 eo.
2325 2762 2412 2817 15.
2447 2762 2512 2818 Et
2539 2763 2688 2819 misit
2731 2761 3093 2819 Nabuzardan
3138 2765 3392 2834 princeps
3444 2778 3773 2833 coquorum,

2198 2863 2252 2909 et
2272 2851 2665 2910 Nabusazaban
2691 2855 2767 2928 (p)
2791 2856 3048 2927 princeps
3069 2856 3472 2920 cunuchorum,
3497 2865 3550 2910 et
3577 2854 3776 2926 Nargel

2202 2947 2656 3019 Sarasarrabmag
2676 2949 2724 3016 ζ,
2747 2954 2801 3005 et
2829 2963 3020 3005 omnes
3034 2948 3108 3021 (ᾳ)
3125 2950 3399 3020 principes
3434 2965 3576 3021 regis
3599 2949 3778 3022 Baby-

2201 3035 2361 3095 Ionis.
2401 3038 2492 3093 14.
2532 3037 2598 3094 Ει
2640 3041 2926 3107 miserunt,
2974 3049 3028 3096 et
3061 3051 3322 3110 ceperunt
3367 3037 3660 3097 Jeremiam
3707 3057 3779 3097 ex

517 3140 783 3200 rogarunt
805 3145 955 3185 eum.
999 3129 1066 3185 Et
1095 3131 1441 3186 annuntiavit
1477 3131 1560 3186 eis
1596 3131 1675 3202 (υ)
1719 3133 1902 3187 omnia
1935 3131 2098 3186 verba
2125 3155 2169 3214 ο
2203 3132 2344 3186 atrio
2367 3130 2627 3195 carceris,
2655 3139 2710 3186 et
2732 3131 2997 3187 dederunt
3022 3147 3147 3186 eum
3188 3131 3258 3188 ad
3291 3130 3572 3188 Godoliam
3601 3132 3776 3188 tilium

520 3221 658 3288 haec,
709 3236 834 3291 qua:
875 3229 1208 3292 praeceperat
1242 3222 1298 3277 ei
1343 3237 1461 3277 rex.
1513 3221 1581 3278 Et
1611 3231 1901 3279 tacuerunt
1942 3224 2100 3292 Xab

518 3326 588 3366 eo
620 3313 643 3382 ζ
673 3329 688 3378 ;
715 3313 845 3382 quia
882 3327 989 3368 non
1017 3314 1264 3370 auditum
1293 3322 1412 3369 erat
1458 3314 1707 3371 verbum.
1738 3315 1829 3371 28.
1870 3315 1935 3371 Et
1961 3316 2100 3373 sedit

518 3401 756 3458 Jeremia
789 3405 842 3459 in
873 3407 1016 3460 atrio
1046 3407 1307 3474 carceris,
1342 3423 1516 3478 usque
1539 3408 1607 3465 ad
1638 3408 1711 3482 (χ)
1738 3419 1968 3482 tempus,
1991 3424 2100 3481 quo

521 3493 807 3562 subiugata
836 3503 919 3550 est
955 3495 1288 3554 Jerusalem.

589 3584 722 3652 Cap.
752 3584 993 3640 XXXIX.
1017 3615 1087 3626 —-
1110 3588 1162 3642 l.
1201 3590 1271 3657 χ
1292 3587 1358 3643 Et
1383 3589 1586 3646 factum
1616 3599 1722 3656 est,
1754 3605 1878 3648 cum
1908 3591 2101 3662 subju-

522 3681 644 3742 gata
675 3675 1089 3732 estlerusalem
1123 3677 1178 3732 in
1220 3692 1363 3734 anno
1394 3680 1472 3750 (a)
1515 3695 1661 3737 nono
1691 3680 1932 3738 Sedeciae
1959 3684 2102 3755 regis

520 3762 678 3820 Judae
703 3767 756 3821 in
788 3783 974 3825 mense
1005 3769 1240 3836 decimo,
1275 3771 1422 3826 venit
1465 3770 1973 3830 Nabuchodonosor
2009 3791 2102 3830 rex

525 3853 844 3925 Babylonis,
883 3867 938 3913 et
967 3861 1150 3916 omnis
1174 3869 1414 3932 potestas
1447 3861 1568 3931 ejus
1590 3877 1751 3934 super
1775 3862 2100 3932 Jerusalem,

525 3955 578 4001 et
605 3947 1088 4006 circumdederunt
1115 3967 1236 4008 eam
1273 3953 1436 4009 bello.
1471 3952 1526 4008 2.
1563 3952 1631 4009 Et
1663 3958 1720 4010 in
1754 3970 1900 4011 anno
1932 3957 2102 4012 unde-

525 4039 671 4093 cimo
719 4037 979 4108 Sedeciae,
1043 4043 1095 4097 in
1150 4058 1340 4100 mense
1386 4056 1622 4115 quarto,
1687 4061 1832 4102 nono
1873 4050 2099 4114 mensis,

526 4131 774 4201 disrupta
803 4133 908 4188 fuit
937 4135 1068 4191 urbs
1104 4135 1152 4204 ζ,
1184 4137 1238 4191 5.
1279 4145 1334 4192 et
1357 4137 1590 4209 ingressi
1616 4148 1747 4196 sunt
1778 4155 1970 4198 omnes
2001 4141 2104 4197 du-

527 4234 622 4276 ces
681 4223 825 4294 regis
883 4223 1196 4296 Babylonis,
1247 4237 1301 4282 et
1333 4230 1589 4285 sederunt
1624 4230 1676 4285 in
1723 4240 1878 4302 porta
1930 4233 2104 4288 media

527 4310 720 4383 Nargel
752 4314 1002 4382 Sarasar,
1040 4317 1288 4388 Samgar,
1327 4333 1392 4375 -t—
1421 4329 1476 4375 et
1509 4317 1993 4389 Nabusareschim,
2029 4324 2104 4396 (ὁ)

2199 3221 2429 3278 Ahicam
2465 3221 2636 3278 ﬁlium
2672 3221 2917 3293 Saphan,
2967 3229 3023 3279 et
3071 3223 3386 3279 eduxerunt
3418 3239 3541 3280 eum
3576 3225 3628 3278 in
3676 3225 3779 3280 do—

2203 3328 2348 3370 mum
2380 3337 2391 3370 :
2417 3323 2471 3370 et
2500 3315 2643 3371 sedit
2673 3315 2726 3369 in
2758 3315 2936 3370 medio
2957 3315 3163 3386 populi.
3193 3315 3277 3370 15.
3303 3313 3370 3371 Et
3393 3316 3459 3372 ad
3481 3315 3779 3371 Jeremiam

2202 3402 2402 3459 laetum
2441 3413 2526 3460 est
2555 3403 2779 3459 verbum
2809 3402 3048 3468 Domini,
3080 3406 3149 3474 Χ
3175 3420 3300 3461 cum
3326 3405 3544 3461 clausus
3570 3415 3716 3460 esset
3752 3405 3777 3474 ζ

2171 3497 2257 3551 'ln
2312 3497 2455 3551 atrio
2512 3497 2773 3561 carceris,
2823 3493 3050 3553 dicens:
3107 3496 3193 3551 16.
3251 3494 3431 3563 Vade,
3481 3509 3535 3552 et
3566 3497 3657 3552 dic
3708 3498 3781 3553 ad

2203 3587 2564 3644 Abdemelecb
2600 3588 2940 3659 Ethiopem,
2970 3588 3160 3644 dicens
3188 3607 3202 3643 :
3229 3589 3320 3644 Sic
3349 3589 3487 3646 dixit
3515 3591 3786 3645 Dominus

2204 3679 2468 3736 virtutum
2506 3679 2649 3736 Deus
2679 3679 2932 3737 lsraelis:
2983 3679 3125 3737 Ecce
3169 3697 3270 3754 ego
3300 3683 3510 3738 adduco
3552 3683 3783 3738 verbum

2203 3788 2386 3829 meum
2413 3789 2576 3844 super
2606 3774 2796 3829 urbem
2827 3773 2969 3828 hanc
2993 3774 3049 3828 in
3079 3772 3245 3839 mala,
3271 3783 3326 3829 et
3361 3790 3473 3829 non
3505 3773 3561 3829 in
3594 3775 3739 3829 bona
3768 3793 3784 3829 :

2207 3866 2276 3934 >κ
2301 3873 2356 3920 et
2385 3869 2546 3919 erunt
2578 3877 2764 3918 coram
2799 3861 2938 3917 facie
2968 3870 3058 3917 tua
3087 3862 3140 3916 in
3168 3860 3254 3916 die
3285 3861 3379 3917 illo
3405 3885 3417 3918 :
3455 3861 3535 3916 l7.
3577 3871 3633 3917 et
3665 3876 3785 3916 ser-

2204 3956 2345 4011 vabo
2369 3963 2422 4011 te
2459 3955 2481 4025 ζ
2524 3954 2578 4008 in
2624 3952 2712 4008 die
2749 3953 2862 4018 illo,
2901 3955 2970 4022 Χ
3004 3952 3143 4009 dixit
3182 3951 3445 4008 Dominus
3478 3953 3529 4021 ζ.
3570 3963 3626 4008 et
3672 3968 3787 4008 non

2205 4048 2347 4104 dabo
2375 4055 2428 4102 te
2455 4046 2508 4101 in
2546 4059 2746 4101 manus
2792 4044 3099 4112 hominum,
3149 4060 3384 4116 quorum
3416 4054 3472 4100 tu
3505 4045 3664 4100 times
3714 4046 3788 4100 ab

2204 4148 2332 4192 ante
2361 4135 2557 4192 faciem
2586 4147 2777 4191 eorum
2804 4153 2818 4201 ;
2856 4135 2944 4190 18.
2972 4133 3103 4205 quia
3148 4134 3416 4190 servando
3450 4135 3678 4189 servabo
3711 4144 3786 4199 te,

2205 4238 2260 4286 et
2298 4229 2351 4283 in
2380 4228 2559 4300 gladio
2587 4243 2695 4284 non
2722 4227 2884 4284 cades
2909 4245 2924 4284 :
2948 4235 3003 4283 et
3033 4228 3138 4284 erit
3168 4231 3236 4297 Χ
3261 4228 3357 4283 tibi
3389 4229 3413 4298 ζ
3456 4229 3636 4282 anima
3692 4237 3786 4282 tua

2208 4322 2278 4393 (r)
2312 4322 2365 4376 in
2401 4321 2704 4390 inventum,
2752 4320 2880 4391 quia
2924 4320 3168 4377 conlisus
3209 4334 3270 4376 es
3301 4335 3466 4390 super
3511 4335 3618 4387 me,
3651 4321 3787 4376 dicit

527 4401 810 4470 itabsaris,
861 4407 1081 4476 etiam:
1128 4408 1348 4480 Nargel,
1404 4409 1919 4482 Sarasarrabamag,
1953 4417 2020 4481 3K
2053 4423 2107 4469 et
2209 4409 2498 4467 Dominus.

531 4509 722 4550 omnes
750 4498 948 4569 reliqui
990 4501 1264 4572 principes
1303 4503 1444 4574 regis
1468 4503 1778 4576 Babylonis.
1801 4506 1856 4560 4.
1877 4505 2103 4562 Factum
2138 4483 2182 4540 θ

529 4597 611 4642 est
643 4597 849 4655 autem,
909 4607 1034 4647 cum
1091 4594 1224 4650 vidit
1276 4609 1372 4651 eos
1423 4595 1650 4653 Sedecia
1686 4614 1777 4653 rex
1831 4596 2004 4664 ludas,
2052 4608 2107 4656 et

531 4693 723 4735 omnes
751 4681 852 4736 viri
888 4682 1035 4748 belli,
1057 4685 1221 4739 etiam
1252 4684 1530 4756 fugerunt,
1555 4696 1608 4742 et
1633 4688 1922 4744 exiverunt
1947 4701 2106 4746 nocte

531 4783 594 4822 ex
632 4771 766 4826 urbe
795 4773 849 4827 in
876 4774 962 4828 via
985 4775 1130 4830 horti
1160 4777 1301 4845 regis
1334 4791 1365 4832 e
1391 4787 1569 4848 porta,
1595 4793 1716 4849 quae
1741 4781 1793 4834 in
1825 4780 2003 4836 medio
2029 4782 2100 4852 (ε)

2284 4505 2418 4576 Cap.
2461 4503 2578 4560 XL.
2608 4535 2678 4545 —-
2711 4505 2762 4559 1.
2813 4502 3076 4566 Verbum,
3126 4499 3272 4575 quod
3328 4501 3532 4558 factum
3583 4512 3668 4558 est
3716 4503 3788 4558 ad

2213 4592 2499 4652 Jeremiam
2533 4611 2562 4650 a
2593 4593 2845 4662 Domino,
2896 4597 2965 4667 (ε)
3015 4605 3370 4666 posteaquam
3405 4591 3614 4648 dimisit
3658 4607 3786 4646 eum

2215 4687 2576 4744 Nabuzardan
2625 4687 2878 4757 princeps
2935 4698 3233 4755 coquorum
3279 4699 3343 4738 ex
3398 4682 3606 4746 ﬂama,
3653 4683 3788 4750 quia

2218 4789 2478 4852 ceperunt
2505 4794 2629 4834 cum
2655 4781 2722 4848 Χ
2751 4778 2990 4833 vinetum
3028 4776 3050 4844 ζ
3085 4777 3138 4830 in
3172 4774 3392 4830 vinculo
3423 4788 3678 4828 manuum
3731 4773 3788 4827 in

602 4949 920 5019 (p)A.,ego
959 4951 1225 5027 sollicitus
1282 4968 1402 5027 sum
1463 4954 1531 5010 de
1578 4953 1804 5027 Iudaeis,
1855 4956 1949 5027 qui
1998 4956 2194 5026 dilapsi
2232 4965 2361 5014 sunt
2410 4957 2475 5012 ad
2519 4956 2822 5027 Chaldaeos,
2864 4969 2932 5010 ne
2988 4954 3126 5027 forte
3171 4947 3302 5007 dent
3345 4965 3442 5027 _r_n_e
3489 4949 3543 5003 in
3589 4963 3791 5027 manus

533 5033 749 5096 eorum,
814 5030 877 5096 et‘
913 5021 1184 5096 calumnia
1242 5024 1479 5096 alliciant
1515 5039 1619 5079 me.
1663 5024 1746 5088 8.,
1789 5019 2270 5082 ’ἱηέοιιὶεἰιίιάίηθ
2323 5043 2440 5082 sunt
2479 5036 2701 5096 propter
2749 5019 2988 5087 Judaeos,
3021 5024 3112 5096 qui
3141 5036 3202 5096 se
3242 5021 3583 5096 tradiderunt
3622 5019 3791 5096 Chal—

531 5089 702 5162 daeis,_
737 5087 993 5162 ne_l‘orte
1024 5091 1242 5146 tradant
1290 5107 1377 5148 me
1441 5094 1495 5148 in
1559 5087 1757 5150 manus
1806 5111 2022 5162 eorum,
2081 5106 2137 5152 et
2193 5097 2428 5152 ludibrio
2479 5087 2722 5152 habeant
2781 5111 2886 5150 me.

1931 5167 2001 5238 (ε)
2058 5166 2170 5233 Α.,
2239 5167 2675 5237 egrediebantur.
2802 5167 2868 5233 (ι)
2930 5166 3029 5227 Α.,
3113 5171 3167 5216 et
3244 5175 3374 5215 ecce
3456 5166 3708 5240 dicebant
3774 5175 3788 5212 :

1853 5235 1932 5308 (τι)
1992 5235 2076 5300 8.,
2125 5246 2180 5292 et
2247 5253 2389 5310 cum
2434 5235 2683 5310 immersi
2723 5245 2849 5292 sunt
2906 5235 2963 5310 in
3025 5245 3182 5310 ccen‘o
3222 5229 3395 5310 pedes
3445 5238 3566 5310 tui,_
3603 5242 3789 5310 reces-

1101 5297 1180 5379 ςευ)
1238 5303 1526 5379 A.,__jacio
1558 5319 1659 5379 ego
1707 5297 2012 5379 orationem
2044 5297 2101 5360 m

2196 5323 2243 5361 υ.
2321 5308 2412 5379 (id
2433 5302 3160 5379 Tres.iuxt_a.0_m_n_i=1-__(_z_)
3200 5297 3304 5379 113».
3330 5298 3454 5379 Τ¹ιιν
3502 5297 3567 5352 ad
3619 5299 3785 5379 ilic!"-

529 5367 1894 5463 ςξξὶ.,ἐεὶὶθοίὲηοιὲἓίέξίιζων.-θὲΡΙζέιῖίιηᾹιθὲει
1933 5389 2101 5463 ceno;

2196 5367 2367 5463 sui?
2381 5367 2620 5463 rma-5
2683 5367 3485 5463 ,<P).PA‘??3AE’.'§’_E‘"‘?.§E£‘§.-

1137 5457 1228 5494 um
1281 5457 1583 5496 murorum.
1663 5448 1741 5515 (ἀ)
1794 5448 1885 5511 Α.,
1942 5448 2206 5514 planitiei.
2257 5448 2341 5510 8.,
2377 5448 2600 5502 deserti.
2679 5448 2747 5515 (ε)
2793 5448 2878 5510 8.,
2941 5448 2994 5498 in
3050 5455 3242 5509 campo

1133 5512 1178 5580 Γ)
1204 5512 1284 5586 ad-
1327 5527 1477 5586 el’m’
1507 5513 1753 5586 __diC_eIIS_
1785 5515 2075 5585 judicium.
2158 5516 2231 5586 (ῃ)
2297 5517 2384 5580 Α.,
2435 5515 2517 5583 8.,
2550 5524 2603 5569 et
2645 5513 3122 5586 immolavit._r_(rt)
3171 5510 3262 5586 Α.2

530 5158 601 5234 (r)
664 5158 755 5223 8.,
830 5159 938 5222 iis,
1011 5175 1134 5229 quae
1197 5176 1297 5229 ego
1340 5164 1550 5234 loquar
1608 5164 1676 5219 ad
1744 5175 1815 5221 te.

528 5228 956 5284 commoverunt
1018 5240 1090 5293 te,
1157 5228 1555 5300 pra-valuerunt
1607 5235 1725 5291 tibi.

531 5307 723 5353 serunt
783 5307 904 5368 post
951 5308 1023 5354 te.

529 5451 834 5494 murorum.
869 5439 952 5506 8.,
995 5441 1228 5496 duorum
1281 5457 1583 5496 murorum.

528 5510 759 5565 adverso
791 5507 1033 5583 lericlto.
1105 5512 1126 5583 (

528 5593 680 5633 nere.
781 5580 844 5648 (i)
867 5581 954 5644 Α.,
981 5578 1064 5642 8.,
1101 5578 1419 5636 immolavit.

1663 5445 1741 5515 (ά)
1794 5446 1885 5511 Α.,

1497 5582 1568 5654 (ir)
1602 5582 1714 5656 8.,-
1741 5582 1803 5656 ini
1845 5588 2053 5640 catenis
2081 5582 2490 5656 stringentihus.

2997 5089 3070 5164 (ᾇ)
3138 5094 3227 5158 Α.,
3296 5104 3510 5164 vocem“
3549 5089 3789 5164 Domini.

2239 5167 2679 5237 egrediebantur.
2802 5167 2868 5233 (ι)
2909 5157 3063 5237 _A.'."
3113 5171 3167 5216 et
3216 5157 3374 5237 ecce
3456 5157 3708 5237 dicebant
3774 5175 3788 5212 :

2714 5376 2788 5446 (b)
2825 5373 3178 5435 ΡΑΒΣΑΡΙΣ,
3209 5368 3485 5422 Rabsaris.
3582 5368 3652 5436 (ε)
3694 5369 3791 5430 Α.,

2679 5446 2747 5515 (e)
2793 5443 2878 5518 8.,
2908 5445 2994 5518 _in
3050 5455 3242 5518 campo
3301 5437 3523 5518 deserti,
3576 5438 3670 5506 qui
3721 5452 3789 5491 ex

2569 5524 2603 5569 2t
2645 5521 2968 5569 immolavit.
3047 5521 3122 5583 (rt)
3171 5521 3262 5571 Α..
3320 5521 3645 5574 conspicuos
3692 5521 3790 5576 ge-

2569 5586 2630 5654 (ι)
2681 5587 2734 5638 in
2775 5583 3160 5654 compedibus._
3202 5578 3294 5654 ΕΝ
3332 5576 3683 5654 ΧΑΛΙΚᾼιξ,
3734 5577 3792 5630 in

529 5649 698 5725 aeneis
737 5647 858 5717 (pro
882 5651 1214 5725 ΧΑᾼἸΚΛΙΣ
1262 5647 1560 5725 legendum
1594 5654 1948 5725 ΧΑΛΚΙΑΙΣ,
1987 5671 2096 5724 quo

2196 5647 2264 5709 irvo
2313 5647 2708 5722 ΧΑΛΚΕΙἈΙΣ,
2740 5647 2995 5725 videtur).
3045 5652 3168 5725 ‘(m‘)
3215 5649 3304 5710 Α.,
3345 5647 3791 5725 exsecrabilium.

527 5719 607 5796 (ξι)
657 5717 769 5796 8.,.
801 5733 920 5796 _pr_o
980 5719 1212 5774 Jeremia
1264 5717 1641 5796 Nabuzardani
1706 5717 1941 5794 principi
1993 5717 2319 5796 coquorum.

2425 5727 2500 5794 (ο)
2552 5725 2652 5788 Α.,
2695 5715 2984 5793 ’ωθείδιιίί
3045 5715 3342 5794 1άιιῖρηυιξι.
3438 5719 3516 5784 (ρ)
3575 5715 3793 5794 ἱξᾳιξεειε-

527 5786 663 5867 τίς..
703 5790 776 5856 (q)
801 5787 1055 5867 Hebraeus
1089 5809 1101 5843 :
1139 5786 1861 5867 magnatcs._A.,_doctores.
1887 5786 1902 5794 ’
1939 5796 2011 5865 (r)
2061 5786 2148 5857 Α.,
2182 5795 2236 5848 in
2269 5786 2526 5865 prtedani.
2605 5786 2675 5867 (ὲ)
2706 5795 2794 5861 Α.,
2829 5786 3111 5864 postquam
3162 5787 3368 5846 dimisit
3418 5801 3546 5840 eum
3603 5786 3796 5841 Nabu-

530 5856 759 5923 zardan,
786 5873 907 5912 cum
932 5860 1165 5926 cepisset
1191 5856 1338 5930 eum,
1371 5863 1494 5920 etis
1529 5865 1742 5920 vinctus
1799 5856 1957 5922 esset
1992 5856 2229 5921 catenis.
