4102 6278
399 344 539 402 2569

1603 341 1922 401 JEREMDE
1959 343 2194 402 CAPUT
2235 342 2370 400 XLI.

3501 336 3570 391 25
3579 332 3642 388 ἷῦ

407 461 588 516 medio
637 463 816 516 omnis
866 462 1283 533 demigrationis
1325 461 1653 527 Jerusalem,
1693 472 1751 518 et
1793 458 1966 528 Iudae,
1999 467 2042 524 Α
2071 461 2247 517 valde.
2289 460 2373 516 l3.
2412 458 2478 516 Et
2505 458 2752 516 Jobanan
2790 457 2931 515 ﬁlius
2961 457 3166 522 Corab,
3195 465 3249 512 ct
3275 470 3466 511 omnes
3499 457 3643 525 prin-

399 567 614 618 eorum,
664 555 753 623 qui
809 554 1027 609 deducti
1081 563 1238 609 erant
1283 555 1338 610 in
1393 555 1743 626 Babylonem.
1786 554 1848 611 2.
1906 555 1972 609 Et

401 645 604 700 sumsit
628 660 755 699 eum
792 645 856 716 (ι)
884 645 965 717 (ιι)
989 646 1246 716 princeps
1276 660 1604 716 ecquonam,
1631 653 1685 701 et
1708 645 1849 701 dixit
1874 646 1927 702 ei
1952 661 1968 700 ε

403 734 672 791 Dominus
715 735 857 792 Deus
896 745 1024 793 tuus
1055 737 1133 809 (ω)
1168 739 1512 808 prophetarit
1543 738 1684 792 mala
1727 738 1843 792 haec
1875 751 1970 792 suo

407 844 502 896 per
535 829 714 883 locum
750 830 894 884 hunc
928 831 1020 885 εδ.
1058 840 1110 885 et
1147 831 1393 894 adduxit,
1421 839 1476 883 et
1512 828 1639 884 fecit
1684 825 1970 890 Dominus.

406 921 547 974 sicut
591 920 807 975 locutus
839 930 966 985 est;
1005 921 1132 990 quia
1174 920 1442 990 peccastis
1493 919 1724 974 Domino
1773 920 1872 990 (ῃ),
1920 927 1974 972 et

408 1026 514 1063 non
543 1009 829 1066 audivistis
875 1025 1060 1066 vocem
1093 1010 1213 1080 ejus
1240 1028 1254 1064 τ
1289 1014 1355 1078 χ(
1385 1024 1438 1065 et
1468 1010 1670 1065 factum
1709 1018 1794 1066 est
1823 1007 1974 1065 vobis

410 1100 632 1156 verbum
657 1102 762 1156 hoc
794 1103 840 1172 ζ.
873 1132 940 1142 --
968 1102 1022 1156 4.
1054 1101 1226 1156 Etiam
1258 1103 1325 1170 >κ
1357 1118 1502 1156 nunc
1538 1101 1558 1169 ζ
1585 1117 1716 1156 ecce
1758 1101 1893 1156 solvi
1922 1108 1976 1156 te

362 1189 368 1194 ’
409 1192 476 1259 ᾆδε(
502 1192 663 1248 hodie
697 1193 720 1262 ζ
755 1192 830 1264 (ι)
875 1208 907 1247 a
938 1193 1191 1256 vinculis,
1225 1209 1349 1262 qua:
1391 1208 1554 1262 super
1585 1206 1780 1247 manus
1808 1202 1971 1247 luas;

409 1282 490 1352 (a)
523 1283 567 1337 si
607 1283 893 1352 pulchrum
924 1299 1109 1338 coram
1139 1294 1190 1338 te
1228 1285 1412 1338 venire
1443 1298 1564 1338 cum
1599 1298 1685 1338 me
1713 1283 1765 1336 in
1802 1281 1977 1352 Baby-

413 1373 615 1434 lonem,
644 1374 792 1441 veni,
822 1386 873 1428 et
903 1390 1100 1444 ponam
1130 1378 1194 1444 Χ
1215 1374 1386 1442 colig:
1416 1375 1606 1429 oculos
1636 1388 1786 1428 meos
1815 1388 1979 1444 super

414 1469 505 1516 te:
535 1462 608 1530 (ὁ)
644 1471 696 1516 et
726 1465 771 1517 si
809 1467 1010 1518 malum
1060 1465 1114 1518 in
1144 1464 1316 1518 oculis
1349 1464 1460 1517 tuis
1505 1463 1690 1517 venire
1733 1477 1858 1516 cum
1893 1475 1980 1516 me

415 1555 468 1607 in
522 1551 870 1624 Babylonem.
922 1555 992 1624 (τ)
1039 1556 1301 1625 quiesce:
1341 1557 1560 1623 Xecce
1608 1553 1788 1607 omnis
1838 1560 1979 1606 terra

415 1659 598 1698 coram
630 1653 717 1698 te:
756 1645 1084 1714 ubicumque
1117 1646 1322 1700 bonum
1367 1652 1422 1699 et
1453 1654 1660 1699 rectum
1701 1643 1756 1696 in
1805 1642 1981 1697 oculis

417 1737 525 1791 tuis
557 1736 655 1800 ire,
688 1736 815 1790 illuc
847 1736 955 1790 ito:
986 1737 1037 1791 5.
1063 1738 1140 1807 (ά)
1166 1747 1223 1792 et
1249 1752 1422 1808 usque
1448 1737 1514 1791 ad
1542 1751 1627 1791 me
1649 1749 1842 1790 rursus
1873 1750 1978 1789 non

416 1828 723 1891 reverteris,
773 1840 934 1882 curre
985 1839 1040 1882 tu

414 1919 585 1972 tilium
635 1919 859 1974 Abicam
900 1919 993 1974 lilii
1043 1918 1298 1989 Saphan,
1345 1934 1509 1988 quem
1555 1918 1842 1974 constituit
1890 1931 1982 1971 rex

415 2009 712 2081 Babylonis
740 2011 791 2064 in
820 2017 963 2064 terra
993 2008 1169 2074 Judze,
1197 2009 1447 2064 ethabita
1478 2022 1607 2063 cum
1634 2022 1699 2062 eo
1730 2007 1782 2061 in
1806 2006 1986 2060 medio

420 2102 640 2171 populi;
671 2102 720 2156 si
750 2116 877 2155 vero
909 2113 1041 2162 non.
1083 2102 1154 2169 (ε)
1191 2100 1244 2154 in
1289 2099 1472 2154 omnia
1507 2113 1630 2168 qua:
1669 2098 1895 2167 pulchra
1930 2099 1984 2151 iu

415 2193 594 2254 oculis
643 2193 750 2249 luis
795 2193 860 2246 ad
888 2192 1156 2259 eundum,
1200 2191 1295 2246 ito.
1347 2189 1416 2244 Et
1451 2190 1600 2245 dedit
1631 2189 1684 2244 ei
1734 2189 1987 2258 princeps

416 2298 719 2353 coquorum
766 2283 1155 2353 epulationem,
1199 2292 1254 2336 et
1301 2281 1469 2346 dona,
1505 2291 1561 2336 et
1589 2280 1800 2335 dimisit
1835 2294 1984 2334 eum.

417 2376 472 2430 6.
511 2377 574 2430 Et
614 2377 758 2430 venit
787 2374 1025 2430 Jeremia
1053 2374 1120 2430 ad
1151 2373 1432 2429 Godoliam
1471 2374 1638 2428 lilium
1673 2374 1901 2429 Abicam
1933 2374 1987 2427 in

419 2466 744 2535 Mnspbiam,
784 2476 836 2522 et
868 2466 1009 2521 sedit
1056 2481 1180 2521 cum
1212 2481 1280 2520 eo
1317 2465 1370 2520 in
1414 2465 1592 2519 medio
1638 2465 1845 2536 populi,
1895 2463 1988 2534 qui

432 2559 656 2613 relictus
687 2556 790 2612 fuit
815 2557 867 2612 in
897 2567 1060 2613 terra.
1101 2557 1151 2612 7.
1179 2556 1243 2611 Et
1271 2558 1595 2613 audiverunt
1623 2573 1816 2612 omnes
1843 2555 1992 2626 prin-

419 2650 572 2719 cipes
619 2651 924 2720 potestatis,
963 2664 1089 2721 qua:
1111 2651 1166 2704 in
1213 2664 1368 2722 agro,
1405 2650 1530 2719 ipsi,
1560 2658 1614 2703 et
1644 2649 1715 2720 (Ῑ)
1755 2657 1992 2718 potestas

421 2758 635 2810 eorum,
665 2743 812 2813 quod
838 2743 1214 2798 constituisset
1244 2754 1337 2798 rex
1369 2741 1664 2812 Babylonis
1703 2739 1990 2796 Godoliam

426 2835 594 2888 ﬁlium
617 2835 842 2892 Abieam
879 2834 934 2888 in
964 2843 1132 2902 terra,
1167 2841 1224 2890 et
1269 2834 1413 2904 quod
1460 2833 1898 2890 commendasset
1941 2833 1990 2888 ei

424 2928 592 2992 viros,
623 2934 680 2980 et
726 2925 980 2981 mulieres
1013 2941 1227 2993 eorum,
1256 2924 1333 2995 (g)
1362 2932 1419 2980 et
1471 2926 1686 2980 turbam
1731 2924 1990 2989 multam,

424 3029 479 3075 et
525 3034 592 3072 cx
640 3019 968 3088 pauperibus
1007 3027 1189 3082 terras,
1227 3033 1368 3089 quos
1414 3033 1523 3073 non
1576 3017 1879 3086 deportavit
1937 3016 1993 3070 in

1098 1829 1145 1897 ζ,
1180 1837 1233 1882 et
1260 1837 1531 1883 revertere
1570 1827 1638 1882 ad
1693 1820 1975 1882 Godoliam
2013 1813 2053 1867 Β

2071 554 2220 622 ciprs
2253 551 2554 623 potestatis,
2580 551 2674 622 qui
2703 552 2757 605 in
2789 563 2954 621 agro,
2977 558 3244 604 venerunt
3267 547 3332 603 ad
3357 547 3643 603 Godoliam

2072 641 2129 696 in
2147 641 2468 711 Iinspbiam,
2490 642 2576 696 Μ.
2597 650 2651 695 et
2684 641 2945 695 dixerunt
2977 637 3060 693 ei:
3082 637 3140 692 Si
3161 638 3537 706 cognoscendo
3552 652 3647 692 eo-

2071 732 2318 802 gnoscis,
2351 735 2497 802 quod
2545 729 2728 786 Baalis
2766 747 2862 786 rex
2901 730 3134 785 ﬁliorum
3161 733 3393 785 Ammon
3436 730 3646 785 miserit

2080 825 2145 878 ad
2177 823 2460 878 lsmaelem
2492 823 2662 878 ﬁlium
2696 822 2998 885 Natbaniw,
3030 821 3095 875 ad
3137 819 3494 877 occidendum
3530 821 3649 875 anis

2074 929 2218 967 mam
2238 914 2424 968 tuam?
2445 914 2626 968 litnou
2643 913 2875 969 credidit
2894 911 2973 966 eis
2985 911 3217 968 Godolia
3241 913 3385 968 ﬁlius
3398 909 3647 968 Atticam.

2082 1006 2166 1058 15.
2198 1007 2263 1060 Et
2283 1003 2533 1060 Jobanan
2553 1005 2699 1060 ﬁlius
2725 1004 2902 1060 Coreli
2934 1005 3070 1060 dixit
3090 1003 3332 1061 Godoliae
3355 1005 3570 1059 occulte
3592 1003 3649 1057 in

2078 1095 2347 1169 Maspbia,
2372 1096 2594 1152 dicens:
2624 1096 2716 1151 ibo
2737 1086 2991 1162 nunc,°et
3013 1097 3258 1152 occidam
3281 1094 3563 1152 lsmaclem
3592 1096 3654 1150 ﬁ-

2080 1189 2210 1242 lium
2251 1186 2554 1251 Nathaniae,
2579 1199 2632 1242 et
2665 1190 2738 1259 (ο)
2757 1203 2916 1244 nemo
2933 1191 3086 1254 sciet,
3106 1204 3171 1243 ne
3185 1188 3398 1244 occidat
3415 1189 3653 1241 animum

2079 1291 2250 1342 tuam,
2273 1290 2326 1336 et
2343 1279 2729 1350 disperguntur
2747 1279 3140 1347 omnesludaei,
3161 1279 3472 1350 congregati
3497 1279 3561 1333 ad
3578 1287 3651 1346 te,

2077 1383 2133 1428 et
2162 1373 2415 1444 peribunt
2446 1374 2651 1429 residui
2679 1372 2852 1428 Iudae.
2879 1372 2967 1426 lli.
3011 1372 3077 1427 Et
3098 1372 3234 1428 dixit
3258 1371 3483 1428 Godolia
3512 1371 3656 1427 ﬁlius

2081 1464 2304 1518 Ahieam
2337 1463 2402 1518 ad
2439 1462 2686 1520 Jobanan
2718 1465 2888 1521 ﬁlium
2924 1465 3101 1522 Corah
3129 1485 3143 1521 :
3181 1461 3259 1520 Ne
3303 1463 3472 1520 facias
3499 1462 3655 1534 juxta

2080 1555 2306 1609 verbum
2329 1555 2432 1610 hoc
2449 1574 2464 1623 ;
2483 1556 2612 1626 quia
2633 1557 2912 1613 mendacia
2935 1566 2994 1611 tu
3014 1559 3254 1627 loqueris
3279 1568 3374 1625 pro
3407 1555 3652 1612 istnaeie.

2149 1645 2281 1716 Cap.
2301 1645 2438 1701 XLI.
2456 1647 2595 1701 ~l.
2622 1649 2688 1703 Et
2717 1647 2918 1703 factum
2938 1654 3020 1703 est
3051 1662 3236 1703 mense
3263 1647 3493 1717 septimo
3513 1646 3659 1700 venit

2082 1735 2274 1791 ismael
2314 1738 2456 1793 ﬁlius
2513 1737 2794 1796 Natbania:
2846 1740 2941 1795 ﬁlii
2999 1737 3251 1794 Eiisamte
3286 1739 3361 1808 (p)
3391 1752 3420 1793 a
3461 1749 3659 1809 genere

2084 1829 2245 1898 regis,
2271 1831 2480 1885 etservi
2505 1829 2670 1900 regis,
2694 1839 2749 1885 et
2769 1831 2952 1886 decem
2983 1832 3082 1885 viri
3120 1845 3242 1885 eum
3278 1845 3344 1884 eo
3381 1831 3445 1884 ad
3474 1828 3660 1884 Godo-

2085 1919 2214 1973 liam
2247 1921 2414 1975 lilium
2442 1920 2668 1976 Abicam
2697 1920 2752 1975 in
2777 1920 3098 1991 Maspbiam,
3124 1928 3178 1976 et
3208 1913 3566 1976 comederunt
3583 1919 3659 1975 ibi

2085 2023 2280 2078 panem
2320 2011 2392 2082 (ᾳ)
2423 2011 2478 2066 in
2508 2011 2772 2084 Maspliia.
2805 2013 2861 2066 '2.
2894 2011 2961 2066 Et
2989 2012 3230 2067 surrexit
3277 2012 3472 2067 lsmael
3519 2011 3664 2067 ﬁlius

2087 2099 2390 2164 Natbanias.
2413 2109 2469 2158 et
2487 2102 2673 2159 decem
2699 2103 2822 2169 viri,
2856 2104 2948 2173 qui
2981 2107 3048 2172 Χ
3074 2111 3229 2157 erant
3268 2116 3392 2158 cum
3423 2117 3487 2159 eo
3518 2103 3577 2173 ζ,
3613 2109 3667 2158 ct

2087 2201 2473 2264 percusserunt
2493 2192 2776 2250 Godoliam
2810 2194 2979 2250 ﬁlium
3004 2193 3232 2250 Abicam
3264 2193 3589 2265 ﬁliiSapban
3609 2194 3666 2249 in

2088 2283 2290 2355 gladio,
2321 2291 2377 2341 et
2421 2287 2744 2343 occiderunt
2785 2302 2934 2354 eum,
2961 2301 3123 2358 quem
3170 2288 3528 2344 constituerat
3571 2297 3665 2342 rex

2091 2376 2382 2448 Babylonis
2445 2389 2609 2447 super
2639 2385 2804 2443 terra,
2866 2379 2919 2431 5.
2975 2375 3040 2432 Ει
3069 2391 3261 2433 omnes
3305 2373 3542 2441 Iudaeos,
3573 2375 3668 2446 qui

2087 2477 2246 2523 erant
2285 2481 2409 2524 cum
2440 2482 2508 2524 eo
2545 2483 2668 2525 cum
2699 2465 2928 2525 Godolia
2960 2466 3014 2524 in
3045 2467 3319 2540 Masphia,
3376 2477 3430 2524 et
3479 2484 3668 2527 omnes

2090 2559 2398 2624 Chaldaeos,
2423 2560 2521 2629 qui
2559 2559 2764 2614 inventi
2815 2559 2924 2616 fuci
2938 2567 3036 2614 unt
3065 2559 3160 2626 ibi,
3196 2561 3342 2616 viros
3371 2559 3494 2616 belli
3524 2561 3668 2616 occi-

2090 2649 2172 2704 dit
2192 2650 2406 2705 lsmael.
2433 2649 2485 2705 4.
2508 2649 2573 2706 Et
2597 2648 2799 2707 factum
2822 2661 2908 2708 est
2923 2649 3010 2708 die
3025 2652 3286 2719 secundo,
3309 2667 3375 2709 ex
3395 2667 3504 2724 quo
3527 2653 3672 2710 occi-

2091 2741 2168 2796 dit
2200 2741 2272 2797 ibi
2306 2742 2376 2814 (r)
2411 2740 2824 2826 Godoliam,.(s)
2861 2750 2914 2799 et
2944 2743 3107 2800 homo
3142 2759 3251 2800 non
3282 2743 3450 2801 novit.
3477 2743 3530 2801 5.
3564 2743 3675 2801 Vc-

2096 2843 2296 2889 nerunt
2325 2835 2424 2888 viri
2447 2850 2510 2890 ex
2542 2835 2760 2891 Sicbem
2784 2835 2851 2907 (l)
2881 2852 2944 2891 ex
2969 2834 3197 2906 Saljom,
3229 2844 3284 2891 ct
3303 2852 3368 2892 ex
3395 2834 3670 2904 Samaria,

2093 2924 2371 2995 octoginta
2402 2926 2522 2991 viri,
2549 2927 2658 2981 rasi
2687 2925 2884 2981 barbas
2913 2940 3125 2994 eorum,
3157 2936 3212 2982 et
3238 2926 3468 2996 disrupti
3496 2935 3676 2982 vestes

2095 3030 2310 3081 eorum,
2338 3029 2393 3073 et
2421 3017 2502 3089 (ιι)
2536 3019 2620 3089 pla
2634 3026 2862 3090 rigentes
2895 3036 2909 3072 :
2945 3025 3000 3074 et
3036 3017 3201 3086 dona,
3235 3026 3289 3075 et
3321 3021 3448 3075 thus
3473 3020 3528 3075 in
3559 3035 3679 3075 ma-

426 3108 796 3178 Babylonem:
840 3107 893 3162 8.
926 3115 979 3162 et
1019 3117 1281 3163 venerunt
1322 3109 1389 3164 ad
1417 3106 1700 3164 Godoliam
1745 3107 1801 3161 in
1851 3106 1993 3163 Mas-
2023 3139 2065 3197 ο
2099 3109 2260 3197 nibus
2302 3123 2518 3175 eorum,
2547 3111 2612 3164 ad
2658 3109 2996 3179 inferendum
3047 3108 3102 3166 in
3155 3113 3378 3166 domum
3437 3111 3674 3167 Domini.

428 3202 607 3271 phiam
650 3201 844 3256 lsmael
875 3201 1018 3256 ﬁlius
1046 3199 1349 3267 Natbaniae,
1372 3209 1426 3255 et
1451 3198 1725 3263 Jobanan,
1756 3208 1814 3255 et
1834 3197 1998 3253 Jona-

429 3292 557 3345 tban
607 3290 703 3344 lilii
745 3289 946 3356 Coi-ab,
994 3297 1047 3345 et
1097 3287 1254 3345 Saria
1303 3288 1448 3344 ﬁlius
1501 3286 1903 3353 Titanabmetb,
1944 3295 1999 3342 et

430 3383 526 3437 ﬁlii
552 3383 630 3453 (hi
657 3379 820 3452 Ypbi,
866 3381 961 3452 qui
993 3398 1060 3436 ex
1101 3381 1430 3452 Netopbatb,
1479 3391 1532 3437 et
1581 3379 1805 3456 Jezonia
1853 3381 1998 3436 ﬁlius

431 3473 740 3539 Mztacbatb,
792 3473 914 3542 ipsi,
954 3480 1010 3527 et
1047 3471 1150 3526 viri
1203 3487 1416 3527 eorum.
1466 3472 1519 3528 9.
1559 3471 1623 3525 Et
1671 3471 1872 3542 juravit
1919 3472 1998 3527 eis

431 3566 654 3622 Godolia
686 3566 831 3622 ﬁlius
861 3565 1088 3619 Atticam
1126 3564 1221 3619 ﬁlii
1257 3563 1499 3635 Saphan,
1525 3574 1579 3620 ct
1613 3566 1744 3620 viris
1782 3579 1996 3630 eorum,

429 3659 654 3714 dicens:
684 3656 761 3710 Ne
787 3656 1023 3711 timeatis
1048 3656 1110 3728 (ἰ)
1138 3668 1168 3711 a
1199 3654 1339 3712 facie
1380 3657 1759 3711 Cbaldmorui'n
1789 3675 1802 3711 :
1838 3657 1998 3710 habié

432 3760 542 3806 tate
573 3751 628 3804 in
667 3757 836 3814 terra,
873 3749 948 3820 lk)
993 3759 1046 3803 ct
1094 3748 1394 3818 operamini
1427 3749 1540 3818 regi
1593 3747 1904 3820 Babylonis,
1946 3759 2001 3803 et

433 3843 631 3898 melius
660 3842 767 3896 erit
789 3841 962 3896 vobis.
993 3841 1077 3894 l0.
1110 3842 1174 3895 Et
1200 3856 1301 3912 ego
1320 3855 1444 3896 ecce
1464 3841 1627 3896 sedeo
1651 3841 1705 3894 in
1733 3839 1999 3910 Maspbia,

433 3933 500 3988 ad
535 3932 790 3987 standum
837 3947 1022 3986 coram
1072 3930 1210 3986 facie
1235 3931 1636 3994 Chaldaeorum,
1670 3931 2002 4001 quicumque

435 4022 760 4094 venerintU;
785 4037 946 4092 super
973 4038 1090 4077 vos.
1112 4022 1177 4076 Et
1200 4038 1296 4078 vos
1319 4022 1552 4092 colligite
1580 4022 1790 4084 vinum.
1823 4031 1876 4077 et
1900 4018 2000 4093 (τη)

434 4115 700 4181 fructum,
723 4125 776 4169 et
809 4116 989 4170 oleum
1017 4115 1256 4185 colligite
1284 4115 1336 4169 in
1363 4129 1490 4170 vasa
1523 4125 1724 4177 vestra,
1757 4124 1809 4170 et
1843 4115 2000 4170 babi-

436 4218 548 4262 tate
577 4207 630 4260 in
658 4206 888 4262 urbibus
911 4206 1130 4271 vestris,
1153 4222 1291 4275 quas
1314 4209 1587 4262 tenuistis.
1608 4207 1695 4260 ll.
1722 4206 1789 4262 Et
1812 4219 2004 4263 omnes

434 4296 628 4361 Judmi,
659 4297 754 4366 qui
787 4310 851 4352 -ι-
884 4296 936 4351 in
965 4307 1109 4352 terra
1153 4298 1174 4366 ζ
1207 4297 1386 4363 Moab,
1426 4307 1480 4352 et
1507 4298 1560 4352 in
1594 4299 1720 4353 liliis
1745 4299 1999 4362 Ammon,

436 4397 491 4442 et
520 4388 613 4458 qui
647 4390 700 4442 in
740 4387 992 4450 ldmmea,
1034 4401 1090 4444 et
1133 4389 1184 4442 in
1235 4389 1381 4442 omni
1434 4397 1598 4453 terra,
1645 4387 2003 4454 audiverunt,

2099 3202 2152 3257 6.
2180 3195 2246 3256 Et
2267 3200 2437 3257 exivit
2465 3197 2659 3257 lsmael
2698 3201 2846 3258 ﬁlius
2875 3199 3160 3257 Natbanite
3179 3203 3232 3257 in
3266 3217 3556 3260 occursum
3583 3221 3680 3261 eo-

2100 3306 2219 3347 rmn
2252 3308 2317 3348 ex
2368 3291 2637 3364 Maspbia,
2688 3294 2798 3348 ibat
2847 3290 2984 3360 iens,
3032 3302 3088 3348 et
3115 3290 3270 3348 ﬁcns.
3317 3290 3540 3350 Factum
3595 3306 3683 3353 est

2099 3393 2301 3450 autem,
2341 3400 2465 3440 cum
2509 3377 3002 3455 appropinquasset
3046 3385 3150 3451 eis,
3205 3394 3258 3441 et
3284 3381 3422 3441 dixit
3453 3386 3519 3442 ad
3541 3401 3678 3443 eos:

2101 3475 2450 3547 lngredimini
2493 3477 2560 3530 ad
2597 3474 2886 3532 Godoliam
2923 3473 3093 3530 ﬁlium
3124 3476 3372 3531 Abicam.
3398 3474 3452 3530 7.
3482 3477 3547 3533 Et
3569 3476 3684 3533 fae-

2101 3577 2213 3622 tum
2239 3579 2352 3634 est,
2395 3584 2519 3623 cum
2553 3567 2782 3639 ingressi
2809 3576 2991 3623 essent
3014 3570 3081 3636 χ
3105 3567 3158 3623 in
3190 3568 3212 3639 ζ
3247 3568 3480 3624 medium
3508 3570 3681 3637 urbis,

2099 3664 2154 3712 et
2205 3659 2461 3713 mactavit
2493 3669 2591 3714 eos
2639 3654 2832 3713 lsmael
2862 3657 3008 3712 ﬁlius
3042 3654 3331 3713 Nathaniae
3360 3658 3440 3729 (κ)
3477 3659 3531 3713 in
3581 3675 3683 3729 pu-

2103 3759 2272 3817 teum,
2328 3751 2466 3821 ipse,
2510 3756 2564 3804 et
2598 3747 2716 3813 viri,
2759 3749 2853 3819 qui
2901 3763 3024 3804 cum
3058 3761 3145 3804 eo.
3179 3748 3234 3804 8.
3269 3748 3345 3820 (ῃ)
3382 3748 3447 3802 Ει
3494 3748 3683 3805 decem

2102 3840 2201 3894 viri
2228 3840 2433 3894 inventi
2463 3845 2592 3894 sunt
2625 3839 2730 3905 ibi,
2765 3846 2820 3894 et
2846 3839 3103 3894 dixerunt
3139 3839 3350 3896 lsmaeli
3383 3856 3397 3894 :
3436 3839 3516 3896 Ne
3541 3843 3686 3896 neci-

2106 3927 2206 3986 das
2248 3943 2373 3995 nos,
2403 3929 2531 4000 quia
2564 3937 2695 3985 sunt
2733 3929 2890 3985 nobis
2919 3928 3099 3984 acervi
3145 3929 3200 3984 in
3232 3941 3386 3999 agro,
3417 3931 3597 3986 tritica
3634 3937 3690 3986 et

2104 4020 2332 4085 hordea,
2369 4021 2548 4076 oleum
2573 4032 2626 4076 et
2650 4014 2755 4075 mel
2783 4039 2796 4075 :
2823 4020 2897 4091 (ιι)
2916 4030 2969 4076 et
2990 4021 3262 4084 transivit,
3285 4031 3340 4076 et
3361 4037 3470 4077 non
3489 4023 3690 4078 occidit

2104 4129 2198 4168 eos
2248 4113 2301 4167 in
2345 4111 2526 4168 medio
2580 4112 2810 4166 fratrum
2876 4126 3089 4168 eorum.
3122 4113 3174 4168 9.
3225 4112 3428 4168 Puteus
3482 4122 3685 4181 autem,

2105 4205 2159 4256 in
2179 4217 2338 4273 quem
2361 4200 2588 4273 projecit
2613 4203 2682 4270 »ζ
2704 4201 2776 4255 ibi
2809 4203 2832 4271 ζ
2858 4199 3050 4256 Ismael
3077 4203 3260 4256 omnia
3287 4215 3517 4272 corpora
3538 4199 3690 4257 viro-

2109 4311 2252 4361 rum,
2308 4309 2448 4365 quos
2499 4294 2700 4349 occidit
2746 4308 2842 4364 per
2887 4308 3108 4349 manum
3156 4290 3397 4351 Godollaz
3445 4305 3688 4366 :puteus

2113 4401 2344 4459 magnus
2367 4392 2456 4442 est
2496 4385 2587 4440 hic
2617 4400 2778 4455 quem
2814 4381 2945 4441 iecit
2972 4399 3063 4440 rex
3103 4386 3210 4442 Asa
3242 4386 3310 4441 ab
3339 4397 3466 4442 ante
3499 4388 3690 4443 faciem

437 4481 582 4550 quod
609 4480 850 4534 dedisset
881 4496 972 4535 rex
1004 4480 1295 4551 Babylonis
1325 4479 1602 4535 residuum
1637 4481 1690 4534 in
1719 4479 1925 4542 Judaea,
1952 4491 2008 4536 et
2039 4466 2084 4525 ι)
2117 4478 2302 4534 Βλιεδω
2331 4476 2472 4548 regis
2495 4474 2728 4533 lsrzelis:
2758 4475 2904 4530 hunc
2926 4475 3168 4545 implevit
3197 4473 3387 4530 lsmael
3417 4474 3558 4531 ﬁlius
3583 4475 3692 4532 Na-

439 4569 584 4639 quod
617 4568 996 4624 constituisset
1027 4585 1192 4639 super
1227 4585 1322 4624 eos
1353 4569 1634 4624 Godoliam
1665 4570 1835 4624 lilium
1876 4567 2008 4624 Abi-

439 4677 558 4716 cam
601 4660 695 4714 ﬁlii
759 4659 996 4730 Saphan.
1033 4662 1118 4716 ιε.
1159 4661 1223 4715 Et
1265 4662 1464 4717 reversi
1501 4671 1630 4718 sunt
1665 4664 1733 4731 χ(
1763 4677 1952 4717 omnes
1983 4663 2005 4729 ζ

441 4752 610 4808 Jutlazi
641 4770 708 4809 ex
739 4755 998 4809 omnibus
1035 4755 1187 4821 locis,
1217 4770 1331 4824 quo
1357 4756 1584 4824 dispersi
1608 4757 1828 4809 fuerunt
1861 4756 2010 4820 illuc,

439 4854 495 4899 et
527 4853 789 4898 venerunt
834 4844 887 4897 in
927 4853 1123 4900 terram
1168 4844 1318 4900 Judte
1350 4846 1416 4900 ad
1446 4845 1730 4905 Godoliam
1766 4851 1820 4901 in
1872 4845 2016 4902 Mas-

443 4936 647 5008 phiam,
668 4943 724 4992 et
754 4936 1315 5008 collegeruntvinum,
1344 4946 1396 4992 ct
1419 4936 1500 5008 (η)
1519 4937 1758 4992 fructum
1783 4939 2012 4992 multum

516 5118 580 5189 (t)
620 5118 932 5174 Jeremiam.
1011 5119 1089 5189 (ιι)
1118 5119 1206 5183 Α.,
1239 5119 1494 5189 magister
1533 5119 1833 5173 lanionum.

446 5186 531 5252 8.,
558 5186 767 5244 catenis
800 5186 1081 5244 manuum.
1160 5186 1539 5260 (a)S.,_placet
1566 5190 1683 5260 tibi.
1761 5192 1836 5258 (ὁ)
1890 5186 1973 5256 8.’,

1943 5124 2021 5192 (as)
2053 5121 2301 5193 Reliqui,
2349 5124 2565 5178 locutus
2618 5133 2720 5178 est.

2036 5204 2090 5246 et
2143 5196 2187 5246 si
2229 5210 2336 5247 non
2393 5195 2568 5263 placet
2608 5194 2724 5249 tibi.

445 5270 740 5330 antequam
796 5260 1238 5330 recedantjgo,
1294 5259 1817 5330 irevert_ere,babita
1876 5262 2020 5330 apud
2066 5263 2372 5318 Godoliam.

2107 4568 2308 4625 thaniae
2344 4567 2562 4623 occisis.
2621 4565 2704 4620 l0.
2770 4566 2847 4637 (a)
2899 4567 2965 4621 Et
3004 4565 3220 4622 reduxit
3255 4564 3447 4624 lsmael
3475 4583 3692 4625 onmem

2110 4661 2391 4732 populum,
2419 4659 2514 4730 qui
2555 4660 2778 4715 relictus
2812 4657 2944 4724 fuit,
2980 4661 3048 4726 Χ
3077 4675 3203 4713 eum
3257 4661 3278 4730 ζ
3312 4661 3404 4730 qui
3442 4661 3495 4715 in
3549 4660 3693 4716 Mas-

2111 4756 2258 4824 pliia,
2289 4763 2345 4810 et
2383 4754 2524 4808 ﬁlias
2555 4753 2720 4823 regis,
2751 4763 2802 4808 et
2830 4763 3048 4807 omnem
3084 4753 3366 4822 pepulum,
3399 4755 3491 4825 qui
3515 4755 3694 4810 relicti

2111 4846 2332 4901 fuerunt
2368 4846 2422 4899 in
2446 4843 2713 4914 Maspbia,
2743 4859 2884 4914 quos
2913 4844 3696 4901 commendavitNabuzardan

2113 4937 2369 5008 princeps
2393 4949 2696 5007 coquorum
2724 4935 2967 4991 Godoliae
2995 4935 3106 4990 ﬁlio
3130 4935 3377 5004 Atticam,
3399 4938 3473 5008 (ὁ)
3498 4946 3553 4992 et
3577 4952 3696 4991 ma-

2820 5124 2895 5194 (ῃ)
2934 5124 3015 5180 Ei.
3115 5123 3189 5192 (π)
3235 5125 3326 5189 Α.,
3394 5140 3422 5178 a
3471 5124 3699 5194 catenis.

2459 5205 2568 5248 acet
2608 5194 2724 5249 tibi.
2801 5193 2875 5266 (ὁ)
2909 5196 2994 5260 8.,
3033 5209 3308 5266 permane.
3386 5195 3464 5264 (tl)
3521 5193 3604 5257 8.,
3649 5203 3704 5247 et

2459 5263 2529 5387 ἵε)
2561 5263 2661 5346 8.,.
2701 5265 2754 5319 in
2819 5279 3038 5364 omnem
3109 5265 3314 5364 locum.
3367 5265 3702 5344 quicumque

2459 5351 2541 5387 ιιι.
2619 5335 2685 5387 (tl
2740 5336 2829 5387 A..
2897 5335 2981 5387 8..
3016 5350 3220 5387 servue
3257 5334 3550 5387 thaldaets.
3627 5332 3702 5387 Νι)

445 5325 710 5398 placuerit
768 5328 888 5384 tibi.
968 5330 1030 5399 υ)
1071 5325 1217 5388 Τνέε,
1257 5328 1375 5383 viri.
1458 5327 1475 5399 (
1514 5330 1532 5398 )
1576 5325 1667 5392 Α.,
1715 5330 1795 5390 8.,
1833 5339 1889 5385 et
1907 5325 1991 5385 inl‘.

445 5397 537 5454 Α..
575 5397 657 5454 8..
693 5409 744 5452 ct
806 5399 1022 5454 servile.
1100 5397 1280 5454 (IL-1..
1316 5398 1398 5454 8..
1424 5347 1641 5454 θιρνος.
1721 5400 1815 5454 (ml
1849 5401 1934 5454 Α..
1973 5400 1991 5454 l'

2092 5351 2165 5388 es.
2251 5333 2327 5403 (Ιι)
2361 5325 2541 5403 Jopbi.
2619 5325 2685 5406 (Vi)
2740 5336 2829 5395 A..
2897 5335 2982 5402 8.,
3016 5335 3220 5391 servire
3257 5325 3550 5389 Chaldaeis.
3613 5325 3702 5403 '(k)

2098 5413 2210 5454 tum
2241 5406 2510 5454 aestivum.
2587 5412 2664 5454 lnt
2691 5405 2773 5454 8.-
2800 5409 3066 5454 triticum.
3146 5405 3222 5454 (oi
3244 5403 3328 5454 8..
3363 5404 3493 5454 dum
3541 5420 3702 5454 nemo

500 5437 537 5469 .7.
575 5397 657 5465 8.,
693 5409 744 5452 et
806 5397 1022 5454 servile.
1100 5397 1162 5469 (ι)
1192 5401 1280 5464 Α.,
1316 5398 1398 5462 8.,
1424 5397 1641 5455 advos.

1721 5400 1815 5470 (m)
1849 5401 1934 5464 Α.,
1973 5400 2210 5458 fructum
2241 5400 2510 5458 aestivum.

2587 5403 2774 5475 (20's.,
2800 5409 3066 5461 triticum.
3146 5405 3222 5476 (0)
3244 5403 3328 5468 8.,
3363 5404 3493 5476 dqu
3541 5420 3704 5458 nemo

447 5468 603 5546 sciet,
626 5481 798 5537 quare
836 5469 1047 5524 occidet
1071 5468 1308 5546 animam
1335 5479 1514 5546 tuamL
1558 5469 1659 5546 _(p)
1685 5468 1901 5546 A.,'S.,_
1931 5471 2494 5546 de_setnincregni._
2543 5468 2616 5546 (φ’)
2644 5468 2837 5546 Simul.
2913 5477 2985 5545 (r)
3050 5468 3262 5532 Ism'ael.
3296 5545 3300 5546 ί
3341 5473 3518 5545 (s)S.,
3575 5490 3702 5528 cum

449 5537 612 5590 homo
647 5551 754 5592 non
789 5547 991 5592 nosset.
1069 5539 1130 5607 (ι)
1164 5540 1249 5602 Α.,
1271 5537 1352 5602 8.,
1385 5557 1447 5596 ex
1483 5537 1688 5594 Saloni.
1766 5541 1845 5662 qu)
1871 5543 1958 5604 Α..
1991 5539 2048 5596 8.

449 5607 549 5660 viri
581 5608 782 5662 inventi
816 5618 942 5662 sunt
977 5608 1070 5662 ibi.
1101 5609 1190 5662 aui
1216 5609 1471 5662 dixerunt
1508 5611 1575 5662 ad
1611 5611 1778 5662 Ismae
1803 5625 1909 5662 em.
1988 5614 2042 5662 (λ

447 5607 549 5677 viri
581 5608 782 5662 inventi
816 5618 942 5662 sunt
977 5608 1070 5671 ibi,
1101 5609 1190 5677 qui
1216 5609 1471 5664 dixerunt
1507 5611 1575 5664 ad
1611 5607 1909 5665 Ismaclem.

2060 5582 2075 5603 ,
2106 5544 2295 5614 incisi.
2344 5543 2422 5611 (ω)
2457 5543 2521 5598 Et
2553 5543 2788 5614 'projecit
2830 5543 2944 5600 eos.

1988 5614 2063 5680 (ι)
2093 5613 2176 5678 8.,
2215 5615 2490 5669 cohibitus
2523 5613 2623 5668 fuit
2648 5613 2852 5676 autem,
2896 5625 2951 5669 et
2990 5613 3097 5671 non
3135 5617 3273 5672 mori
3305 5616 3433 5670 fecit
3457 5630 3552 5670 eos
3574 5629 3702 5667 cum

3025 5547 3217 5617 (9)S.,
3273 5545 3460 5617 decem
3523 5554 3701 5599 autem

449 5673 708 5758 fratribus
729 5692 935 5758 eorum.
955 5673 1140 5758 fovea
1169 5687 1346 5758 autem
1375 5680 1625 5758 it_i_quam
1662 5682 1935 5758 projecit._
1984 5673 2061 5751 (a)
2091 5673 2293 5758 .l.,§.,
2320 5693 2380 5758 et
2397 5687 2669 5754 captivum
2700 5673 2876 5740 duxit.
2953 5687 3030 5758 (ὁ)
3065 5691 3156 5755 Α.,
3188 5696 3243 5744 et
3269 5687 3511 5757 captivos
3549 5685 3708 5741 duxit

451 5760 547 5802 eos
571 5747 766 5804 lsmael
788 5749 931 5805 ﬁlius
953 5745 1254 5818 Natbanize,
1294 5758 1346 5805 ct
1372 5745 1506 5805 abiit
1539 5751 1604 5805 ad
1640 5745 2128 5806 transettndum'ad
2165 5745 2305 5808 ﬁlios
2357 5745 2610 5809 Aminon.
