4156 7460
527 305 669 361 9371

537 513 791 566 Ammon.
839 508 922 564 11.
966 515 1033 561 Et
1076 509 1284 563 audivit
1326 507 1574 563 Johanan
1623 506 1764 563 ﬁlius
1801 507 2006 572 Corah,
2053 517 2106 561 et

538 620 727 658 onmes
753 603 1022 672 principes
1044 603 1346 671 potestatis,
1372 600 1464 670 qui
1488 615 1608 654 cum
1631 615 1716 666 eo,
1740 600 1922 654 omnia
1945 599 2104 666 mala,

539 711 660 760 qua:
699 693 827 748 fecit
861 692 1048 748 Istnael
1085 693 1223 746 Illius
1250 690 1532 745 Nathanize
1570 711 1582 745 :
1615 692 1701 744 19..
1744 700 1796 745 et
1837 692 2110 746 duxerunt

539 787 720 840 omnia
743 792 920 840 castra
974 799 1186 847 eorum,
1229 793 1284 838 et
1310 783 1521 836 ivcrunt
1551 783 1617 837 ad
1648 782 1997 852 pugnandum
2043 797 2104 838 σε-

541 881 804 932 adversus
827 891 950 930 cum
981 876 1003 944 1
1037 890 1158 928 cum
1181 874 1406 928 lsmaele
1430 875 1538 928 ﬁlio
1561 871 1861 938 Nathanite,
1886 883 1940 928 et
1962 874 2110 928 inve-

541 981 738 1028 nerunt
763 987 885 1026 eum
912 987 1074 1040 super
1094 985 1234 1040 aqua
1265 971 1456 1036 multa,
1483 973 1550 1037 >κ
1577 983 1698 1038 quae
1731 967 1752 1036 1
1778 968 1834 1022 in
1863 967 2106 1022 Gabaon.

542 1065 626 1118 15.
661 1062 723 1116 Ει
761 1062 962 1116 factum
994 1069 1097 1125 est,
1137 1075 1262 1114 cum
1299 1060 1506 1114 videret
1525 1059 1710 1114 onmis
1745 1057 2110 1128 populus,qui

541 1171 662 1210 eum
689 1153 912 1208 lsmaz-le
937 1151 1183 1206 Johanan
1217 1150 1384 1204 lilium
1421 1149 1622 1216 Corah,
1660 1160 1713 1204 et
1737 1163 1928 1202 omnes
1959 1148 2110 1218 prin-

539 1249 687 1315 cipes
719 1245 1004 1314 potestatis
1026 1286 1038 1308 ,
1070 1258 1190 1312 qua:
1218 1257 1340 1296 cum
1377 1257 1464 1307 eo,
1505 1241 1590 1296 14.
1626 1249 1680 1296 et
1730 1241 1928 1312 gravisi
1961 1251 2110 1304 sunt,

538 1347 593 1392 et
625 1338 904 1391 redierunt
938 1336 1118 1390 omnis
1165 1335 1418 1405 populus,
1463 1349 1622 1404 quem
1655 1335 1926 1400 captivum
1957 1333 2113 1387 duxit

539 1429 732 1484 lsmacl
766 1429 835 1499 (ε)
861 1445 924 1482 ex
961 1427 1206 1497 Masphia
1237 1447 1249 1481 :
1281 1435 1472 1481 etcum
1503 1424 1814 1490 rediisscnt,
1851 1433 2115 1478 venerunt

538 1520 605 1574 ad
638 1518 884 1572 Johanan
925 1515 1095 1570 ﬁlium
1131 1515 1331 1570 Corah.
1377 1515 1462 1569 15.
1517 1513 1708 1568 lsmael
1749 1521 1927 1568 autem
1972 1513 2115 1567 ﬁlius

537 1611 818 1666 Nathania:
851 1608 1298 1664 evasitcumecto
1327 1606 1639 1661 hominibus
1669 1607 1738 1660 ab
1761 1614 1887 1660 ante
1920 1603 2112 1660 faciem

540 1699 808 1764 Johanan,
867 1706 921 1752 et
954 1698 1087 1752 abiit
1123 1697 1189 1751 ad
1239 1695 1380 1750 ﬁlios
1413 1695 1666 1750 Ammon.
1723 1695 1810 1749 16.
1857 1695 1924 1762 Et
1973 1695 2114 1765 cepit

539 1791 783 1846 Johauan
811 1790 953 1845 ﬁlius
982 1789 1183 1854 Corab,
1205 1796 1258 1842 et
1292 1802 1481 1842 omnes
1509 1787 1782 1857 principes
1803 1789 2108 1857 potestatis,

539 1887 634 1954 qui
667 1899 788 1938 cum
819 1898 903 1947 eo,
944 1895 1132 1936 omnes
1170 1879 1427 1949 reliquias
1462 1878 1665 1948 populi,
1713 1893 1851 1948 quas
1897 1879 2113 1933 reduxit

539 1978 608 2031 ab
643 1973 868 2029 lsmaele
898 1975 964 2042 χ(
997 1971 1108 2026 ﬁlio
1129 1969 1411 2024 Nathaniae
1433 1985 1497 2023 ex
1532 1969 1794 2038 Masphia,
1824 1977 2108 2039 postquam

539 2067 738 2122 occidit
784 2065 1068 2120 Godoliam
1110 2063 1278 2116 lilium
1314 2062 1540 2115 Ahicam
1578 2061 1636 2128 1,
1679 2069 1927 2130 potentes
1967 2062 2111 2116 viros

541 2161 592 2212 in
618 2158 780 2222 bello,
813 2169 874 2212 σει
904 2163 958 2210 et
999 2153 1022 2222 1
1056 2153 1332 2218 mulieres,
1359 2161 1411 2204 et
1438 2151 1514 2220 (ιι)
1548 2151 1826 2221 reliquias,
1851 2161 1904 2206 et
1936 2166 2110 2206 ennu-

538 2251 694 2314 chos,
737 2263 878 2319 quos
926 2245 1140 2302 reduxit
1172 2261 1236 2300 ex
1274 2243 1517 2298 Gabaon.
1557 2243 1640 2297 l7.
1675 2243 1734 2297 Et
1770 2244 1838 2315 (e)
1869 2244 2023 2308 abiit,
2059 2253 2112 2299 et

540 2343 680 2400 sedit
709 2342 916 2396 interra
937 2339 1128 2392 Beruth
1153 2337 1508 2402 Chamaham,
1535 2351 1656 2406 qua:
1681 2335 1747 2390 ad
1773 2335 2108 2404 Bethlehem,

541 2445 600 2490 ut
647 2434 823 2488 abiret
869 2433 934 2485 ad
977 2427 1388 2497 ingrediendum
1445 2428 1498 2480 in
1539 2425 1854 2496 IEgyptum,
1914 2428 2000 2481 18.
2043 2429 2112 2482 ab

539 2541 664 2583 ante
704 2527 899 2582 faciem
936 2523 1316 2578 Chaldteorum
1339 2561 1354 2586 ,
1395 2520 1521 2591 quia
1558 2521 1863 2576 timuerunt
1886 2522 1954 2575 ab
1986 2531 2111 2576 ante

539 2621 730 2676 faciem
769 2633 958 2674 eorum
987 2635 1000 2670 :
1034 2616 1160 2685 quia
1185 2614 1379 2669 occidit
1411 2611 1603 2667 Ismael
1635 2615 1703 2681 χ
1736 2613 1880 2668 ﬁlius
1913 2611 2111 2668 Natha-

539 2717 642 2768 niue
675 2711 980 2786 ‘Godoliam
1017 2708 1185 2762 ﬁlium
1225 2705 1450 2760 Ahicam
1508 2705 1570 2772 1,
1620 2720 1782 2775 quem
1829 2706 2112 2762 constituit

540 2823 631 2862 rex
668 2804 958 2876 Babylonis
985 2803 1036 2857 in
1073 2810 1235 2856 terra.

608 2898 740 2967 Cap.
777 2895 930 2948 XLII.
966 2923 1034 2933 -—-
1070 2893 1119 2946 1.
1148 2891 1214 2946 Ει
1243 2900 1592 2947 accesserunt
1625 2906 1814 2945 omnes
1840 2891 2110 2961 print-ipes

538 2987 843 3060 potestatis,
895 2993 948 3038 et
999 2981 1246 3036 Johanan
1289 2980 1432 3036 ﬁlius
1482 2979 1696 3045 Corah,
1744 2989 1798 3035 et
1847 2979 2106 3035 Jezaniah

537 3081 681 3134 filius
714 3079 776 3150 (ι’)
799 3078 1023 3141 llosaeae,
1049 3083 1103 3130 et
1127 3073 1307 3128 onmis
1341 3073 1574 3142 populus
1611 3087 1639 3126 a
1669 3087 1835 3141 parvo
1859 3080 1911 3128 et
1937 3088 2109 3142 usque
2136 3091 2178 3148 ρ
2211 3077 2467 3132 diendum
2506 3079 2528 3147 ζ

537 3174 604 3228 ad
639 3186 919 3242 magnum,
959 3167 1014 3225 ‘2.
1043 3175 1097 3222 et
1144 3166 1402 3220 dixerunt
1449 3163 1514 3218 ad
1548 3163 1841 3220 Jercmiam
1876 3165 2108 3234 prophe-

537 3272 646 3317 tam
687 3283 698 3318 ;
735 3260 905 3315 Cadat
948 3259 1016 3326 >κ
1073 3269 1218 3310 nunc
1265 3255 1288 3324 1
1331 3253 1641 3322 deprecatio
1689 3262 1872 3306 nostra
1922 3267 2106 3308 coram

537 3355 674 3410 facie
697 3364 790 3408 tua
815 3391 834 3420 ,
863 3361 916 3405 et
945 3365 1040 3404 ora
1075 3352 1142 3418 λ(
1163 3363 1261 3418 pro
1282 3347 1440 3400 nobis
1470 3347 1492 3416 1
1519 3347 1584 3400 ad
1621 3345 1909 3400 Dominum
1939 3345 2106 3400 Deum

537 3459 714 3510 tuum,
749 3459 845 3513 pro
881 3440 1124 3510 reliquiis
1160 3439 1242 3493 his
1295 3456 1308 3492 :
1353 3437 1476 3507 quia
1517 3437 1688 3492 relicti
1721 3451 1912 3492 smnus
1953 3437 2108 3506 pauci

536 3541 603 3594 de
637 3537 843 3598 multis,
869 3534 1007 3589 sicut
1028 3531 1169 3588 oculi
1194 3530 1270 3584 tui
1297 3531 1479 3584 vident
1504 3544 1624 3582 nos.
1655 3529 1708 3582 5.
1737 3527 1800 3582 Et
1823 3529 2111 3582 annuntiet

537 3631 694 3688 nobis
725 3627 985 3682 Dominus
1011 3623 1151 3678 Deus
1186 3630 1310 3676 tuus
1341 3621 1506 3684 viam,
1540 3633 1646 3688 qua
1697 3633 1888 3672 eamus
1935 3617 1988 3671 in
2022 3633 2106 3681 ea,

533 3733 590 3778 et
624 3721 866 3784 verbum,
897 3716 1041 3788 quod
1086 3714 1371 3769 faciamus.
1403 3711 1457 3766 4.
1499 3711 1560 3764 Ει
1587 3710 1724 3764 dixit
1764 3709 1846 3765 eis
1875 3706 2108 3762 Jeremia

531 3813 798 3885 propheta
853 3828 866 3863 :
922 3807 1138 3872 Audivi,
1186 3819 1312 3860 ecce
1353 3818 1454 3873 ego
1511 3801 1681 3856 orabo
1710 3799 1777 3854 ad
1819 3799 2107 3855 Dominum

537 3909 706 3962 Deum
731 3913 1002 3966 nostrum,
1017 3901 1172 3971 juxta
1191 3900 1350 3953 verba
1369 3906 1546 3952 vestra
1572 3908 1656 3952 :et
1679 3896 1788 3962 ﬁet,
1811 3899 1880 3964 χ(
1897 3911 2058 3951 omne
2080 3896 2103 3964 1

534 3998 788 4060 verbum,
855 3993 1000 4065 quod
1047 3990 1396 4062 respondebit
1445 3988 1710 4044 Dominus
1757 3993 1825 4059 Χ
1857 3989 2009 4044 vobis
2049 3988 2103 4056 1,

535 4090 870 4148 annuntiabo
927 4088 1100 4156 vobis,
1163 4101 1272 4140 non
1329 4085 1516 4141 celabo
1565 4101 1594 4138 a
1648 4085 1803 4140 vobis
1855 4085 2102 4140 verbum.

535 4189 589 4240 5.
625 4185 690 4240 Et
738 4184 842 4254 ipsi
885 4183 1141 4238 dixerunt
1177 4177 1428 4234 Jeremiaz
1461 4194 1476 4232 :
1515 4177 1599 4232 Sit
1639 4176 1904 4232 Dominus
1949 4177 2106 4232 nobis

536 4280 591 4334 in
621 4287 810 4334 testem
843 4277 916 4347 (g)
943 4275 1152 4345 justum
1183 4283 1236 4327 et
1261 4273 1492 4337 ﬁdelem,
1529 4271 1574 4326 si
1606 4285 1733 4332 non,
1761 4271 1914 4338 juxta
1944 4283 2106 4323 omne

537 4370 785 4434 verbum,
813 4368 958 4438 quod
1013 4365 1228 4420 miserit
1271 4371 1322 4418 te
1369 4361 1631 4417 Dominus
1652 4365 1719 4432 Ἀ(
1749 4360 1892 4416 Deus
1917 4368 2042 4414 tuus
2077 4359 2100 4428 1

1699 300 1924 360 CODEX
1965 297 2627 356 SYIlO-l-IEXAPL.\RIS.

538 419 782 472 tutinavit
812 415 1003 471 lsmael
1039 414 1182 470 ﬁlius
1203 414 1506 472 Nathaniae.
1537 422 1588 468 et
1617 413 1750 470 abiit
1779 423 1929 470 trans
1965 415 2102 470 ﬁlios
2135 423 2179 480 Α
2208 430 2294 478 eo,
2346 415 2368 482 1

3639 307 3780 362 2572

2427 426 2480 470 et
2517 430 2732 469 onmem
2769 415 3022 484 papulum
3066 430 3094 468 a
3136 429 3302 485 parvo
3335 431 3510 486 usque
3543 417 3609 471 ad
3657 434 3780 472 ma-

2213 523 2402 577 gnum,
2427 509 2478 562 9.
2507 518 2560 563 et
2587 509 2722 564 dixit
2746 509 2824 562 eis
2849 508 2978 563 z-Sic
3001 509 3137 562 dixit
3163 509 3426 563 Dominus
3448 509 3588 564 Deus
3611 509 3782 566 Israe-

2210 601 2296 668 lis,
2327 603 2392 670 Χ
2441 602 2506 656 ad
2549 617 2710 672 quem
2743 603 2970 656 misistis
3003 617 3090 656 me
3123 602 3188 656 ad
3227 617 3374 666 eum,
3405 601 3470 655 ad
3503 599 3783 655 effunden-

2210 696 2338 749 dum
2369 694 2806 762 deprecationem
2860 695 2919 765 (ἱ)
2961 695 3026 762 >κ
3053 709 3240 748 coram
3281 708 3346 747 eo
3380 695 3402 763 1
3441 711 3454 744 :
3489 695 3555 747 l0
3603 691 3658 746 Si
3695 707 3783 748 ειη-

2211 787 2389 842 dendo
2429 787 2678 842 sederitis
2707 786 2758 840 in
2805 797 2946 840 terra
2983 785 3102 850 hac,
3135 787 3296 839 etiam
3343 785 3625 840 aediﬁcabo
3661 799 3780 849 vos,

2210 889 2262 934 et
2287 893 2394 932 non
2438 878 2736 944 destruam,
2771 889 2824 934 et
2863 879 3117 949 plantabo
3147 894 3266 942 vos,
3291 887 3346 932 et
3386 893 3494 932 non
3521 878 3781 940 evellam;

2213 969 2285 1042 (Ιι)
2317 970 2444 1040 quia
2490 971 2736 1039 acquievi
2767 985 2930 1040 super
2972 969 3151 1034 malis,
3187 984 3310 1038 qua:
3337 968 3446 1023 dixi
3483 969 3548 1022 ad
3580 968 3786 1026 facien-

2211 1065 2340 1116 dum
2369 1062 2544 1117 vobis.
2579 1063 2663 1116 11.
2713 1060 2790 1116 Ne
2834 1062 3070 1116 timeatis
3108 1061 3177 1114 ab
3219 1069 3344 1114 ante
3405 1059 3593 1113 faciem
3642 1061 3784 1128 regis

2215 1153 2520 1224 Babylonis,
2539 1153 2698 1222 cujus
2717 1169 2813 1208 vos
2832 1153 3032 1208 timetis
3063 1153 3132 1206 ab
3153 1161 3276 1206 ante
3294 1150 3484 1206 faciem
3517 1151 3636 1220 ejus
3669 1167 3682 1203 :
3715 1166 3784 1204 ne

2215 1247 2451 1302 timentis
2482 1250 2546 1316 ξι(
2571 1247 2720 1300 abeo
2752 1249 2809 1315 1,
2839 1245 2968 1300 dicit
2999 1243 3294 1308 Dominus;
3323 1245 3450 1314 quia
3481 1259 3604 1298 cum
3629 1243 3786 1296 vobis

2213 1352 2314 1407 ego
2349 1352 2492 1402 sum,
2537 1337 2600 1406 (ι)
2645 1337 2711 1391 ad
2745 1334 3082 1404 eripiendum
3115 1349 3232 1398 vos,
3272 1344 3326 1389 et
3364 1335 3430 1388 ad
3461 1335 3781 1388 salvandum

2215 1442 2312 1482 vos
2355 1441 2386 1482 e
2417 1443 2580 1481 manu
2622 1429 2717 1497 (ηε)
2743 1441 2956 1481 eorum.
2995 1425 3082 1479 12.
3110 1425 3176 1479 Ει
3205 1426 3346 1480 dabo
3377 1426 3528 1481 vobis
3569 1426 3784 1480 miseri-

2213 1519 2479 1583 cordiam,
2504 1529 2558 1574 et
2585 1519 2883 1574 miserebor
2914 1518 3100 1583 vestri,
3133 1519 3210 1588 (η)
3243 1527 3297 1572 et
3318 1517 3568 1572 reducam
3599 1533 3696 1572 vos
3727 1519 3784 1571 in

2219 1617 2412 1664 terram
2439 1619 2694 1666 vestram.
2743 1611 2826 1664 15.
2863 1611 2928 1664 Et
2956 1611 3001 1665 si
3035 1609 3212 1665 dicitis
3247 1625 3344 1664 vos
3387 1625 3399 1660 :
3432 1607 3550 1664 Non
3571 1611 3788 1665 sedebi-

2218 1717 2341 1757 mus
2377 1703 2430 1756 in
2474 1711 2616 1756 terra
2654 1702 2773 1765 hac,
2809 1702 2944 1756 adeo
2973 1709 3024 1755 ut
3067 1716 3174 1754 non
3203 1699 3438 1754 audiatis
3457 1714 3642 1754 vocem
3676 1699 3788 1754 Do—

2217 1792 2348 1845 mini
2397 1791 2490 1844 Dei
2525 1793 2715 1855 nostri,
2754 1791 2839 1844 H.
2867 1790 3111 1845 diCt'lllL‘S
3151 1807 3164 1843 :
3199 1789 3272 1859 (ο)
3297 1789 3451 1855 Quod
3495 1789 3548 1842 in
3585 1801 3786 1843 terrain

2213 1883 2434 1954 Egypti
2483 1883 2866 1952 ingrediemur,
2908 1891 3096 1936 etnon
3129 1881 3434 1936 videbimus
3479 1881 3700 1946 bellum,
3733 1892 3788 1936 et

2215 1991 2398 2030 vocem
2433 1974 2508 2045 (ρ)
2541 1975 2680 2029 tuba:
2701 1989 2808 2028 non
2835 1974 3138 2036 audiemus,
3157 1983 3210 2027 et
3239 1987 3408 2042 panes
3429 1989 3537 2028 non
3568 1975 3788 2027 esurie-

2213 2084 2334 2125 mus
2365 2077 2456 2123 :et
2481 2067 2553 2122 ibi
2600 2066 2990 2122 habitabimus.
3021 2067 3106 2120 15.
3150 2065 3214 2119 Et
3237 2067 3304 2134 >κ
3340 2081 3486 2120 nunc
3515 2068 3538 2136 1
3567 2077 3788 2135 propter

2213 2161 2316 2216 hoc
2339 2160 2521 2215 audite
2553 2159 2715 2214 verba
2745 2158 2980 2223 Domini,
3011 2160 3076 2225 χ(
3099 2159 3342 2227 reliquiae
3366 2157 3566 2212 Iudaea:
3603 2159 3625 2228 1
3655 2175 3668 2210 :
3706 2156 3784 2226 (q)

2215 2251 2305 2308 Sic
2350 2253 2486 2307 dixit
2535 2251 2800 2308 Dominus
2847 2253 2914 2321 Χ
2955 2253 3214 2306 virtutum
3268 2253 3412 2305 Deus
3457 2250 3670 2304 lsraelis
3709 2251 3732 2318 1
3769 2269 3784 2303 :

2213 2344 2270 2398 Si
2300 2361 2394 2400 vos
2431 2348 2499 2414 Ἀ(
2538 2345 2718 2400 dando
2764 2347 2786 2413 1
2824 2345 3082 2399 dederitis
3121 2343 3312 2398 faciem
3341 2352 3574 2399 vestram
3619 2347 3686 2413 Ἀ(
3718 2347 3788 2400 ad

2212 2433 2620 2504 ingrediendum
2654 2435 2674 2502 1
2704 2434 2758 2486 in
2799 2433 3112 2506 Egyptum,
3155 2441 3208 2486 et
3233 2433 3566 2486 intraveritis
3597 2433 3666 2504 (r)
3716 2435 3786 2488 ad

2213 2527 2562 2581 habitandum
2587 2527 2682 2591 ibi,
2707 2526 2790 2580 16.
2823 2534 2878 2580 et
2903 2527 3025 2590 erit,
3055 2525 3200 2596 quod
3235 2525 3465 2595 gladius,
3490 2541 3652 2593 quem
3688 2541 3786 2580 vos

2213 2623 2415 2676 timetis
2439 2621 2508 2674 ab
2536 2629 2661 2674 ante
2683 2619 2874 2674 faciem
2905 2619 3046 2688 ejus,
3075 2621 3142 2685 ὶι(
3167 2619 3238 2672 ibi
3271 2618 3294 2684 1
3327 2618 3564 2672 inveniet
3591 2631 3689 2672 vos
3715 2620 3786 2686 >3:

2213 2713 2265 2766 in
2296 2722 2438 2766 terra
2481 2713 2502 2782 1
2532 2711 2782 2782 Egypti;
2817 2721 2873 2767 et
2905 2711 3098 2776 fames,
3132 2711 3288 2782 cujus
3309 2725 3408 2765 vos
3436 2711 3576 2765 ratio
3607 2711 3674 2781 (ε)
3699 2721 3788 2765 est
3825 2697 3828 2700 ’

2211 2803 2365 2858 vobis
2393 2803 2452 2873 (ι)
2484 2804 2554 2858 ab
2575 2814 2698 2858 ante
2719 2803 2910 2858 faciem
2937 2803 3076 2872 ejus,
3105 2805 3174 2870 Ἀ(
3207 2803 3276 2858 ibi
3310 2803 3332 2871 1
3373 2801 3452 2872 (ιι)
3484 2803 3786 2871 apprehen-

2211 2897 2302 2952 det
2333 2911 2428 2950 vos
2457 2895 2508 2949 in
2538 2893 2790 2966 Egypto,
2831 2905 2884 2950 et
2913 2896 2984 2950 ibi
3031 2895 3360 2958 moriemini,
3399 2895 3484 2948 17.
3521 2894 3588 2949 Et
3625 2905 3788 2950 erunt

2211 3001 2403 3041 omnes
2425 2985 2549 3050 viri,
2571 2985 2662 3055 qui
2693 2994 2996 3054 posuerunt
3028 2985 3221 3040 faciem
3241 2999 3394 3040 suam
3433 2987 3496 3052 κ(
3512 2985 3577 3039 ad
3603 2985 3790 3055 ingre-

2571 3060 2626 3131 i'n
2662 3087 2864 3131 terram
2911 3077 3152 3148 Egypti,
3193 3078 3258 3132 ad
3297 3076 3656 3131 habitandum
3685 3079 3784 3142 ibi,

2189 3167 2462 3248 deﬁcient
2495 3169 2548 3222 in
2578 3167 2779 3238 gladio,
2807 3169 2936 3222 etin
2969 3166 3132 3235 fame,
3171 3169 3237 3236 >ί<
3267 3177 3320 3222 et
3346 3168 3424 3238 (at)
3449 3168 3501 3220 in
3537 3179 3711 3222 morte
3733 3171 3784 3237 1,

2211 3271 2264 3315 et
2301 3274 2409 3314 non
2435 3260 2538 3313 erit
2575 3275 2639 3314 ex
2684 3260 2766 3314 eis
2805 3273 2872 3313 ne
2910 3259 3127 3328 quidem
3171 3259 3336 3314 homo
3363 3261 3440 3330 (yl
3461 3270 3515 3315 et
3551 3276 3658 3314 non
3689 3263 3786 3331 qui

2211 3353 2406 3407 evadet
2429 3369 2459 3406 a
2490 3352 2669 3416 malis,
2693 3367 2816 3421 qua:
2840 3367 2940 3422 ego
2965 3353 3162 3407 induco
3192 3367 3354 3422 super
3377 3367 3492 3409 eos.
3527 3353 3611 3406 18.
3643 3354 3787 3419 Quia

2211 3446 2291 3496 sic
2308 3443 2444 3496 dixit
2475 3441 2737 3496 Dominus
2761 3441 3026 3496 virtutum
3059 3441 3200 3498 Deus
3234 3441 3448 3498 lsraelis
3484 3462 3497 3498 :
3531 3444 3684 3498 Sicut
3709 3445 3786 3515 (ι)

2211 3533 2434 3588 stillavit
2467 3532 2619 3587 furor
2651 3549 2826 3598 meus,
2869 3535 2938 3602 ῖς(
2975 3541 3028 3588 et
3069 3534 3144 3587 ira
3185 3549 3305 3589 mea
3352 3536 3375 3604 1
3427 3551 3590 3604 super
3639 3535 3789 3590 habi-

2212 3633 2390 3678 tantes
2436 3624 2489 3677 in
2519 3622 2842 3690 Jerusalem,
2878 3625 2962 3680 sic
2999 3625 3224 3680 stillabit
3246 3625 3406 3683 furor
3431 3641 3586 3682 meus
3621 3637 3814 3696 super'

2210 3730 2330 3781 vos,
2364 3730 2488 3771 cum
2515 3715 2741 3785 ingressi
2767 3717 2903 3770 estis
2932 3717 2984 3770 in
3013 3715 3308 3787 Egyptum
3333 3732 3347 3768 :
3380 3725 3434 3772 et
3449 3719 3604 3772 eritis
3625 3718 3704 3790 (α)
3729 3721 3785 3774 in

2209 3806 2554 3871 deletionem,
2584 3817 2639 3860 et
2679 3806 2927 3877 subjecti,
2949 3816 3004 3862 et
3035 3807 3088 3860 in
3131 3809 3584 3874 maledictionem,
3621 3821 3676 3866 et
3727 3811 3786 3865 in

2210 3899 2607 3969 opprobrium,
2675 3907 2729 3952 et
2787 3913 2896 3954 non
2979 3899 3232 3956 videbitis
3301 3901 3537 3970 amplius
3601 3903 3784 3957 locum

2211 3989 2376 4054 hunc,
2440 3990 2521 4044 l9.
2585 3987 2680 4059 (b)
2739 3990 2881 4058 quod
2939 3989 3150 4046 locutus
3211 3999 3296 4046 est
3353 3990 3614 4048 Dominus
3690 4010 3790 4049 su-

2211 4093 2305 4146 per
2346 4093 2442 4134 vos
2484 4077 2732 4134 residuos
2749 4076 2921 4143 ludar,
2959 4095 3028 4134 ne
3061 4080 3434 4150 ingrediamini
3491 4082 3545 4136 in
3589 4081 3793 4154 Egyp-

2209 4179 2324 4226 tum
2392 4189 2406 4224 :
2480 4178 2535 4226 et
2599 4187 2749 4226 nunc
2825 4172 3206 4242 cognoscendo
3272 4175 3655 4243 cognoscetis,
3717 4179 3790 4243 Χ

2194 4253 2354 4332 ’(ιυοιί
2387 4271 2728 4316 contestatus
2757 4277 2878 4316 sum
2901 4277 2997 4317 vos
3019 4263 3179 4318 hodie
3203 4281 3218 4330 ;
3245 4263 3317 4318 20
3345 4267 3474 4335 quia
3499 4269 3522 4335 1
3551 4268 3622 4338 (ιτ)
3649 4269 3792 4323 male

2209 4351 2415 4407 fecistis
2449 4351 2500 4405 in
2535 4353 2732 4407 animis
2758 4353 2974 4417 vestris,
3009 4357 3076 4422 ξ(
3108 4355 3201 4424 qui
3237 4371 3336 4409 vos
3373 4357 3394 4425 1
3433 4357 3666 4413 misistis
3699 4375 3790 4414 me

536 4463 602 4518 ad
645 4477 746 4516 nos
777 4459 850 4514 ita
875 4457 1186 4513 fecerimus.
1217 4454 1270 4510 6.
1315 4454 1439 4510 Sive
1477 4454 1702 4518 bonum,
1736 4453 1850 4508 sive
1880 4453 2104 4517 malum,
2140 4424 2188 4484 θ
2213 4447 2278 4500 ad
2329 4445 2618 4500 Dominum
2655 4446 2822 4499 Deum
2867 4455 3132 4512 vestrum,
3175 4448 3416 4504 dicentes
3454 4467 3470 4506 :
3529 4449 3638 4505 Ora
3686 4467 3788 4520 pro

535 4569 726 4610 vocem
781 4550 998 4606 Domini
1031 4548 1130 4604 Dei
1183 4549 1380 4610 nostri,
1417 4561 1578 4616 quem
1603 4560 1704 4600 nos
1740 4545 2006 4599 mittimus
2059 4551 2110 4596 te

539 4649 606 4714 ῖς(
639 4644 707 4700 ad
737 4658 862 4700 eum
911 4644 971 4711 1,
1003 4641 1307 4705 audiemus,
1343 4647 1404 4692 ut
1433 4639 1629 4693 melius
1657 4638 1750 4692 ﬁat
1778 4635 1934 4690 nobis
1961 4635 2109 4704 ,quia

537 4736 824 4791 audiemus
857 4749 1044 4791 vocem
1079 4732 1296 4786 Domini
1343 4729 1437 4784 Dei
1473 4728 1667 4783 nostri.
1709 4727 1759 4779 7.
1795 4725 1862 4780 Et
1908 4725 2111 4781 factum

537 4837 624 4882 est
653 4837 775 4897 post
804 4829 990 4882 decem
1019 4825 1159 4889 dies,
1195 4823 1396 4878 factum
1434 4829 1518 4876 est
1555 4820 1778 4875 verbum
1811 4817 2024 4872 Domini
2047 4818 2114 4872 ad

535 4919 852 4975 Jeremiam.
883 4919 936 4973 8.
983 4919 1046 4972 Et
1072 4916 1286 4970 vocavit
1319 4913 1394 4983 (It)
1425 4912 1671 4967 Johanan
1703 4913 1769 4978 ):(
1803 4908 1968 4964 ﬁlium
2003 4908 2109 4962 Co-

537 5011 634 5068 rah
665 5011 712 5082 1,
738 5011 870 5078 clx
888 5023 1078 5063 omnes
1107 5007 1130 5076 1
1156 5006 1427 5078 principes
1454 5003 1758 5075 potestatis,
1787 5005 1854 5070 >κ
1873 5001 2106 5072 quicum

611 5193 680 5263 (ε)
720 5191 862 5263 ﬁlius
900 5187 1209 5263 Nathanite;
1301 5185 1378 5255 (ά)
1420 5183 1678 5263 Infantes.

2212 4537 2372 4592 nobis
2389 4538 2454 4590 ad
2482 4536 2773 4591 Dominum
2805 4537 2972 4593 Deum
2995 4549 3243 4594 nostrum
3275 4559 3290 4594 :
3315 4551 3372 4595 et
3395 4541 3549 4611 juxta
3576 4545 3785 4608 omnia,

2210 4643 2334 4699 qua:
2374 4629 2590 4684 locutus
2631 4627 2798 4684 fuerit
2831 4630 2926 4686 tibi
2973 4632 3233 4687 Dominus
3279 4630 3422 4686 Deus
3469 4641 3674 4698 noster,
3707 4635 3792 4690 sie

2213 4722 2476 4776 ammntia
2531 4722 2711 4789 nobis,
2769 4733 2824 4778 et
2875 4723 3162 4778 faciemus.
3215 4723 3306 4776 21.
3359 4725 3422 4778 Ει
3463 4727 3789 4781 annuutiavi

2214 4813 2370 4867 vobis
2423 4812 2604 4877 hodie,
2648 4823 2702 4868 et
2755 4829 2863 4868 non
2903 4815 3189 4870 audivistis
3227 4829 3410 4869 vocem
3447 4814 3659 4869 Domini
3693 4815 3790 4871 Dei

2217 4905 2400 4968 vestri,
2422 4907 2488 4970 )s(
2505 4914 2556 4958 et
2578 4903 2732 4974 juxta
2757 4906 2938 4960 omnia
2955 4907 3003 4975 1,
3021 4922 3144 4976 quae
3179 4908 3330 4962 misit
3355 4923 3441 4963 me
3468 4909 3536 4962 ad
3567 4925 3667 4964 vos
3685 4909 3789 4980 (ά).

2214 4999 2304 5054 22.
2344 4998 2408 5052 Ει
2442 5003 2671 5068 nutth
2707 4999 2889 5056 fuistis
2911 5011 3334 5068 cognoscentes,
3358 5002 3503 5071 quod
3537 5003 3558 5071 1
3597 5003 3650 5056 in
3675 5003 3792 5074 gla-

1784 5183 1855 5256 (ᾳ)
1899 5183 1996 5256 Α.,
2049 5182 2319 5256 abierunt,
2378 5191 2432 5235 et
2479 5181 2735 5256 sederunt
2788 5179 2841 5234 in
2877 5180 3146 5256 maceriis
3189 5179 3511 5256 Chamoabi,
3547 5197 3672 5250 qua:
3723 5199 3791 5236 ex

539 5251 770 5317 adverso
805 5260 1135 5315 Bethlehem.
1170 5257 1254 5315 S..
1309 5251 1432 5310 eum
1489 5251 2138 5320 abiissent,'babitarunt
2185 5253 2239 5306 in
2289 5251 2840 5321 peregrinationibus,
2877 5251 3048 5321 inea,
3073 5267 3199 5321 qua:
3225 5251 3682 5321 Chamoab,qu:e
3723 5270 3791 5307 ex

540 5332 770 5387 adverso
809 5331 1144 5386 Bethlehetn.
1221 5329 1288 5398 (ι’)
1339 5326 1730 5398 llanauize,_et
1777 5323 1971 5398 Azaria
2024 5321 2186 5398 ﬁlius.
2266 5322 2342 5390 (g)
2377 5319 2468 5384 Α..
2509 5319 2592 5398 S._,
2643 5335 2852 5398 verum.

1599 5396 1660 5466 (ι)
1700 5397 1789 5460 Α.,
1827 5389 2481 5466 adservanduqvos,_el
2509 5391 2586 5466 ad
2623 5389 2998 5466 redimendum
3030 5406 3144 5466 vos.

537 5461 591 5526 et
621 5461 808 5526 sedere
831 5461 1026 5542 faciam
1055 5485 1197 5542 vos;
1250 5469 1444 5542 (o)_A.,
1489 5465 1570 5526 8.,
1610 5461 1744 5542 non,
1776 5465 1870 5518 sed
1899 5465 1952 5542 in
1979 5473 2182 5542 terrain
2200 5461 2475 5542 IEgvpti_._
2519 5463 2598 5542 (μὶ
2631 5461 3056 5542 A.,‘S_.,-eernnu._

1928 5533 1994 5602 (ε)
2022 5532 2113 5592 Α..
2145 5532 2228 5595 8.,
2263 5529 2476 5585 selliciti
2498 5533 2653 5586 estis.
2731 5531 2796 5602 (ι)
2823 5531 2904 5584 Ad
2947 5529 3288 5602 fugiendum.

2056 5604 2132 5672 (y)
2164 5603 2252 5666 A.,
2279 5602 2554 5664 residuus,
2586 5611 2640 5655 et
2672 5601 2878 5672 salvus.

541 5401 610 5474 (lc;
648 5404 737 5474 Α.,
774 5401 855 5474 S.,
891 5402 1018 5474 quia
1049 5398 1360 5474 satisfactus
1376 5413 1518 5474 sum;

540 5545 605 5596 all
635 5557 758 5596 esse
789 5541 1122 5610 peregrinos.
1159 5537 1342 5610 S.,’ad
1364 5537 1848 5610 commorandum.

541 5605 824 5672 tinabitur,
857 5605 1232 5665 adhaerescens
1256 5608 1429 5661 vobis.
1507 5607 1584 5676 (τ)
1619 5605 1700 5669 8.,
1721 5606 1774 5658 in
1803 5615 1973 5673 peste.

541 5671 996 5742 Inaledictionem,
1029 5689 1082 5733 et
1111 5681 1164 5734 in
1189 5679 1399 5740 sterile,
1445 5671 1574 5733 etin
1597 5671 2021 5742 execrationem,
2059 5671 2110 5729 et
2142 5677 2193 5728 in
2209 5671 2585 5742 Opprobrium.

540 5751 616 5822 td}
648 5751 714 5806 Ut
745 5751 1114 5819 paenitentiam
1146 5750 1338 5820 agatis.

2932 5319 3009 5390 (Ιι)
3059 5320 3314 5375 Jeretnia.
3391 5323 3455 5386 (ἰ)
3515 5319 3788 5376 vestram.

3224 5391 3318 5462 (ut)
3351 5391 3506 5460 Ejus.
3585 5393 3663 5462 (ιιι
3697 5393 3789 5450 Α..

3133 5463 3207 5529 (ql
3239 5461 3360 5514 llzec
3381 5462 3528 5515 dicit.
3597 5461 3678 5530 (ι’)
3703 5465 3788 5524 Α.,

3373 5533 3450 5599 (u)
3481 5532 3566 5596 8.,
3600 5533 3792 5600 agglu-

2977 5601 3051 5668 (π.)
3073 5601 3164 5665 Α.,
3187 5599 3394 5655 effusus
3415 5611 3498 5656 est
3599 5599 3787 5667 (σῇ-1.,

2665 5671 2741 5742 (b)
2777 5669 2859 5732 S.,
2897 5670 3142 5724 verbum.
3221 5672 3292 5742 (ε)
3332 5671 3422 5736 Α.,
3465 5671 3788 5726 seduxistis.

2631 5461 2719 5525 A.,
2748 5459 2829 5524 8.,
2859 5475 3050 5514 cornu.

2707 6215 4066 6716 Ἶ-
