4102 6278
424 370 566 426 23375

1591 372 1817 428 CODEX
1861 370 2528 426 SYRO-IIEXAPL.\R'S.

3533 377 3676 430 2376

426 501 591 554 super
615 486 928 544 habitantes
956 491 1090 558 Xin
1119 501 1262 546 terra
1293 493 1316 562 1
1351 491 1594 563 .Egypti,
1614 493 1755 548 sicut
1777 493 1994 548 visitavi
2029 497 2072 552 Α
2102 493 2168 548 ad
2193 493 2474 548 libandum
2505 492 2556 544 ei
2589 491 2846 546 libamina
2877 509 2889 546 :
2921 491 2996 562 ῥα)
3023 493 3386 563 permanendo
3417 509 3672 562 perman-

427 593 594 646 super
618 576 939 646 Ieru~alem,
967 583 1020 637 in
1043 584 1246 654 gladio,
1268 593 1321 638 et
1343 585 1395 640 in
1427 583 1592 648 fame,
1623 596 1677 640 et
1705 586 1758 640 in
1785 595 1957 640 morte
1983 602 1996 636 :

391 697 396 700 -
429 667 518 723 14.
560 667 636 738 (q)
671 679 726 728 et
755 687 866 728 non
895 673 1193 730 salvabitur
1215 689 1284 730 ne
1320 673 1540 744 quidem
1580 676 1742 732 homo
1781 692 1848 731 ex
1883 677 2002 730 reli-

427 759 571 827 quiis
597 758 770 826 Iuda,
795 763 888 831 qui
912 773 1320 822 commorantur
1337 767 1405 835 .x
1431 765 1504 820 ibi
1535 767 1560 836 1
1589 765 1642 822 in
1670 775 1814 822 terra
1833 766 2000 838 Egyv

428 849 530 918 pti,
561 849 628 904 ad
659 851 1014 920 redeundum,
1071 856 1128 908 in
1183 865 1384 911 terram
1435 856 1612 922 ludat,
1638 873 1802 927 super
1835 873 1996 928 quam

429 941 530 1008 ipsi
566 953 784 1010 sperant
818 945 1103 1002 animabus
1133 949 1246 1002 suis
1291 949 1358 1002 ad
1388 950 1788 1014 revertemlum,
1832 949 1896 1004 ad
1931 951 1998 1018 Ἀ(

370 1085 372 1088 τ
429 1027 788 1086 habitandum
813 1033 834 1100 1
862 1033 968 1087 ibi:
995 1049 1101 1088 non
1133 1044 1491 1103 revertentur,
1521 1038 1592 1105 (r)
1619 1038 1726 1092 nisi
1755 1039 1846 1107 qui
1872 1054 2002 1092 cva-

428 1118 622 1174 serint.
648 1120 738 1178 15.
769 1123 831 1176 Et
853 1127 1254 1195 responderunt
1277 1127 1526 1184 Ieremia:
1548 1142 1737 1182 omnes
1757 1128 1879 1192 viri,
1906 1129 1999 1198 qui

428 1219 724 1276 noverunt,
753 1213 896 1282 quod
931 1215 1208 1270 adolerent
1231 1217 1484 1272 mulieres
1513 1232 1704 1274 eorum
1731 1219 1838 1276 diis
1853 1220 1996 1284 aliis,

427 1308 482 1354 et
513 1316 704 1356 omnes
736 1304 992 1359 mulieres
1027 1307 1096 1374 Χ
1130 1315 1340 1362 stantes
1373 1309 1434 1378 1,
1457 1317 1631 1364 coetus
1663 1324 1914 1378 magnus,
1945 1318 2000 1364 et

428 1392 610 1448 oinuis
634 1393 866 1460 populus
893 1395 1145 1452 sedentes
1167 1397 1220 1452 in
1248 1406 1390 1454 terra
1413 1397 1632 1472 Egypti
1665 1399 1718 1452 in
1743 1399 2000 1462 Patbros,

427 1483 672 1540 dicentes
701 1501 718 1538 :
753 1485 820 1540 16
853 1486 1110 1553 Verbum,
1147 1491 1290 1560 quod
1334 1492 1548 1546 locutus
1571 1499 1630 1546 es
1661 1491 1730 1546 ad
1767 1507 1867 1546 nos
1899 1507 1999 1548 no-

427 1577 574 1629 mitte
605 1575 840 1644 Domini,
895 1595 1004 1634 non
1036 1581 1324 1636 audiemus
1357 1591 1442 1650 te;
1487 1583 1576 1638 17.
1610 1583 1874 1654 quoniam
1919 1582 2000 1640 fa-

428 1667 624 1724 ciendo
655 1667 916 1725 faciemus
945 1685 1109 1728 omne
1144 1673 1395 1736 verbum,
1427 1675 1569 1743 quod
1607 1673 1774 1730 exibit
1805 1689 1874 1730 ex
1903 1689 1999 1728 ore

429 1771 644 1828 nostro,
679 1764 749 1820 ad
777 1765 1106 1822 adoleudum
1133 1767 1330 1837 regina:
1357 1769 1507 1834 caeli,
1527 1771 1582 1822 ‘et
1617 1768 1682 1822 ad
1719 1768 1994 1824 libandum

426 1855 474 1907 ei
516 1855 796 1924 libamina,
829 1859 976 1928 quod
1011 1857 1238 1914 fecimus
1263 1875 1384 1926 nos,
1413 1869 1467 1915 et
1495 1871 1678 1930 patres
1705 1860 1900 1926 nostri,
1942 1870 1994 1916 et

429 1960 586 2013 reges
625 1948 816 2011 nostri,
850 1955 904 2002 et
925 1949 1199 2019 principes
1239 1951 1430 2016 nostri,
1480 1953 1532 2004 in
1567 1950 1796 2006 urbibus
1821 1949 1996 2019 Iudze,

427 2037 498 2107 (δ)
527 2046 582 2092 et
611 2047 758 2094 extra
785 2035 1086 2096 Jerusalem
1121 2057 1134 2094 :
1175 2049 1232 2096 et
1257 2040 1480 2098 saturati
1523 2055 1716 2096 sumus
1741 2041 1993 2112 panibus,

425 2139 482 2182 ct
515 2126 642 2184 facti
677 2144 868 2186 sumus
911 2130 1066 2196 boni,
1107 2139 1162 2188 et
1201 2131 1344 2186 mala
1381 2145 1490 2186 non
1521 2131 1777 2187 vidimus.
1811 2131 1896 2188 18.
1933 2131 1997 2186 Et

425 2233 550 2280 cum
581 2219 920 2276 cessavimus
947 2218 1228 2276 adolentes
1251 2220 1449 2292 reginae
1469 2221 1612 2288 creti,
1648 2224 1716 2290 x
1744 2232 1798 2278 et
1830 2222 1997 2280 libare

425 2309 473 2364 ci
507 2309 770 2366 libamina
801 2311 864 2380 1,
908 2310 1184 2366 imminuti
1225 2327 1418 2367 sumus
1449 2327 1662 2376 omnes.
1709 2324 1763 2368 et
1797 2313 1856 2368 in
1883 2315 1996 2386 gla-

425 2397 539 2461 dio,
571 2407 626 2452 et
653 2399 710 2454 in
737 2399 876 2452 fame
917 2401 1242 2457 defecimus.
1277 2401 1362 2456 19.
1394 2401 1459 2456 Et
1494 2403 1640 2474 quod
1675 2418 1777 2458 uos
1807 2405 1996 2458 adole-

427 2503 550 2544 mus
583 2490 782 2560 reginae
811 2491 956 2558 cmli,
987 2493 1295 2550 etlibamus
1316 2495 1364 2550 ei
1400 2495 1682 2562 libamina,
1715 2513 1844 2552 num
1879 2497 1996 2554 sine

426 2581 556 2636 viris
573 2582 776 2638 nostris
787 2582 1018 2642 fecimus
1033 2585 1082 2639 ei
1099 2586 1396 2655 placentas,
1421 2591 1488 2656 Ἃ(
1512 2589 1580 2658 (ι)
1595 2597 1648 2642 et
1663 2590 1836 2644 sobba
1859 2591 1922 2660 (‘)
1947 2591 1994 2660 ζ,

423 2680 478 2726 et
507 2671 796 2729 libavimus
815 2674 862 2728 ei
899 2675 1198 2732 libamina?
1226 2677 1316 2734 20.
1343 2679 1406 2733 Et
1433 2680 1568 2734 dixit
1589 2678 1824 2736 Ieremia
1848 2684 1996 2736 omni

427 2763 648 2831 populo,
678 2765 756 2836 (τι)
787 2769 1118 2835 potentibus,
1155 2779 1208 2823 et
1243 2770 1583 2838 mulieribus,
1621 2783 1673 2828 et
1707 2773 1856 2826 omni
1899 2789 1999 2844 po-

426 2855 580 2925 pulo,
611 2858 708 2927 qui
731 2861 1136 2930 responderunt
1158 2861 1208 2916 ei
1239 2863 1426 2928 verba,
1454 2864 1646 2920 dicens
1674 2884 1686 2919 :
1717 2865 1778 2920 21
1807 2864 1998 2922 Nonne

426 2959 755 3014 aromatum,
772 2965 892 3020 quae
905 2951 1219 3010 adolevistis
1239 2954 1296 3012 in
1313 2956 1542 3012 urbibus
1564 2956 1738 3025 Iuda},
1763 2969 1818 3014 et
1843 2972 1998 3018 extra

423 3035 748 3105 Jerusalem,
785 3056 906 3108 vos,
937 3053 986 3098 et
1023 3053 1205 3113 patres
1243 3046 1427 3112 vestri,
1460 3055 1514 3102 et
1549 3065 1703 3122 reges
1731 3052 1920 3116 vestri,
1943 3061 1998 3106 et

2103 584 2250 638 sistis
2289 583 2342 637 iu
2377 581 2818 638 confessionibus
2850 583 3066 648 vestris,
3105 592 3158 638 et
3189 582 3436 638 faciendo
3465 583 3672 640 fecistis

2100 686 2228 729 vota
2259 683 2460 731 vestra.
2511 673 2604 726 26.
2653 672 2876 742 Propter
2915 674 3017 729 hoc
3050 675 3234 730 audite
3273 675 3496 730 verbum
3559 677 3670 730 Do-

2103 766 2234 819 mini
2260 767 2440 822 omnis
2465 763 2676 830 Iudaea,
2709 765 2959 822 sedentes
2989 765 3044 819 in
3068 775 3214 820 terra
3246 763 3464 838 .ﬁgypti
3494 787 3506 818 :
3533 767 3668 822 Ecce

2096 854 2276 925 juravi
2322 855 2374 908 in
2429 853 2647 908 nomine
2691 866 2814 910 meo
2867 867 3084 922 magno,
3129 853 3260 908 dicit
3316 855 3670 911 Dominus-tr

2104 948 2246 1000 Deus
2277 947 2336 1015 1,
2372 946 2416 1000 si
2450 945 2552 1000 erit
2583 945 2818 1014 amplius
2845 959 3038 999 nomen
3068 959 3246 999 meum
3277 947 3668 1013 Xinvocatum

2106 1037 2203 1106 1in
2243 1051 2337 1092 ore
2361 1035 2542 1090 omnis
2565 1038 2635 1104 Χ
2675 1035 2774 1088 viri
2810 1037 2832 1104 1
2871 1033 3025 1089 Iudae
3053 1035 3120 1090 ad
3155 1036 3441 1090 dicendum
3471 1055 3485 1092 :
3527 1035 3672 1092 Vivit

2101 1128 2367 1182 Dominus
2403 1127 2668 1182 Dominus
2693 1126 2746 1180 in
2775 1127 2924 1180 omni
2960 1135 3104 1181 terra
3135 1126 3374 1198 Egypti.
3403 1127 3496 1182 27.
3521 1126 3671 1194 Quo-

2100 1219 2250 1274 niam
2286 1233 2416 1274 ecce
2447 1232 2550 1288 ego
2579 1215 2798 1286 vigilavi
2838 1231 3000 1286 super
3027 1231 3144 1281 eos,
3175 1217 3248 1272 ad
3286 1217 3428 1272 male
3465 1216 3672 1274 faciem

2099 1309 2228 1364 dum
2255 1309 2356 1374 eis,
2375 1315 2430 1362 et
2455 1321 2564 1360 non
2585 1307 2653 1360 ad
2678 1307 2812 1360 bene
2836 1304 3140 1362 faciendum
3167 1317 3258 1362 :et
3277 1318 3670 1364 consumeutur

2099 1402 2282 1458 omnis
2319 1403 2387 1468 Χ
2415 1399 2500 1453 vir
2530 1397 2686 1454 Iudae
2718 1399 2782 1468 1,
2807 1398 2902 1468 qui
2923 1411 2985 1452 σε·
3016 1398 3322 1456 habitantes
3364 1400 3388 1468 1
3414 1400 3466 1452 in
3523 1409 3668 1455 terra

2101 1489 2346 1561 Egypti,
2383 1489 2440 1542 in
2475 1486 2676 1556 gladio,
2717 1495 2772 1540 et
2823 1485 2878 1540 iu
2925 1483 3092 1550 fame,
3131 1486 3306 1542 donec
3346 1484 3666 1542 defecerint.

2097 1582 2186 1637 28.
2223 1581 2284 1634 Ει
2314 1579 2406 1649 qui
2441 1577 2716 1632 evaserint
2743 1591 2770 1629 a
2805 1576 3006 1646 gladio,
3045 1584 3385 1630 revertentur
3417 1593 3484 1632 ex
3525 1587 3666 1632 terra

2099 1671 2337 1742 Aigypti,
2365 1671 2422 1722 in
2442 1680 2642 1724 terram
2669 1665 2839 1728 Imbe,
2866 1668 2932 1734 >ε<
2956 1666 3056 1718 viri
3089 1667 3114 1736 1
3147 1668 3308 1734 pauci
3335 1681 3586 1733 numero,
3615 1680 3672 1720 et

2099 1767 2430 1830 cognoscent
2457 1773 2652 1814 omnes
2685 1755 2886 1812 residui
2913 1754 3065 1810 Iuda:
3092 1755 3164 1826 (b)
3191 1757 3286 1826 qui
3313 1771 3664 1812 commoran-

2031 1827 2071 1880 Β
2099 1827 2192 1906 tur
2219 1852 2272 1906 in
2297 1860 2441 1906 terra
2465 1847 2706 1922 Egypti,
2737 1848 2802 1902 ad
2837 1846 3190 1902 habitandum
3215 1847 3312 1912 ibi,
3343 1849 3409 1915 Χ
3441 1850 3670 1902 verbum

2097 1943 2253 2013 cujus
2291 1940 2658 2012 permanebit,
2696 1954 2724 1992 a
2765 1953 2870 2004 me,
2913 1946 3008 1992 aut
3029 1938 3097 1992 ab
3126 1938 3206 1994 eis
3237 1939 3289 2008 1,
3324 1939 3414 1996 29.
3457 1940 3521 1992 Et
3562 1941 3670 1994 hoc

2095 2031 2254 2085 vobis
2311 2030 2550 2098 signum,
2588 2027 2720 2082 dicit
2761 2027 3046 2090 Dominus,
3074 2028 3200 2097 quia
3273 2027 3508 2082 visitabo
3565 2043 3668 2096 ego

2097 2137 2260 2191 super
2287 2136 2385 2176 vos
2414 2124 2481 2190 >ε<
2521 2120 2572 2174 in
2603 2120 2723 2174 loco
2755 2119 2858 2174 hoc
2883 2116 2980 2188 (c),
3013 2126 3073 2172 ut
3109 2117 3315 2184 sciatis,
3353 2119 3496 2188 quod
3535 2133 3671 2172 con-

2098 2214 2340 2270 sisteudo
2371 2212 2673 2268 consistant
2709 2211 2871 2266 verba
2905 2223 3022 2264 mea
3052 2225 3213 2279 super
3237 2223 3334 2266 vos
3372 2211 3395 2279 1
3427 2212 3478 2264 in
3503 2214 3666 2268 mala.

2096 2307 2185 2361 '50.
2213 2305 2301 2360 Sic
2325 2305 2462 2362 dixit
2487 2303 2748 2360 Dominus
2781 2321 2795 2358 :
2821 2301 2960 2358 Ecce
2988 2319 3088 2372 ego
3108 2303 3182 2358 do
3223 2303 3562 2361 Pharaonem
3587 2307 3672 2376 (ά)

2097 2399 2333 2468 Ophram
2377 2411 2555 2466 regem
2589 2395 2808 2466 {Egypti
2857 2397 2910 2450 in
2948 2411 3146 2450 manus
3188 2396 3398 2452 inimici
3427 2397 3568 2467 ejus,
3611 2409 3670 2453 et

2097 2487 2156 2542 iu
2197 2501 2395 2540 manus
2432 2486 2790 2556 quaerentium
2815 2486 3054 2540 animam
3079 2484 3225 2556 ejus,
3255 2486 3399 2542 sicut
3419 2487 3542 2542 dedi
3566 2489 3670 2544 Se-

2095 2578 2304 2632 deeiam
2341 2592 2522 2646 regem
2556 2574 2708 2630 Iuda:
2745 2577 2814 2654 in.
2851 2593 3071 2632 manum
3113 2577 3670 2636 Nabuchodonosoris

2099 2673 2244 2744 regis
2273 2670 2561 2744 Babylonis
2599 2670 2802 2726 inimici
2839 2671 2980 2741 ejus,
3007 2679 3061 2726 et
3093 2675 3386 2743 quaerentis
3427 2673 3666 2727 animam

2099 2767 2238 2836 ejus.

2166 2855 2298 2926 Cap.
2327 2853 2486 2910 XLV.
2519 2885 2588 2896 —-
2613 2856 2666 2910 1.
2705 2855 2963 2920 Verbum,
2995 2856 3136 2926 quod
3173 2856 3392 2912 locutus
3413 2867 3496 2913 est
3522 2857 3669 2914 Iere-

2098 2949 2210 3002 mia
2239 2949 2504 3018 propheta
2529 2947 2594 3002 ad
2627 2947 2838 3002 Baruch
2871 2947 3040 3001 filium
3063 2945 3256 3011 Nerine,
3281 2949 3500 3018 quando
3535 2953 3670 3005 scri-

2097 3038 2202 3108 psit
2237 3039 2396 3094 verba
2434 3039 2550 3092 haec
2575 3037 2628 3091 in
2659 3037 2798 3092 libro
2828 3052 2896 3092 ex
2934 3053 3030 3093 ore
3057 3037 3304 3094 Ieremia:
3333 3039 3404 3109 (ε)
3435 3040 3668 3116 ἱηβηηο

425 3131 704 3202 principes
735 3134 924 3200 vestri,
959 3144 1014 3190 et
1057 3137 1287 3210 populus
1319 3147 1496 3204 arma,
1535 3143 1604 3210 χ
1631 3157 1818 3198 eorum
1849 3144 1876 3214 ξ
1911 3159 1996 3198 re.
2023 3156 2063 3213 ο
2097 3141 2293 3200 quarto
2321 3129 2528 3184 Ioacim
2562 3131 2652 3185 lilii
2684 3129 2850 3186 Iosim
2889 3130 3030 3201 regis
3065 3128 3242 3196 Iudae,
3277 3133 3343 3199 )a:
3373 3131 3612 3200 (licens1
3647 3149 3664 3186 ε

429 3219 686 3280 cordatus
716 3231 800 3278 est
840 3221 1132 3292 Dominus,
1159 3236 1214 3281 et
1241 3229 1484 3284 ascendit
1514 3245 1680 3300 super
1721 3246 1814 3286 cor
1839 3231 1997 3302 ejus?

428 3315 506 3383 (ας)
537 3313 603 3368 Et
646 3329 754 3370 non
793 3316 968 3386 potuit
1001 3315 1264 3374 Dominus
1307 3319 1543 3388 amplius
1579 3319 1720 3378 ferre
1766 3321 1834 3376 ab
1871 3331 1998 3378 ante

428 3405 626 3462 faciem
673 3407 894 3463 malitiae
932 3407 1010 3480 (ῃ)
1045 3424 1272 3479 operum
1297 3421 1626 3478 vestrorum,
1666 3421 1722 3469 et
1751 3416 1820 3470 ab
1859 3417 1995 3470 abo-

427 3498 838 3564 minatiouibus,
866 3514 1002 3568 quas
1028 3499 1232 3556 fecistis
1258 3510 1354 3558 ret
1373 3501 1516 3558 facta
1536 3513 1619 3558 est
1650 3513 1792 3560 terra
1817 3515 1999 3563 vestra

427 3590 481 3644 in
512 3591 897 3656 vastationem,
932 3599 986 3644 et
1017 3590 1074 3644 in
1110 3607 1218 3645 non
1253 3592 1464 3656 tritum,
1491 3601 1546 3646 et
1575 3593 1630 3648 in
1662 3596 1998 3652 maledictio-

428 3697 574 3744 ncm,
608 3685 676 3748 χ
697 3697 763 3736 eo
797 3682 940 3754 quod
969 3697 1074 3736 non
1104 3682 1175 3736 sit
1209 3683 1459 3736 habitans
1489 3683 1544 3752 1,
1579 3685 1722 3739 sicut
1751 3686 1836 3740 die
1871 3687 1995 3753 hoc,

426 3773 517 3830 25.
536 3773 603 3828 ab
627 3782 752 3828 ante
775 3773 964 3828 faciem
989 3788 1200 3839 eorum,
1224 3789 1344 3843 quae
1359 3774 1692 3840 adolevistis,
1710 3783 1760 3828 et
1784 3792 1994 3842 eorum,

428 3881 549 3934 qua:
570 3867 837 3933 peccastis
863 3865 1108 3920 Domino.
1140 3864 1208 3920 Et
1227 3881 1332 3920 non
1355 3865 1641 3920 audivistis
1673 3881 1858 3920 vocem
1895 3867 1997 3920 Do-

428 3955 584 4008 mini.
607 3955 734 4009 etin
763 3955 878 4023 lege
908 3953 1048 4021 ejus,
1071 3955 1194 4008 etin
1221 3955 1500 4024 prazceptis
1529 3955 1648 4023 ejus
1681 3963 1736 4008 et
1759 3957 1812 4008 in
1845 3957 1998 4010 testi-

430 4041 629 4096 moniis
645 4037 767 4109 ejus
789 4055 899 4096 non
928 4053 1014 4092 am
1025 4039 1252 4095 hulaslis
1278 4051 1360 4094 :et
1381 4052 1595 4111 propter
1627 4041 1728 4096 hoc
1749 4053 1994 4096 assecuta

426 4139 668 4188 suntvos
687 4131 830 4186 mala
847 4132 981 4197 haec,
1003 4133 1069 4199 χ(
1088 4131 1230 4186 sicut
1245 4132 1330 4185 die
1351 4133 1451 4186 hoc
1471 4133 1516 4202 1.
1539 4132 1607 4186 24
1627 4131 1687 4186 Ει
1704 4133 1838 4188 dixit
1855 4131 1998 4188 Iere-

427 4223 534 4277 mia
565 4222 713 4276 omni
750 4223 970 4294 populo,
992 4223 1058 4290 >κ
1092 4235 1147 4276 et
1171 4223 1466 4294 omnibus1
1508 4225 1856 4280 mulieribus:
1880 4229 1994 4279 Au-

425 4311 538 4366 dite
561 4311 784 4367 verbum
802 4309 1035 4377 Domini,
1061 4314 1127 4380 >ί<
1147 4315 1324 4367 omnis
1339 4311 1544 4378 Iudaea,
1559 4315 1652 4383 qui
1671 4313 1723 4368 in
1742 4325 1884 4370 terra
1901 4315 1996 4369 1E-

425 4405 570 4474 gypti
595 4405 641 4474 1.
667 4403 760 4459 25.
793 4402 884 4458 Sic
904 4403 1038 4459 dixit
1065 4404 1326 4460 Dominus
1344 4407 1606 4460 virtutum
1637 4405 1779 4462 Deus
1819 4409 1996 4464 Israe-

2095 3224 2150 3277 2.
2175 3223 2266 3280 Sic
2289 3223 2425 3277 dixit
2454 3221 2720 3278 Dominus
2739 3222 2880 3278 Deus
2904 3223 3113 3278 lsraclis
3137 3237 3300 3291 super
3323 3233 3393 3286 te,
3415 3221 3662 3278 Baruch:

2097 3315 2149 3369 5.
2184 3311 2376 3368 Dixisti
2429 3333 2442 3368 :
2492 3313 2586 3369 Vae
2635 3314 2789 3378 mihi,
2851 3329 2930 3368 vae
2971 3313 3142 3381 mihi;
3200 3313 3334 3384 quia
3382 3311 3666 3378 addidisti,

2096 3403 2342 3470 Domine,
2377 3405 2441 3476 (Γ)
2466 3405 2705 3461 laborem
2751 3419 2915 3476 super
2958 3405 3200 3460 dolorem
3241 3421 3422 3458 meum
3475 3423 3488 3459 :
3533 3405 3670 3458 dor-

2097 3497 2226 3550 mivi
2285 3497 2337 3550 in
2384 3497 2655 3566 suspiriis,
2713 3505 2766 3552 et
2813 3497 3058 3566 requiem
3100 3512 3208 3550 non
3241 3497 3442 3552 inveni.
3492 3498 3544 3553 4.
3573 3499 3670 3552 Sic

2097 3589 2184 3644 dic
2233 3589 2282 3643 ei
2333 3605 2348 3642 :
2403 3587 2495 3642 Sic
2543 3587 2679 3642 dixit
2723 3588 2983 3643 Dominus
3027 3607 3039 3642 :
3090 3587 3228 3643 Ecce
3277 3589 3351 3660 (g)
3387 3589 3502 3643 haec
3539 3605 3670 3658 quae

2096 3677 2377 3742 azdilicavi,
2430 3691 2530 3746 ego
2559 3675 2860 3741 destruam,
2907 3685 2962 3731 et
2993 3677 3070 3743 (ἡ)
3099 3679 3211 3732 lucc
3242 3693 3361 3746 quae
3397 3678 3668 3746 plantavi,

2097 3785 2196 3839 ego
2228 3768 2475 3830 evellam,
2509 3769 2576 3836 >ε<
2598 3775 2652 3822 et
2683 3781 2899 3822 omnem
2933 3777 3130 3821 terram
3165 3767 3355 3836 illam1
3395 3786 3408 3822 :
3443 3767 3495 3821 5.
3523 3777 3578 3821 et
3603 3779 3666 3824 tu

2097 3874 2307 3929 quaeres
2343 3859 2438 3912 tibi
2470 3858 2708 3930 magna?
2744 3873 2812 3912 ne
2850 3874 3095 3928 quaeras;
3135 3859 3262 3928 quia
3299 3873 3426 3913 ecce
3453 3873 3554 3930 ego
3580 3861 3672 3913 in-

2097 3951 2237 4004 duco
2270 3950 2408 4003 mala
2457 3965 2617 4020 super
2654 3963 2869 4002 omnem
2906 3963 3144 4012 carnem,
3171 3949 3304 4002 dicit
3340 3947 3608 4004 Dominus
3648 3967 3665 4005 :

2097 4050 2151 4096 et
2183 4042 2324 4096 dabo
2376 4043 2444 4110 >ε<
2479 4041 2626 4110 tihi1
2685 4041 2922 4096 animam
2971 4051 3120 4094 tuam
3171 4041 3232 4111 (ἱ)
3275 4043 3560 4096 iuventum
3607 4043 3668 4097 in

2098 4135 2245 4188 omni
2278 4135 2417 4198 loco,
2450 4149 2796 4202 quocumque
2827 4133 2988 4186 iveris
3019 4133 3113 4185 ibi.

2168 4224 2300 4294 Cap.
2327 4223 2512 4278 XLVI.
2541 4254 2609 4264 -—
2637 4225 2685 4278 1.
2717 4224 2970 4288 Verbum,
3003 4225 3144 4294 quod
3172 4221 3371 4277 factum
3398 4233 3478 4278 est
3501 4240 3531 4277 a
3561 4223 3669 4278 Do-

2098 4317 2248 4370 mino
2279 4315 2345 4369 ad
2376 4313 2667 4369 Ieremiam
2701 4319 2768 4383 >ε<
2789 4317 3102 4384 prophetam
3129 4315 3152 4385 1
3189 4315 3259 4386 (li)
3284 4331 3448 4384 super
3471 4331 3670 4370 omnes

2098 4416 2307 4476 gentes.
2339 4407 2392 4460 Ξ.
2421 4407 2652 4477 Egypto
2683 4421 2844 4476 super
2873 4415 3190 4475 potestatem
3225 4403 3523 4459 Pharaonis
3557 4403 3670 4460 Ne-

425 4495 598 4563 lis,)s(
618 4494 805 4548 dicens
832 4495 887 4565 1:
913 4491 1043 4560 Vos,
1066 4501 1119 4548 et
1141 4494 1395 4550 mulieres
1421 4505 1612 4550 vestrae
1635 4497 1830 4552 locutae
1861 4498 1996 4553 estis
2029 4481 2071 4536 ί)
2100 4502 2241 4557 chao
2289 4500 2431 4568 regis
2463 4498 2704 4570 Egypti,
2740 4497 2801 4564 (ι)
2826 4499 2916 4568 qui
2949 4507 3069 4552 erat
3105 4507 3272 4568 super
3299 4497 3523 4550 ﬂuvium
3557 4495 3672 4550 Eu-

427 4588 480 4640 in
523 4599 617 4640 ore
641 4597 842 4651 vestro,
879 4595 932 4641 et
961 4586 1013 4639 in
1047 4585 1300 4640 manibus
1331 4585 1525 4641 vestris
1552 4587 1892 4657 implevistis,
1917 4589 2000 4643 di-

431 4687 615 4733 centes
641 4695 653 4732 :
681 4676 949 4734 Faciendo
972 4677 1236 4732 faciemus
1261 4677 1333 4748 (χ)
1360 4677 1734 4735 confessiones
1757 4687 1996 4746 nostras,

425 4783 562 4837 quas
603 4767 872 4824 confessae
905 4784 1117 4832 sumus,
1151 4768 1218 4823 ad
1267 4769 1592 4824 adoleudum
1627 4771 1737 4840 regi
1769 4772 1912 4838 cmli,
1947 4785 2000 4826 et

2097 4595 2341 4663 phratem
2383 4593 2433 4643 in
2461 4590 2864 4655 Charchemus,
2900 4605 3062 4659 quem
3085 4587 3676 4659 percussitNabucho-

2096 4683 2337 4737 donosor
2383 4696 2476 4735 rex
2505 4679 2794 4751 Babylonis
2838 4683 2892 4735 in
2940 4696 3082 4735 anno
3106 4689 3302 4750 quarto
3324 4678 3530 4734 Ioacim
3569 4679 3674 4736 lilii

2097 4771 2260 4827 Iosiat
2311 4771 2452 4840 regis
2495 4769 2668 4826 Iudae.
2707 4773 2758 4826 5.
2797 4771 2890 4842 (m)
2921 4771 3113 4826 Tollite
3144 4787 3318 4835 arma,
3363 4779 3416 4824 et
3457 4779 3611 4824 scuta
3653 4789 3668 4822 ε

501 4924 570 5002 (q)_
607 4921 699 4982 Α..
745 4929 814 5000 et_
852 4937 960 5002 pou
987 4922 1314 5002 eritsal‘vus;
1345 4933 1394 4977 et
1425 4923 1676 5002 residuus
1707 4927 1764 5002 in
1803 4926 2040 5002 reliquiis
2072 4925 2242 5002 Iudm,
2277 4927 2367 4994 qui
2403 4925 2725 5002 veniunt,_ut
2749 4925 3274 5002 sintpereg‘riniibi.
3344 4923 3416 5002 έν)
3448 4922 3529 4988 8.,
3559 4925 3674 5002 nisi

425 4989 816 5064 Imminesuqui
851 4989 1122 5064 fugerunt.
1150 4992 1244 5064 Δζέε)
1278 4991 1359 5064 8.,
1385 5007 1435 5046 et
1467 4993 1516 5046 in
1561 4991 1771 5064 plateis.
1815 4995 1878 5050 Et
1904 4989 2156 5050 mulieres
2189 4989 2460 5064 (livet-unt.

2536 4999 2598 5064 (ι)
2631 4999 2722 5060 Λ.,
2749 4997 2798 5048 in
2827 4993 2965 5048 ma
2998 4993 3306 5050 structione.
3335 4993 3416 5059 S.,
3455 4997 3675 5063 sculpto

425 5063 563 5133 ejus.
598 5061 659 5131 (‘)
687 5059 956 5114 Gr.co€6a
981 5062 1122 5130 apud
1149 5061 1479 5128 Montf.,vox
1511 5059 1707 5134 ignota:
1745 5067 1875 5120 mihi
1903 5067 2159 5122 nationis.
2197 5063 2393 5136 [Σόὸὂα
2414 5059 2771 5136 desu'mptunr
2784 5075 2867 5119 est
2887 5079 2916 5118 e
2942 5066 3188 5120 versione
3215 5065 3522 5135 Symmachi
3551 5059 3671 5130 qui,

426 5130 486 5198 ut
510 5157 618 5214 non
643 5130 789 5214 raro,
807 5140 981 5214 ipsam
1008 5142 1344 5214 transcripsit
1374 5130 1562 5214 graecis
1591 5144 1874 5214 elementis
1901 5161 2088 5199 vocem
2111 5130 2318 5200 Hebraei
2346 5155 2544 5208 textus,
2567 5130 2793 5208 Πξικνττι)
2810 5144 3038 5214 (absque
3068 5130 3318 5214 mappiql,
3339 5143 3576 5214 proprie,
3597 5145 3674 5197 ad

422 5209 954 5284 idolatria-undamn
977 5210 1192 5284 nomine
1215 5209 1416 5284 @2331,
1438 5213 1612 5284 idola.
1638 5211 1762 5267 llaec
1787 5215 1858 5268 ita
1897 5227 2280 5283 nuneupantur
2306 5217 2358 5268 in
2389 5217 2658 5284 scriptura
2692 5233 2720 5269 a
2752 5209 2970 5268 nomine
2991 5225 3122 5277 21W.
3154 5209 3528 5284 dolum-labor,
3554 5215 3674 5268 sive

424 5285 568 5354 quod
601 5281 885 5354 doloriﬁcq
903 5279 1012 5334 sint
1041 5280 1509 5354 cultoribussuis,
1529 5285 1662 5347 sive,
1691 5285 1844 5352 juxta
1878 5279 2196 5349 nonnullos,
2222 5287 2364 5352 quod
2390 5279 2517 5354 ςιιηί
2561 5302 2691 5354 cura
2725 5286 2827 5338 sint
2865 5285 3158 5338 elaborata.
3185 5283 3249 5337 Et
3279 5279 3358 5340 sic
3398 5285 3674 5354 intelliges

424 5348 688 5406 rationem
730 5348 937 5419 Aquila:
960 5359 1014 5403 et
1045 5348 1354 5419 Symmachi
1393 5348 1808 5410 lectionum-hic
1828 5355 2139 5408 allaturum.
2185 5348 2417 5476 DDAOH.)
2493 5355 2568 5425 (υ)
2603 5353 2686 5420 8.,
2713 5369 2877 5424 super
2903 5355 3070 5418 viros,
3101 5363 3153 5408 et
3183 5369 3346 5424 super
3378 5348 3667 5408 mulierés.

426 5423 504 5476 (xl
528 5421 610 5476 S..
641 5429 816 5474 etnon
853 5435 911 5474 se
934 5419 1362 5475 accommodavit
1394 5421 1624 5476 amnlius
1645 5425 1708 5476 ad
1737 5423 2138 5476 renuttemlum.
2216 5427 2288 5476 (ul
2321 5423 2394 5476 Re
2420 5425 2565 5476 iani:
2632 5423 2959 5476 studiorum.
3036 5427 3108 5476 (ι)
3145 5425 3233 5476 Α..
3259 5423 3342 5476 8..
3382 5433 3502 5476 vota
3538 5438 3667 5476 nos-

426 5423 504 5487 (x)
528 5421 610 5480 S.,
641 5429 818 5494 etnon
853 5435 911 5474 se
934 5419 1362 5494 aceonnuozlavit
1394 5421 1624 5494 amplius
1645 5425 1708 5476 ad
1737 5423 2158 5494 remittendum.
2216 5427 2288 5494 (ῃ)
2321 5423 2394 5476 Re

424 5503 528 5554 tra,
553 5507 673 5560 quae
702 5491 970 5560 vovimus.

427 5557 654 5615 randum
693 5560 789 5614 ibi.
865 5557 936 5628 (ε)
980 5560 1033 5611 In
1060 5557 1238 5616 mala.

425 5711 525 5778 tes.
551 5699 784 5769 Αἰμιλιο
815 5695 1035 5754 Nechao
1061 5714 1150 5754 rex
1183 5715 1323 5755 anno
1351 5695 1544 5772 quarto
1573 5701 1823 5756 IOHCltltl.

423 5780 476 5820 ει
501 5785 552 5822 In
587 5779 762 5822 δωιο.

2070 5672 2108 5688 η
2139 5651 2257 5688 1108.

1913 5635 1987 5698 (Ιι)
2019 5635 2108 5696 Α.,
2139 5635 2257 5688 hos.
2336 5635 2397 5702 (ἰ)
2431 5635 2519 5698 ι1.,
2555 5635 2608 5686 in
2639 5635 2896 5704 praedam.
2973 5635 3044 5704 (li)
3090 5635 3262 5701 Super
3299 5647 3487 5686 omnes
3527 5646 3672 5698 gen-

1908 5703 1969 5774 (l)
1999 5701 2080 5766 8.,
2107 5705 2197 5772 qui
2233 5705 2445 5758 vicinus
2472 5702 2593 5758 fuit.
2670 5702 2766 5773 (ιιι)
2823 5701 2913 5768 Α.,
2958 5703 3208 5756 ordinate
3237 5717 3332 5757 vos
3367 5703 3418 5755 in
3451 5699 3672 5772 clypeo,

2420 5423 2565 5492 iquii
2632 5423 2959 5478 studibrum.
3036 5427 3115 5494 (ι)
3145 5425 3233 5488 Α.,
3258 5423 3342 5488 8.,
3382 5433 3502 5477 vota
3538 5438 3673 5477 nos-

1049 5489 1126 5558 (a)
1153 5489 1244 5563 ᾼ.,
1271 5491 1652 5563 constituendo
1684 5494 2064 5548 mustituistis.
2143 5493 2217 5561 (b)
2238 5489 2352 5558 71.,
2373 5489 2466 5563 qui
2499 5493 2720 5547 veniunt
2750 5495 2802 5548 in
2829 5503 3026 5547 terram
3046 5489 3292 5563 'JEgypti,
3319 5493 3385 5547 ad
3414 5507 3670 5563 commo-

1316 5561 1390 5630 (τί)
1425 5559 1595 5632 Super
1621 5559 1880 5631 Ophram.
1906 5563 1996 5616 Ui“

2096 5559 2463 5631 ΡΗ,’1]αρΙιὶ-ε.
2541 5563 2610 5631 (et
2641 5563 2696 5616 1η
2733 5573 2931 5632 quarto
2970 5559 3382 5617 annoIbacimi.
3460 5561 3529 5630 (Ῑ)
3565 5563 3666 5626 Α.,

425 5631 700 5700 miseriam
741 5642 904 5700 super
935 5629 1176 5700 dolorem
1219 5645 1420 5684 meum.
1499 5630 1571 5700 (ῃ)
1597 5629 1686 5695 Α..
1717 5633 1832 5686 hos.
1913 5634 1987 5698 (Ιι)
2019 5635 2056 5684 Α

2336 5635 2397 5702 (i)
2431 5633 2608 5704 [inin
2639 5631 2896 5704 praedam.
2973 5631 3044 5704 (lt)
3066 5632 3262 5704 Super
3299 5647 3500 5704 omnes
3527 5646 3673 5698 gen-
