  <div class='ocr_page' id='page_1' title='image "/cluster/home/n/w/nwhite01/storage/ocr_20150623/16 pt.2/mdp.39015078384370/562.png"; bbox 0 0 4102 6278; ppageno 0'>
   <div class='ocr_carea' id='block_1_1' title="bbox 420 371 562 432">
    <p class='ocr_par' dir='ltr' id='par_1_1' title="bbox 420 371 562 432">
     <span class='ocr_line' id='line_1_1' title="bbox 420 371 562 432; baseline -0.007 -1"><span class='ocrx_word' id='word_1_1' title='bbox 420 371 562 432; x_wconf 74' lang='lat'><strong>2377</strong></span> 
     </span>
    </p>
   </div>
   <div class='ocr_carea' id='block_1_2' title="bbox 1622 373 2446 432">
    <p class='ocr_par' dir='ltr' id='par_1_2' title="bbox 1622 373 2446 432">
     <span class='ocr_line' id='line_1_2' title="bbox 1622 373 2446 432; baseline 0.002 -4"><span class='ocrx_word' id='word_1_2' title='bbox 1622 375 1936 432; x_wconf 61' lang='grc' dir='ltr'><strong>ιιίιιΕδιιΑῑ</strong></span> <span class='ocrx_word' id='word_1_3' title='bbox 1975 374 2202 432; x_wconf 77' lang='lat' dir='ltr'><strong>CAPUT</strong></span> <span class='ocrx_word' id='word_1_4' title='bbox 2244 373 2446 430; x_wconf 79' lang='lat' dir='ltr'><strong>XLVII.</strong></span> 
     </span>
    </p>
   </div>
   <div class='ocr_carea' id='block_1_3' title="bbox 3520 376 3660 432">
    <p class='ocr_par' dir='ltr' id='par_1_3' title="bbox 3520 376 3660 432">
     <span class='ocr_line' id='line_1_3' title="bbox 3520 376 3660 432; baseline 0.021 -3"><span class='ocrx_word' id='word_1_5' title='bbox 3520 376 3660 432; x_wconf 70' lang='lat'><strong>2578</strong></span> 
     </span>
    </p>
   </div>
   <div class='ocr_carea' id='block_1_4' title="bbox 418 484 3665 562">
    <p class='ocr_par' dir='ltr' id='par_1_4' title="bbox 418 484 3665 562">
     <span class='ocr_line' id='line_1_4' title="bbox 418 484 3665 562; baseline -0.001 -16"><span class='ocrx_word' id='word_1_6' title='bbox 418 490 659 547; x_wconf 87' lang='lat' dir='ltr'><strong>accedite</strong></span> <span class='ocrx_word' id='word_1_7' title='bbox 715 491 768 544; x_wconf 91' lang='lat' dir='ltr'><strong>in</strong></span> <span class='ocrx_word' id='word_1_8' title='bbox 819 490 1020 546; x_wconf 89' lang='lat' dir='ltr'><strong>bellum</strong></span> <span class='ocrx_word' id='word_1_9' title='bbox 1068 509 1083 544; x_wconf 88' lang='lat'><strong>:</strong></span> <span class='ocrx_word' id='word_1_10' title='bbox 1125 492 1178 545; x_wconf 65' lang='grc'><strong>4.</strong></span> <span class='ocrx_word' id='word_1_11' title='bbox 1210 491 1286 561; x_wconf 83' lang='lat' dir='ltr'><strong>(n)</strong></span> <span class='ocrx_word' id='word_1_12' title='bbox 1329 490 1616 546; x_wconf 90' lang='lat' dir='ltr'><strong>insternite</strong></span> <span class='ocrx_word' id='word_1_13' title='bbox 1645 506 1818 562; x_wconf 90' lang='lat' dir='ltr'><strong>equos</strong></span> <span class='ocrx_word' id='word_1_14' title='bbox 1869 509 1884 546; x_wconf 92' lang='lat'><strong>:</strong></span> <span class='ocrx_word' id='word_1_15' title='bbox 1931 507 1991 546; x_wconf 90' lang='lat' dir='ltr'><strong>a—</strong></span> <span class='ocrx_word' id='word_1_16' title='bbox 2020 499 2067 554; x_wconf 78' lang='grc' dir='ltr'>Α</span> <span class='ocrx_word' id='word_1_17' title='bbox 2097 489 2392 560; x_wconf 70' lang='lat' dir='ltr'><strong>1Egyptus,</strong></span> <span class='ocrx_word' id='word_1_18' title='bbox 2437 487 2512 559; x_wconf 88' lang='grc' dir='ltr'><strong>(ο)</strong></span> <span class='ocrx_word' id='word_1_19' title='bbox 2555 485 2870 555; x_wconf 75' lang='lat' dir='ltr'><strong>exstirpatio</strong></span> <span class='ocrx_word' id='word_1_20' title='bbox 2925 484 2994 540; x_wconf 88' lang='lat' dir='ltr'><strong>ab</strong></span> <span class='ocrx_word' id='word_1_21' title='bbox 3038 485 3294 555; x_wconf 89' lang='lat' dir='ltr'><strong>aquilone</strong></span> <span class='ocrx_word' id='word_1_22' title='bbox 3328 487 3473 542; x_wconf 97' lang='lat' dir='ltr'><strong>venit</strong></span> <span class='ocrx_word' id='word_1_23' title='bbox 3501 502 3665 557; x_wconf 83' lang='lat' dir='ltr'><strong>super</strong></span> 
     </span>
    </p>
   </div>
   <div class='ocr_carea' id='block_1_5' title="bbox 419 582 1987 654">
    <p class='ocr_par' dir='ltr' id='par_1_5' title="bbox 419 582 1987 654">
     <span class='ocr_line' id='line_1_5' title="bbox 419 582 1987 654; baseline 0 -17"><span class='ocrx_word' id='word_1_24' title='bbox 419 582 672 638; x_wconf 82' lang='lat' dir='ltr'><strong>scendite</strong></span> <span class='ocrx_word' id='word_1_25' title='bbox 716 583 933 652; x_wconf 90' lang='lat' dir='ltr'><strong>equites</strong></span> <span class='ocrx_word' id='word_1_26' title='bbox 967 601 983 637; x_wconf 87' lang='lat'><strong>:</strong></span> <span class='ocrx_word' id='word_1_27' title='bbox 1017 583 1291 654; x_wconf 86' lang='lat' dir='ltr'><strong>disponite</strong></span> <span class='ocrx_word' id='word_1_28' title='bbox 1323 599 1421 639; x_wconf 88' lang='lat' dir='ltr'><strong>vos</strong></span> <span class='ocrx_word' id='word_1_29' title='bbox 1452 585 1505 638; x_wconf 91' lang='lat' dir='ltr'><strong>in</strong></span> <span class='ocrx_word' id='word_1_30' title='bbox 1537 585 1708 653; x_wconf 78' lang='lat' dir='ltr'><strong>galeis</strong></span> <span class='ocrx_word' id='word_1_31' title='bbox 1747 584 1943 641; x_wconf 78' lang='lat' dir='ltr'><strong>vestris</strong></span> <span class='ocrx_word' id='word_1_32' title='bbox 1975 602 1987 637; x_wconf 93' lang='lat'>:</span> 
     </span>
    </p>
   </div>
   <div class='ocr_carea' id='block_1_6' title="bbox 420 673 1990 741">
    <p class='ocr_par' dir='ltr' id='par_1_6' title="bbox 420 673 1990 741">
     <span class='ocr_line' id='line_1_6' title="bbox 420 673 1990 741; baseline 0.002 -16"><span class='ocrx_word' id='word_1_33' title='bbox 420 674 497 741; x_wconf 88' lang='grc' dir='ltr'><strong>(ο)</strong></span> <span class='ocrx_word' id='word_1_34' title='bbox 547 673 780 729; x_wconf 84' lang='lat' dir='ltr'><strong>emittite</strong></span> <span class='ocrx_word' id='word_1_35' title='bbox 832 674 1074 740; x_wconf 82' lang='lat' dir='ltr'><strong>lanceas,</strong></span> <span class='ocrx_word' id='word_1_36' title='bbox 1134 684 1192 730; x_wconf 83' lang='lat' dir='ltr'><strong>et</strong></span> <span class='ocrx_word' id='word_1_37' title='bbox 1244 675 1456 730; x_wconf 88' lang='lat' dir='ltr'><strong>induite</strong></span> <span class='ocrx_word' id='word_1_38' title='bbox 1515 675 1716 732; x_wconf 86' lang='lat' dir='ltr'><strong>loricas</strong></span> <span class='ocrx_word' id='word_1_39' title='bbox 1759 685 1990 732; x_wconf 87' lang='lat' dir='ltr'><strong>vestras.</strong></span> 
     </span>
    </p>
   </div>
   <div class='ocr_carea' id='block_1_7' title="bbox 419 763 1991 835">
    <p class='ocr_par' dir='ltr' id='par_1_7' title="bbox 419 763 1991 835">
     <span class='ocr_line' id='line_1_7' title="bbox 419 763 1991 835; baseline 0.003 -19"><span class='ocrx_word' id='word_1_40' title='bbox 419 763 473 819; x_wconf 87' lang='lat'><strong>5.</strong></span> <span class='ocrx_word' id='word_1_41' title='bbox 508 764 737 833; x_wconf 74' lang='grc' dir='ltr'><strong>(ρ)ουἰὰ</strong></span> <span class='ocrx_word' id='word_1_42' title='bbox 763 765 910 835; x_wconf 88' lang='lat' dir='ltr'><strong>quod</strong></span> <span class='ocrx_word' id='word_1_43' title='bbox 940 765 1044 834; x_wconf 85' lang='lat' dir='ltr'><strong>ipsi</strong></span> <span class='ocrx_word' id='word_1_44' title='bbox 1078 774 1296 835; x_wconf 87' lang='lat' dir='ltr'><strong>pavent,</strong></span> <span class='ocrx_word' id='word_1_45' title='bbox 1324 775 1380 820; x_wconf 90' lang='lat' dir='ltr'><strong>et</strong></span> <span class='ocrx_word' id='word_1_46' title='bbox 1412 775 1755 822; x_wconf 79' lang='lat' dir='ltr'><strong>revertentur</strong></span> <span class='ocrx_word' id='word_1_47' title='bbox 1783 775 1991 820; x_wconf 87' lang='lat' dir='ltr'><strong>retror-</strong></span> 
     </span>
    </p>
   </div>
   <div class='ocr_carea' id='block_1_8' title="bbox 419 854 1994 925">
    <p class='ocr_par' dir='ltr' id='par_1_8' title="bbox 419 854 1994 925">
     <span class='ocr_line' id='line_1_8' title="bbox 419 854 1994 925; baseline 0 -17"><span class='ocrx_word' id='word_1_48' title='bbox 419 856 580 909; x_wconf 82' lang='lat' dir='ltr'><strong>sum?</strong></span> <span class='ocrx_word' id='word_1_49' title='bbox 629 855 758 925; x_wconf 89' lang='lat' dir='ltr'><strong>quia</strong></span> <span class='ocrx_word' id='word_1_50' title='bbox 820 855 1032 910; x_wconf 86' lang='lat' dir='ltr'><strong>robusti</strong></span> <span class='ocrx_word' id='word_1_51' title='bbox 1087 870 1276 910; x_wconf 88' lang='lat' dir='ltr'><strong>eorum</strong></span> <span class='ocrx_word' id='word_1_52' title='bbox 1336 856 1616 910; x_wconf 70' lang='lat' dir='ltr'><strong>medentur</strong></span> <span class='ocrx_word' id='word_1_53' title='bbox 1667 872 1681 909; x_wconf 90' lang='lat'><strong>:</strong></span> <span class='ocrx_word' id='word_1_54' title='bbox 1732 854 1994 925; x_wconf 89' lang='lat' dir='ltr'><strong>fugiendo</strong></span> 
     </span>
    </p>
   </div>
   <div class='ocr_carea' id='block_1_9' title="bbox 421 946 2000 1018">
    <p class='ocr_par' dir='ltr' id='par_1_9' title="bbox 421 946 2000 1018">
     <span class='ocr_line' id='line_1_9' title="bbox 421 946 2000 1018; baseline 0 -17"><span class='ocrx_word' id='word_1_55' title='bbox 421 946 696 1017; x_wconf 78' lang='lat' dir='ltr'><strong>fugerunt,</strong></span> <span class='ocrx_word' id='word_1_56' title='bbox 732 957 917 1002; x_wconf 89' lang='lat' dir='ltr'><strong>etnon</strong></span> <span class='ocrx_word' id='word_1_57' title='bbox 945 948 1152 1004; x_wconf 80' lang='lat' dir='ltr'><strong>reversi</strong></span> <span class='ocrx_word' id='word_1_58' title='bbox 1178 955 1330 1012; x_wconf 90' lang='lat' dir='ltr'><strong>sunt,</strong></span> <span class='ocrx_word' id='word_1_59' title='bbox 1351 947 1734 1018; x_wconf 82' lang='lat' dir='ltr'><strong>comprehensi</strong></span> <span class='ocrx_word' id='word_1_60' title='bbox 1754 946 2000 1003; x_wconf 83' lang='lat' dir='ltr'><strong>circum-‘</strong></span> 
     </span>
    </p>
   </div>
   <div class='ocr_carea' id='block_1_10' title="bbox 421 1037 1993 1109">
    <p class='ocr_par' dir='ltr' id='par_1_10' title="bbox 421 1037 1993 1109">
     <span class='ocr_line' id='line_1_10' title="bbox 421 1037 1993 1109; baseline 0 -17"><span class='ocrx_word' id='word_1_61' title='bbox 421 1038 589 1100; x_wconf 88' lang='lat' dir='ltr'><strong>circa,</strong></span> <span class='ocrx_word' id='word_1_62' title='bbox 650 1038 780 1093; x_wconf 88' lang='lat' dir='ltr'><strong>dicit</strong></span> <span class='ocrx_word' id='word_1_63' title='bbox 834 1037 1118 1097; x_wconf 84' lang='lat' dir='ltr'><strong>Dominus.</strong></span> <span class='ocrx_word' id='word_1_64' title='bbox 1179 1039 1236 1094; x_wconf 89' lang='lat'><strong>6.</strong></span> <span class='ocrx_word' id='word_1_65' title='bbox 1273 1038 1352 1095; x_wconf 90' lang='lat' dir='ltr'><strong>Ne</strong></span> <span class='ocrx_word' id='word_1_66' title='bbox 1392 1039 1569 1109; x_wconf 80' lang='lat' dir='ltr'><strong>fugiat</strong></span> <span class='ocrx_word' id='word_1_67' title='bbox 1611 1038 1776 1102; x_wconf 86' lang='lat' dir='ltr'><strong>celer,</strong></span> <span class='ocrx_word' id='word_1_68' title='bbox 1813 1052 1993 1107; x_wconf 86' lang='lat' dir='ltr'><strong>neque</strong></span> 
     </span>
    </p>
   </div>
   <div class='ocr_carea' id='block_1_11' title="bbox 419 1128 1994 1200">
    <p class='ocr_par' dir='ltr' id='par_1_11' title="bbox 419 1128 1994 1200">
     <span class='ocr_line' id='line_1_11' title="bbox 419 1128 1994 1200; baseline 0.001 -19"><span class='ocrx_word' id='word_1_69' title='bbox 419 1129 615 1182; x_wconf 82' lang='lat' dir='ltr'><strong>evadat</strong></span> <span class='ocrx_word' id='word_1_70' title='bbox 673 1130 935 1184; x_wconf 87' lang='lat' dir='ltr'><strong>robustus</strong></span> <span class='ocrx_word' id='word_1_71' title='bbox 987 1145 1154 1200; x_wconf 85' lang='lat' dir='ltr'><strong>super</strong></span> <span class='ocrx_word' id='word_1_72' title='bbox 1199 1131 1512 1200; x_wconf 82' lang='lat' dir='ltr'><strong>aquilonem</strong></span> <span class='ocrx_word' id='word_1_73' title='bbox 1553 1145 1726 1198; x_wconf 66' lang='lat' dir='ltr'><strong>:quaa</strong></span> <span class='ocrx_word' id='word_1_74' title='bbox 1769 1129 1837 1184; x_wconf 86' lang='lat' dir='ltr'><strong>ad</strong></span> <span class='ocrx_word' id='word_1_75' title='bbox 1885 1128 1994 1183; x_wconf 87' lang='lat' dir='ltr'><strong>Eu-</strong></span> 
     </span>
    </p>
   </div>
   <div class='ocr_carea' id='block_1_12' title="bbox 420 1219 1985 1289">
    <p class='ocr_par' dir='ltr' id='par_1_12' title="bbox 420 1219 1985 1289">
     <span class='ocr_line' id='line_1_12' title="bbox 420 1219 1985 1289; baseline 0.002 -18"><span class='ocrx_word' id='word_1_76' title='bbox 420 1224 688 1289; x_wconf 86' lang='lat' dir='ltr'><strong>phratem,</strong></span> <span class='ocrx_word' id='word_1_77' title='bbox 727 1220 998 1276; x_wconf 83' lang='lat' dir='ltr'><strong>infirmata</strong></span> <span class='ocrx_word' id='word_1_78' title='bbox 1031 1231 1182 1288; x_wconf 89' lang='lat' dir='ltr'><strong>sunt,</strong></span> <span class='ocrx_word' id='word_1_79' title='bbox 1237 1223 1572 1278; x_wconf 87' lang='lat' dir='ltr'><strong>ceciderunt.</strong></span> <span class='ocrx_word' id='word_1_80' title='bbox 1614 1221 1664 1274; x_wconf 82' lang='lat'><strong>7.</strong></span> <span class='ocrx_word' id='word_1_81' title='bbox 1699 1219 1836 1286; x_wconf 85' lang='lat' dir='ltr'><strong>Quis</strong></span> <span class='ocrx_word' id='word_1_82' title='bbox 1871 1219 1985 1284; x_wconf 89' lang='lat' dir='ltr'><strong>hic,</strong></span> 
     </span>
    </p>
   </div>
   <div class='ocr_carea' id='block_1_13' title="bbox 421 1312 1993 1384">
    <p class='ocr_par' dir='ltr' id='par_1_13' title="bbox 421 1312 1993 1384">
     <span class='ocr_line' id='line_1_13' title="bbox 421 1312 1993 1384; baseline 0.001 -19"><span class='ocrx_word' id='word_1_83' title='bbox 421 1313 514 1381; x_wconf 89' lang='lat' dir='ltr'><strong>qui</strong></span> <span class='ocrx_word' id='word_1_84' title='bbox 550 1322 606 1367; x_wconf 89' lang='lat' dir='ltr'><strong>ut</strong></span> <span class='ocrx_word' id='word_1_85' title='bbox 655 1312 855 1368; x_wconf 91' lang='lat' dir='ltr'><strong>ﬂuvius</strong></span> <span class='ocrx_word' id='word_1_86' title='bbox 898 1314 1179 1379; x_wconf 80' lang='lat' dir='ltr'><strong>ascendet,</strong></span> <span class='ocrx_word' id='word_1_87' title='bbox 1217 1313 1293 1384; x_wconf 76' lang='grc' dir='ltr'><strong>(ᾳ)</strong></span> <span class='ocrx_word' id='word_1_88' title='bbox 1319 1323 1375 1368; x_wconf 92' lang='lat' dir='ltr'><strong>et</strong></span> <span class='ocrx_word' id='word_1_89' title='bbox 1407 1322 1467 1367; x_wconf 91' lang='lat' dir='ltr'><strong>ut</strong></span> <span class='ocrx_word' id='word_1_90' title='bbox 1510 1312 1660 1366; x_wconf 88' lang='lat' dir='ltr'><strong>ﬂuvii</strong></span> <span class='ocrx_word' id='word_1_91' title='bbox 1708 1312 1993 1366; x_wconf 82' lang='lat' dir='ltr'><strong>volventes</strong></span> 
     </span>
    </p>
   </div>
   <div class='ocr_carea' id='block_1_14' title="bbox 423 1401 1994 1475">
    <p class='ocr_par' dir='ltr' id='par_1_14' title="bbox 423 1401 1994 1475">
     <span class='ocr_line' id='line_1_14' title="bbox 423 1401 1994 1475; baseline 0 -21"><span class='ocrx_word' id='word_1_92' title='bbox 423 1403 658 1470; x_wconf 87' lang='lat' dir='ltr'><strong>aquam?</strong></span> <span class='ocrx_word' id='word_1_93' title='bbox 691 1403 743 1457; x_wconf 91' lang='lat'><strong>8.</strong></span> <span class='ocrx_word' id='word_1_94' title='bbox 765 1403 934 1472; x_wconf 62' lang='lat' dir='ltr'><strong>Aquas</strong></span> <span class='ocrx_word' id='word_1_95' title='bbox 960 1403 1178 1475; x_wconf 59' lang='lat' dir='ltr'><strong>Egypti</strong></span> <span class='ocrx_word' id='word_1_96' title='bbox 1213 1403 1285 1473; x_wconf 91' lang='lat' dir='ltr'><strong>(r)</strong></span> <span class='ocrx_word' id='word_1_97' title='bbox 1311 1403 1454 1458; x_wconf 85' lang='lat' dir='ltr'><strong>sicut</strong></span> <span class='ocrx_word' id='word_1_98' title='bbox 1481 1405 1547 1470; x_wconf 50' lang='grc' dir='ltr'>λ(</span> <span class='ocrx_word' id='word_1_99' title='bbox 1572 1401 1994 1457; x_wconf 87' lang='lat' dir='ltr'><strong>ﬂumen.ascen-</strong></span> 
     </span>
    </p>
   </div>
   <div class='ocr_carea' id='block_1_15' title="bbox 421 1493 1991 1564">
    <p class='ocr_par' dir='ltr' id='par_1_15' title="bbox 421 1493 1991 1564">
     <span class='ocr_line' id='line_1_15' title="bbox 421 1493 1991 1564; baseline 0.001 -21"><span class='ocrx_word' id='word_1_100' title='bbox 421 1493 577 1556; x_wconf 84' lang='lat' dir='ltr'><strong>dunt,</strong></span> <span class='ocrx_word' id='word_1_101' title='bbox 619 1504 673 1547; x_wconf 92' lang='lat' dir='ltr'><strong>ct</strong></span> <span class='ocrx_word' id='word_1_102' title='bbox 720 1493 864 1548; x_wconf 89' lang='lat' dir='ltr'><strong>sicut</strong></span> <span class='ocrx_word' id='word_1_103' title='bbox 908 1493 1135 1552; x_wconf 86' lang='lat' dir='ltr'><strong>ﬂumina</strong></span> <span class='ocrx_word' id='word_1_104' title='bbox 1177 1502 1594 1549; x_wconf 87' lang='lat' dir='ltr'><strong>commoventur</strong></span> <span class='ocrx_word' id='word_1_105' title='bbox 1629 1493 1991 1564; x_wconf 62' lang='lat' dir='ltr'><strong>aqumejus1.</strong></span> 
     </span>
    </p>
   </div>
   <div class='ocr_carea' id='block_1_16' title="bbox 422 1580 1985 1656">
    <p class='ocr_par' dir='ltr' id='par_1_16' title="bbox 422 1580 1985 1656">
     <span class='ocr_line' id='line_1_16' title="bbox 422 1580 1985 1656; baseline 0.001 -18"><span class='ocrx_word' id='word_1_106' title='bbox 422 1580 488 1638; x_wconf 86' lang='lat' dir='ltr'><strong>Et</strong></span> <span class='ocrx_word' id='word_1_107' title='bbox 515 1582 651 1638; x_wconf 85' lang='lat' dir='ltr'><strong>dixit</strong></span> <span class='ocrx_word' id='word_1_108' title='bbox 682 1603 695 1637; x_wconf 90' lang='lat'><strong>:</strong></span> <span class='ocrx_word' id='word_1_109' title='bbox 724 1585 1052 1651; x_wconf 85' lang='lat' dir='ltr'><strong>Ascendam,</strong></span> <span class='ocrx_word' id='word_1_110' title='bbox 1082 1596 1137 1641; x_wconf 90' lang='lat' dir='ltr'><strong>et</strong></span> <span class='ocrx_word' id='word_1_111' title='bbox 1161 1586 1402 1656; x_wconf 87' lang='lat' dir='ltr'><strong>operiam</strong></span> <span class='ocrx_word' id='word_1_112' title='bbox 1431 1596 1655 1650; x_wconf 86' lang='lat' dir='ltr'><strong>terram,</strong></span> <span class='ocrx_word' id='word_1_113' title='bbox 1684 1594 1737 1641; x_wconf 90' lang='lat' dir='ltr'><strong>et</strong></span> <span class='ocrx_word' id='word_1_114' title='bbox 1759 1585 1985 1656; x_wconf 86' lang='lat' dir='ltr'><strong>perdam</strong></span> 
     </span>
    </p>
   </div>
   <div class='ocr_carea' id='block_1_17' title="bbox 423 1675 1987 1746">
    <p class='ocr_par' dir='ltr' id='par_1_17' title="bbox 423 1675 1987 1746">
     <span class='ocr_line' id='line_1_17' title="bbox 423 1675 1987 1746; baseline 0.003 -20"><span class='ocrx_word' id='word_1_115' title='bbox 423 1675 632 1744; x_wconf 88' lang='lat' dir='ltr'><strong>urbem,</strong></span> <span class='ocrx_word' id='word_1_116' title='bbox 665 1687 720 1732; x_wconf 91' lang='lat' dir='ltr'><strong>et</strong></span> <span class='ocrx_word' id='word_1_117' title='bbox 748 1677 1053 1733; x_wconf 82' lang='lat' dir='ltr'><strong>habitantes</strong></span> <span class='ocrx_word' id='word_1_118' title='bbox 1076 1677 1132 1732; x_wconf 87' lang='lat' dir='ltr'><strong>in</strong></span> <span class='ocrx_word' id='word_1_119' title='bbox 1155 1693 1242 1733; x_wconf 90' lang='lat' dir='ltr'><strong>ea.</strong></span> <span class='ocrx_word' id='word_1_120' title='bbox 1293 1677 1348 1732; x_wconf 91' lang='lat'><strong>9.</strong></span> <span class='ocrx_word' id='word_1_121' title='bbox 1369 1677 1660 1733; x_wconf 77' lang='lat' dir='ltr'><strong>Ascendite</strong></span> <span class='ocrx_word' id='word_1_122' title='bbox 1692 1691 1753 1733; x_wconf 75' lang='grc' dir='ltr'><strong>αι-</strong></span> <span class='ocrx_word' id='word_1_123' title='bbox 1777 1691 1943 1746; x_wconf 88' lang='lat' dir='ltr'><strong>super</strong></span> <span class='ocrx_word' id='word_1_124' title='bbox 1965 1677 1987 1745; x_wconf 73' lang='grc' dir='ltr'>ζ</span> 
     </span>
    </p>
   </div>
   <div class='ocr_carea' id='block_1_18' title="bbox 422 1767 1994 1838">
    <p class='ocr_par' dir='ltr' id='par_1_18' title="bbox 422 1767 1994 1838">
     <span class='ocr_line' id='line_1_18' title="bbox 422 1767 1994 1838; baseline 0.001 -19"><span class='ocrx_word' id='word_1_125' title='bbox 422 1779 613 1834; x_wconf 87' lang='lat' dir='ltr'><strong>equos,</strong></span> <span class='ocrx_word' id='word_1_126' title='bbox 649 1776 704 1821; x_wconf 91' lang='lat' dir='ltr'><strong>et</strong></span> <span class='ocrx_word' id='word_1_127' title='bbox 737 1767 808 1838; x_wconf 76' lang='grc' dir='ltr'><strong>(ε)</strong></span> <span class='ocrx_word' id='word_1_128' title='bbox 833 1776 1133 1838; x_wconf 71' lang='lat' dir='ltr'><strong>praeparate</strong></span> <span class='ocrx_word' id='word_1_129' title='bbox 1174 1783 1370 1823; x_wconf 89' lang='lat' dir='ltr'><strong>currus</strong></span> <span class='ocrx_word' id='word_1_130' title='bbox 1412 1786 1425 1822; x_wconf 93' lang='lat'><strong>:</strong></span> <span class='ocrx_word' id='word_1_131' title='bbox 1457 1768 1626 1833; x_wconf 91' lang='lat' dir='ltr'><strong>exite,</strong></span> <span class='ocrx_word' id='word_1_132' title='bbox 1656 1775 1994 1838; x_wconf 82' lang='lat' dir='ltr'><strong>pugnatores</strong></span> 
     </span>
    </p>
   </div>
   <div class='ocr_carea' id='block_1_19' title="bbox 2091 577 3660 647">
    <p class='ocr_par' dir='ltr' id='par_1_19' title="bbox 2091 577 3660 647">
     <span class='ocr_line' id='line_1_19' title="bbox 2091 577 3660 647; baseline -0.002 -11"><span class='ocrx_word' id='word_1_133' title='bbox 2091 597 2211 635; x_wconf 89' lang='lat' dir='ltr'><strong>eam</strong></span> <span class='ocrx_word' id='word_1_134' title='bbox 2242 597 2257 636; x_wconf 89' lang='lat'><strong>:</strong></span> <span class='ocrx_word' id='word_1_135' title='bbox 2283 580 2374 634; x_wconf 75' lang='grc'><strong>21.</strong></span> <span class='ocrx_word' id='word_1_136' title='bbox 2400 589 2455 634; x_wconf 92' lang='lat' dir='ltr'><strong>et</strong></span> <span class='ocrx_word' id='word_1_137' title='bbox 2483 578 2805 634; x_wconf 85' lang='lat' dir='ltr'><strong>mercenarii</strong></span> <span class='ocrx_word' id='word_1_138' title='bbox 2829 577 2948 647; x_wconf 87' lang='lat' dir='ltr'><strong>ejus</strong></span> <span class='ocrx_word' id='word_1_139' title='bbox 2984 577 3036 630; x_wconf 92' lang='lat' dir='ltr'><strong>in</strong></span> <span class='ocrx_word' id='word_1_140' title='bbox 3064 594 3128 632; x_wconf 86' lang='lat' dir='ltr'><strong>ea</strong></span> <span class='ocrx_word' id='word_1_141' title='bbox 3161 579 3305 633; x_wconf 84' lang='lat' dir='ltr'><strong>sicut</strong></span> <span class='ocrx_word' id='word_1_142' title='bbox 3334 579 3489 634; x_wconf 90' lang='lat' dir='ltr'><strong>vituli</strong></span> <span class='ocrx_word' id='word_1_143' title='bbox 3513 582 3660 647; x_wconf 65' lang='lat' dir='ltr'><strong>sagio</strong></span> 
     </span>
    </p>
   </div>
   <div class='ocr_carea' id='block_1_20' title="bbox 2092 669 3656 742">
    <p class='ocr_par' dir='ltr' id='par_1_20' title="bbox 2092 669 3656 742">
     <span class='ocr_line' id='line_1_20' title="bbox 2092 669 3656 742; baseline 0 -15"><span class='ocrx_word' id='word_1_144' title='bbox 2092 673 2244 738; x_wconf 88' lang='lat' dir='ltr'><strong>nati;</strong></span> <span class='ocrx_word' id='word_1_145' title='bbox 2283 672 2413 741; x_wconf 87' lang='lat' dir='ltr'><strong>quia</strong></span> <span class='ocrx_word' id='word_1_146' title='bbox 2439 679 2494 726; x_wconf 91' lang='lat' dir='ltr'><strong>et</strong></span> <span class='ocrx_word' id='word_1_147' title='bbox 2519 671 2621 740; x_wconf 90' lang='lat' dir='ltr'><strong>ipsi</strong></span> <span class='ocrx_word' id='word_1_148' title='bbox 2659 669 2864 725; x_wconf 88' lang='lat' dir='ltr'><strong>reversi</strong></span> <span class='ocrx_word' id='word_1_149' title='bbox 2887 676 3037 732; x_wconf 90' lang='lat' dir='ltr'><strong>sunt,</strong></span> <span class='ocrx_word' id='word_1_150' title='bbox 3066 680 3121 724; x_wconf 89' lang='lat' dir='ltr'><strong>et</strong></span> <span class='ocrx_word' id='word_1_151' title='bbox 3155 670 3414 742; x_wconf 89' lang='lat' dir='ltr'><strong>fugerunt</strong></span> <span class='ocrx_word' id='word_1_152' title='bbox 3440 672 3606 727; x_wconf 84' lang='lat' dir='ltr'><strong>simul</strong></span> <span class='ocrx_word' id='word_1_153' title='bbox 3642 689 3656 726; x_wconf 90' lang='lat'>:</span> 
     </span>
    </p>
   </div>
   <div class='ocr_carea' id='block_1_21' title="bbox 2093 760 3664 833">
    <p class='ocr_par' dir='ltr' id='par_1_21' title="bbox 2093 760 3664 833">
     <span class='ocr_line' id='line_1_21' title="bbox 2093 760 3664 833; baseline 0 -15"><span class='ocrx_word' id='word_1_154' title='bbox 2093 779 2201 818; x_wconf 90' lang='lat' dir='ltr'><strong>non</strong></span> <span class='ocrx_word' id='word_1_155' title='bbox 2237 771 2540 829; x_wconf 78' lang='lat' dir='ltr'><strong>Steterunt;</strong></span> <span class='ocrx_word' id='word_1_156' title='bbox 2575 761 2707 831; x_wconf 88' lang='lat' dir='ltr'><strong>quia</strong></span> <span class='ocrx_word' id='word_1_157' title='bbox 2730 761 2844 816; x_wconf 85' lang='lat' dir='ltr'><strong>dies</strong></span> <span class='ocrx_word' id='word_1_158' title='bbox 2881 760 2956 831; x_wconf 87' lang='lat' dir='ltr'><strong>(p)</strong></span> <span class='ocrx_word' id='word_1_159' title='bbox 2982 761 3306 831; x_wconf 87' lang='lat' dir='ltr'><strong>perditionis</strong></span> <span class='ocrx_word' id='word_1_160' title='bbox 3329 763 3472 817; x_wconf 86' lang='lat' dir='ltr'><strong>venit</strong></span> <span class='ocrx_word' id='word_1_161' title='bbox 3497 779 3664 833; x_wconf 87' lang='lat' dir='ltr'><strong>super</strong></span> 
     </span>
    </p>
   </div>
   <div class='ocr_carea' id='block_1_22' title="bbox 2091 851 3662 924">
    <p class='ocr_par' dir='ltr' id='par_1_22' title="bbox 2091 851 3662 924">
     <span class='ocr_line' id='line_1_22' title="bbox 2091 851 3662 924; baseline -0.002 -13"><span class='ocrx_word' id='word_1_162' title='bbox 2091 870 2208 917; x_wconf 90' lang='lat' dir='ltr'><strong>eos,</strong></span> <span class='ocrx_word' id='word_1_163' title='bbox 2261 862 2317 908; x_wconf 90' lang='lat' dir='ltr'><strong>et</strong></span> <span class='ocrx_word' id='word_1_164' title='bbox 2367 862 2581 924; x_wconf 88' lang='lat' dir='ltr'><strong>tempus</strong></span> <span class='ocrx_word' id='word_1_165' title='bbox 2616 851 2689 922; x_wconf 88' lang='lat' dir='ltr'><strong>(q)</strong></span> <span class='ocrx_word' id='word_1_166' title='bbox 2714 852 2938 906; x_wconf 89' lang='lat' dir='ltr'><strong>ultionis</strong></span> <span class='ocrx_word' id='word_1_167' title='bbox 2979 867 3193 907; x_wconf 87' lang='lat' dir='ltr'><strong>eorum.</strong></span> <span class='ocrx_word' id='word_1_168' title='bbox 3242 851 3333 907; x_wconf 77' lang='lat'><strong>2‘2.</strong></span> <span class='ocrx_word' id='word_1_169' title='bbox 3361 852 3479 908; x_wconf 85' lang='lat' dir='ltr'><strong>Vox</strong></span> <span class='ocrx_word' id='word_1_170' title='bbox 3520 854 3662 924; x_wconf 90' lang='lat' dir='ltr'><strong>ejus,</strong></span> 
     </span>
    </p>
   </div>
   <div class='ocr_carea' id='block_1_23' title="bbox 2095 944 3664 1015">
    <p class='ocr_par' dir='ltr' id='par_1_23' title="bbox 2095 944 3664 1015">
     <span class='ocr_line' id='line_1_23' title="bbox 2095 944 3664 1015; baseline -0.001 -15"><span class='ocrx_word' id='word_1_171' title='bbox 2095 945 2237 1000; x_wconf 91' lang='lat' dir='ltr'><strong>sicut</strong></span> <span class='ocrx_word' id='word_1_172' title='bbox 2256 945 2526 1014; x_wconf 87' lang='lat' dir='ltr'><strong>serpentis</strong></span> <span class='ocrx_word' id='word_1_173' title='bbox 2549 945 2620 1015; x_wconf 91' lang='lat' dir='ltr'><strong>(r)</strong></span> <span class='ocrx_word' id='word_1_174' title='bbox 2637 944 2908 1000; x_wconf 88' lang='lat' dir='ltr'><strong>sibilantis</strong></span> <span class='ocrx_word' id='word_1_175' title='bbox 2931 961 2946 1009; x_wconf 93' lang='lat'><strong>;</strong></span> <span class='ocrx_word' id='word_1_176' title='bbox 2979 945 3110 1014; x_wconf 90' lang='lat' dir='ltr'><strong>quia</strong></span> <span class='ocrx_word' id='word_1_177' title='bbox 3133 944 3200 1015; x_wconf 78' lang='grc' dir='ltr'><strong>(ε)</strong></span> <span class='ocrx_word' id='word_1_178' title='bbox 3217 944 3271 998; x_wconf 91' lang='lat' dir='ltr'><strong>in</strong></span> <span class='ocrx_word' id='word_1_179' title='bbox 3299 959 3464 1000; x_wconf 88' lang='lat' dir='ltr'><strong>arena</strong></span> <span class='ocrx_word' id='word_1_180' title='bbox 3485 945 3664 1010; x_wconf 92' lang='lat' dir='ltr'><strong>ibunt,</strong></span> 
     </span>
    </p>
   </div>
   <div class='ocr_carea' id='block_1_24' title="bbox 2095 1035 3666 1105">
    <p class='ocr_par' dir='ltr' id='par_1_24' title="bbox 2095 1035 3666 1105">
     <span class='ocr_line' id='line_1_24' title="bbox 2095 1035 3666 1105; baseline 0 -15"><span class='ocrx_word' id='word_1_181' title='bbox 2095 1036 2148 1091; x_wconf 94' lang='lat' dir='ltr'><strong>in</strong></span> <span class='ocrx_word' id='word_1_182' title='bbox 2177 1037 2465 1092; x_wconf 89' lang='lat' dir='ltr'><strong>securibus</strong></span> <span class='ocrx_word' id='word_1_183' title='bbox 2494 1036 2712 1099; x_wconf 87' lang='lat' dir='ltr'><strong>venient</strong></span> <span class='ocrx_word' id='word_1_184' title='bbox 2737 1050 2902 1105; x_wconf 90' lang='lat' dir='ltr'><strong>super</strong></span> <span class='ocrx_word' id='word_1_185' title='bbox 2925 1051 3067 1089; x_wconf 82' lang='lat' dir='ltr'><strong>eain.</strong></span> <span class='ocrx_word' id='word_1_186' title='bbox 3099 1037 3187 1090; x_wconf 74' lang='lat'><strong>23.</strong></span> <span class='ocrx_word' id='word_1_187' title='bbox 3217 1035 3372 1091; x_wconf 92' lang='lat' dir='ltr'><strong>Sicut</strong></span> <span class='ocrx_word' id='word_1_188' title='bbox 3396 1037 3666 1092; x_wconf 66' lang='lat' dir='ltr'><strong>caedentes</strong></span> 
     </span>
    </p>
   </div>
   <div class='ocr_carea' id='block_1_25' title="bbox 2094 1125 3665 1196">
    <p class='ocr_par' dir='ltr' id='par_1_25' title="bbox 2094 1125 3665 1196">
     <span class='ocr_line' id='line_1_25' title="bbox 2094 1125 3665 1196; baseline 0.001 -14"><span class='ocrx_word' id='word_1_189' title='bbox 2094 1127 2261 1196; x_wconf 82' lang='lat' dir='ltr'><strong>ligna,</strong></span> <span class='ocrx_word' id='word_1_190' title='bbox 2317 1128 2554 1183; x_wconf 87' lang='lat' dir='ltr'><strong>excidite</strong></span> <span class='ocrx_word' id='word_1_191' title='bbox 2609 1126 2802 1182; x_wconf 89' lang='lat' dir='ltr'><strong>silvam</strong></span> <span class='ocrx_word' id='word_1_192' title='bbox 2855 1126 2996 1196; x_wconf 87' lang='lat' dir='ltr'><strong>ejus,</strong></span> <span class='ocrx_word' id='word_1_193' title='bbox 3044 1125 3178 1181; x_wconf 91' lang='lat' dir='ltr'><strong>dicit</strong></span> <span class='ocrx_word' id='word_1_194' title='bbox 3206 1125 3472 1183; x_wconf 90' lang='lat' dir='ltr'><strong>Dominus</strong></span> <span class='ocrx_word' id='word_1_195' title='bbox 3499 1126 3665 1190; x_wconf 88' lang='lat' dir='ltr'><strong>Deus.</strong></span> 
     </span>
    </p>
   </div>
   <div class='ocr_carea' id='block_1_26' title="bbox 2101 1217 3663 1291">
    <p class='ocr_par' dir='ltr' id='par_1_26' title="bbox 2101 1217 3663 1291">
     <span class='ocr_line' id='line_1_26' title="bbox 2101 1217 3663 1291; baseline -0.001 -18"><span class='ocrx_word' id='word_1_196' title='bbox 2101 1219 2232 1288; x_wconf 89' lang='lat' dir='ltr'><strong>quia</strong></span> <span class='ocrx_word' id='word_1_197' title='bbox 2265 1219 2332 1291; x_wconf 81' lang='grc' dir='ltr'><strong>(ι)</strong></span> <span class='ocrx_word' id='word_1_198' title='bbox 2358 1233 2466 1274; x_wconf 92' lang='lat' dir='ltr'><strong>non</strong></span> <span class='ocrx_word' id='word_1_199' title='bbox 2501 1217 2915 1281; x_wconf 88' lang='lat' dir='ltr'><strong>assimilabilur,</strong></span> <span class='ocrx_word' id='word_1_200' title='bbox 2944 1218 3072 1287; x_wconf 91' lang='lat' dir='ltr'><strong>quia</strong></span> <span class='ocrx_word' id='word_1_201' title='bbox 3102 1217 3325 1286; x_wconf 90' lang='lat' dir='ltr'><strong>copiosa</strong></span> <span class='ocrx_word' id='word_1_202' title='bbox 3351 1219 3476 1286; x_wconf 88' lang='lat' dir='ltr'><strong>plus</strong></span> <span class='ocrx_word' id='word_1_203' title='bbox 3497 1234 3663 1288; x_wconf 89' lang='lat' dir='ltr'><strong>quam</strong></span> 
     </span>
    </p>
   </div>
   <div class='ocr_carea' id='block_1_27' title="bbox 2098 1305 3667 1376">
    <p class='ocr_par' dir='ltr' id='par_1_27' title="bbox 2098 1305 3667 1376">
     <span class='ocr_line' id='line_1_27' title="bbox 2098 1305 3667 1376; baseline 0 -13"><span class='ocrx_word' id='word_1_204' title='bbox 2098 1309 2329 1376; x_wconf 90' lang='lat' dir='ltr'><strong>locusta,</strong></span> <span class='ocrx_word' id='word_1_205' title='bbox 2379 1317 2434 1364; x_wconf 91' lang='lat' dir='ltr'><strong>et</strong></span> <span class='ocrx_word' id='word_1_206' title='bbox 2465 1323 2574 1362; x_wconf 92' lang='lat' dir='ltr'><strong>non</strong></span> <span class='ocrx_word' id='word_1_207' title='bbox 2605 1318 2690 1363; x_wconf 92' lang='lat' dir='ltr'><strong>est</strong></span> <span class='ocrx_word' id='word_1_208' title='bbox 2715 1307 2795 1362; x_wconf 92' lang='lat' dir='ltr'><strong>eis</strong></span> <span class='ocrx_word' id='word_1_209' title='bbox 2826 1323 3106 1364; x_wconf 87' lang='lat' dir='ltr'><strong>numerus.</strong></span> <span class='ocrx_word' id='word_1_210' title='bbox 3162 1306 3255 1360; x_wconf 77' lang='grc'><strong>24.</strong></span> <span class='ocrx_word' id='word_1_211' title='bbox 3300 1305 3530 1362; x_wconf 88' lang='lat' dir='ltr'><strong>Erubuit</strong></span> <span class='ocrx_word' id='word_1_212' title='bbox 3557 1309 3667 1363; x_wconf 89' lang='lat' dir='ltr'><strong>ﬁlia</strong></span> 
     </span>
    </p>
   </div>
   <div class='ocr_carea' id='block_1_28' title="bbox 2094 1399 3663 1472">
    <p class='ocr_par' dir='ltr' id='par_1_28' title="bbox 2094 1399 3663 1472">
     <span class='ocr_line' id='line_1_28' title="bbox 2094 1399 3663 1472; baseline -0.001 -17"><span class='ocrx_word' id='word_1_213' title='bbox 2094 1400 2334 1472; x_wconf 64' lang='lat' dir='ltr'><strong>Egypti,</strong></span> <span class='ocrx_word' id='word_1_214' title='bbox 2391 1400 2590 1455; x_wconf 88' lang='lat' dir='ltr'><strong>tradita</strong></span> <span class='ocrx_word' id='word_1_215' title='bbox 2620 1407 2704 1455; x_wconf 88' lang='lat' dir='ltr'><strong>est</strong></span> <span class='ocrx_word' id='word_1_216' title='bbox 2748 1400 2804 1452; x_wconf 91' lang='lat' dir='ltr'><strong>in</strong></span> <span class='ocrx_word' id='word_1_217' title='bbox 2834 1414 3032 1454; x_wconf 89' lang='lat' dir='ltr'><strong>manus</strong></span> <span class='ocrx_word' id='word_1_218' title='bbox 3067 1400 3253 1469; x_wconf 90' lang='lat' dir='ltr'><strong>populi</strong></span> <span class='ocrx_word' id='word_1_219' title='bbox 3288 1399 3357 1454; x_wconf 90' lang='lat' dir='ltr'><strong>ab</strong></span> <span class='ocrx_word' id='word_1_220' title='bbox 3389 1399 3663 1469; x_wconf 89' lang='lat' dir='ltr'><strong>aquilone.</strong></span> 
     </span>
    </p>
   </div>
   <div class='ocr_carea' id='block_1_29' title="bbox 2092 1487 3664 1559">
    <p class='ocr_par' dir='ltr' id='par_1_29' title="bbox 2092 1487 3664 1559">
     <span class='ocr_line' id='line_1_29' title="bbox 2092 1487 3664 1559; baseline 0.001 -17"><span class='ocrx_word' id='word_1_221' title='bbox 2092 1490 2186 1544; x_wconf 77' lang='lat'><strong>25.</strong></span> <span class='ocrx_word' id='word_1_222' title='bbox 2235 1491 2305 1558; x_wconf 66' lang='grc' dir='ltr'>Χ</span> <span class='ocrx_word' id='word_1_223' title='bbox 2333 1488 2481 1544; x_wconf 81' lang='lat' dir='ltr'><strong>Dixit</strong></span> <span class='ocrx_word' id='word_1_224' title='bbox 2524 1487 2790 1543; x_wconf 88' lang='lat' dir='ltr'><strong>Dominus</strong></span> <span class='ocrx_word' id='word_1_225' title='bbox 2843 1488 3110 1542; x_wconf 91' lang='lat' dir='ltr'><strong>virtutum</strong></span> <span class='ocrx_word' id='word_1_226' title='bbox 3163 1488 3305 1544; x_wconf 91' lang='lat' dir='ltr'><strong>Deus</strong></span> <span class='ocrx_word' id='word_1_227' title='bbox 3349 1487 3614 1559; x_wconf 66' lang='lat' dir='ltr'><strong>lsraelis:</strong></span> <span class='ocrx_word' id='word_1_228' title='bbox 3651 1507 3664 1544; x_wconf 90' lang='lat'><strong>:</strong></span> 
     </span>
    </p>
   </div>
   <div class='ocr_carea' id='block_1_30' title="bbox 2093 1579 3668 1652">
    <p class='ocr_par' dir='ltr' id='par_1_30' title="bbox 2093 1579 3668 1652">
     <span class='ocr_line' id='line_1_30' title="bbox 2093 1579 3668 1652; baseline 0 -18"><span class='ocrx_word' id='word_1_229' title='bbox 2093 1580 2235 1636; x_wconf 87' lang='lat' dir='ltr'><strong>Ecce</strong></span> <span class='ocrx_word' id='word_1_230' title='bbox 2291 1595 2394 1652; x_wconf 90' lang='lat' dir='ltr'><strong>ego</strong></span> <span class='ocrx_word' id='word_1_231' title='bbox 2453 1579 2530 1652; x_wconf 77' lang='grc' dir='ltr'><strong>(ιι)</strong></span> <span class='ocrx_word' id='word_1_232' title='bbox 2577 1580 2812 1636; x_wconf 88' lang='lat' dir='ltr'><strong>ulciscar</strong></span> <span class='ocrx_word' id='word_1_233' title='bbox 2866 1584 3100 1635; x_wconf 81' lang='lat' dir='ltr'><strong>Ammon</strong></span> <span class='ocrx_word' id='word_1_234' title='bbox 3144 1581 3318 1635; x_wconf 92' lang='lat' dir='ltr'><strong>ﬁlium</strong></span> <span class='ocrx_word' id='word_1_235' title='bbox 3351 1580 3471 1650; x_wconf 84' lang='lat' dir='ltr'><strong>ejus</strong></span> <span class='ocrx_word' id='word_1_236' title='bbox 3504 1597 3668 1651; x_wconf 89' lang='lat' dir='ltr'><strong>super</strong></span> 
     </span>
    </p>
   </div>
   <div class='ocr_carea' id='block_1_31' title="bbox 2093 1671 3666 1744">
    <p class='ocr_par' dir='ltr' id='par_1_31' title="bbox 2093 1671 3666 1744">
     <span class='ocr_line' id='line_1_31' title="bbox 2093 1671 3666 1744; baseline 0.001 -18"><span class='ocrx_word' id='word_1_237' title='bbox 2093 1671 2461 1737; x_wconf 84' lang='lat' dir='ltr'><strong>Pharaonem,</strong></span> <span class='ocrx_word' id='word_1_238' title='bbox 2492 1681 2546 1728; x_wconf 90' lang='lat' dir='ltr'><strong>et</strong></span> <span class='ocrx_word' id='word_1_239' title='bbox 2567 1687 2734 1742; x_wconf 86' lang='lat' dir='ltr'><strong>super</strong></span> <span class='ocrx_word' id='word_1_240' title='bbox 2756 1673 3072 1744; x_wconf 68' lang='lat' dir='ltr'><strong>Egyptum,</strong></span> <span class='ocrx_word' id='word_1_241' title='bbox 3104 1681 3157 1726; x_wconf 91' lang='lat' dir='ltr'><strong>et</strong></span> <span class='ocrx_word' id='word_1_242' title='bbox 3189 1687 3353 1742; x_wconf 90' lang='lat' dir='ltr'><strong>super</strong></span> <span class='ocrx_word' id='word_1_243' title='bbox 3370 1673 3502 1727; x_wconf 91' lang='lat' dir='ltr'><strong>deos</strong></span> <span class='ocrx_word' id='word_1_244' title='bbox 3524 1673 3666 1741; x_wconf 86' lang='lat' dir='ltr'><strong>ejus,</strong></span> 
     </span>
    </p>
   </div>
   <div class='ocr_carea' id='block_1_32' title="bbox 2095 1763 3670 1836">
    <p class='ocr_par' dir='ltr' id='par_1_32' title="bbox 2095 1763 3670 1836">
     <span class='ocr_line' id='line_1_32' title="bbox 2095 1763 3670 1836; baseline -0.001 -17"><span class='ocrx_word' id='word_1_245' title='bbox 2095 1773 2151 1819; x_wconf 91' lang='lat' dir='ltr'><strong>et</strong></span> <span class='ocrx_word' id='word_1_246' title='bbox 2186 1779 2350 1833; x_wconf 90' lang='lat' dir='ltr'><strong>super</strong></span> <span class='ocrx_word' id='word_1_247' title='bbox 2379 1780 2533 1834; x_wconf 87' lang='lat' dir='ltr'><strong>reges</strong></span> <span class='ocrx_word' id='word_1_248' title='bbox 2565 1764 2706 1836; x_wconf 91' lang='lat' dir='ltr'><strong>ejus,</strong></span> <span class='ocrx_word' id='word_1_249' title='bbox 2749 1773 2804 1819; x_wconf 91' lang='lat' dir='ltr'><strong>et</strong></span> <span class='ocrx_word' id='word_1_250' title='bbox 2829 1779 2994 1834; x_wconf 91' lang='lat' dir='ltr'><strong>super</strong></span> <span class='ocrx_word' id='word_1_251' title='bbox 3016 1763 3386 1830; x_wconf 86' lang='lat' dir='ltr'><strong>Pharaonem,</strong></span> <span class='ocrx_word' id='word_1_252' title='bbox 3417 1773 3471 1817; x_wconf 91' lang='lat' dir='ltr'><strong>ct</strong></span> <span class='ocrx_word' id='word_1_253' title='bbox 3505 1779 3670 1833; x_wconf 69' lang='lat' dir='ltr'><strong>super</strong></span> 
     </span>
    </p>
   </div>
   <div class='ocr_carea' id='block_1_33' title="bbox 423 1841 3666 1931">
    <p class='ocr_par' dir='ltr' id='par_1_33' title="bbox 423 1841 3666 1931">
     <span class='ocr_line' id='line_1_33' title="bbox 423 1841 3666 1931; baseline -0.001 -21"><span class='ocrx_word' id='word_1_254' title='bbox 423 1859 488 1929; x_wconf 80' lang='lat' dir='ltr'><strong>(t)</strong></span> <span class='ocrx_word' id='word_1_255' title='bbox 514 1857 830 1928; x_wconf 59' lang='lat' dir='ltr'><strong>[EthiOpum</strong></span> <span class='ocrx_word' id='word_1_256' title='bbox 863 1867 919 1912; x_wconf 84' lang='lat' dir='ltr'><strong>et</strong></span> <span class='ocrx_word' id='word_1_257' title='bbox 949 1858 1202 1930; x_wconf 87' lang='lat' dir='ltr'><strong>Lihyum,</strong></span> <span class='ocrx_word' id='word_1_258' title='bbox 1237 1857 1314 1931; x_wconf 71' lang='grc' dir='ltr'><strong>(α)</strong></span> <span class='ocrx_word' id='word_1_259' title='bbox 1338 1858 1532 1916; x_wconf 88' lang='lat' dir='ltr'><strong>armati</strong></span> <span class='ocrx_word' id='word_1_260' title='bbox 1560 1860 1754 1921; x_wconf 85' lang='lat' dir='ltr'><strong>armis,</strong></span> <span class='ocrx_word' id='word_1_261' title='bbox 1803 1865 1858 1912; x_wconf 91' lang='lat' dir='ltr'><strong>et</strong></span> <span class='ocrx_word' id='word_1_262' title='bbox 1883 1856 1988 1927; x_wconf 86' lang='lat' dir='ltr'><strong>Ly-</strong></span> <span class='ocrx_word' id='word_1_263' title='bbox 2025 1841 2065 1895; x_wconf 78' lang='grc' dir='ltr'><strong>Β</strong></span> <span class='ocrx_word' id='word_1_264' title='bbox 2093 1856 2429 1911; x_wconf 87' lang='lat' dir='ltr'><strong>conﬁdentes</strong></span> <span class='ocrx_word' id='word_1_265' title='bbox 2481 1871 2644 1924; x_wconf 90' lang='lat' dir='ltr'><strong>super</strong></span> <span class='ocrx_word' id='word_1_266' title='bbox 2687 1870 2774 1911; x_wconf 89' lang='lat' dir='ltr'><strong>eo.</strong></span> <span class='ocrx_word' id='word_1_267' title='bbox 2829 1855 2921 1911; x_wconf 77' lang='grc'><strong>26.</strong></span> <span class='ocrx_word' id='word_1_268' title='bbox 2976 1858 3042 1924; x_wconf 67' lang='grc' dir='ltr'><strong>&gt;θί</strong></span> <span class='ocrx_word' id='word_1_269' title='bbox 3083 1853 3147 1910; x_wconf 85' lang='grc' dir='ltr'><strong>Ει</strong></span> <span class='ocrx_word' id='word_1_270' title='bbox 3196 1855 3409 1909; x_wconf 86' lang='lat' dir='ltr'><strong>tradam</strong></span> <span class='ocrx_word' id='word_1_271' title='bbox 3463 1869 3561 1908; x_wconf 89' lang='lat' dir='ltr'><strong>eos</strong></span> <span class='ocrx_word' id='word_1_272' title='bbox 3612 1854 3666 1908; x_wconf 91' lang='lat' dir='ltr'><strong>in</strong></span> 
     </span>
    </p>
   </div>
   <div class='ocr_carea' id='block_1_34' title="bbox 421 1948 1993 2021">
    <p class='ocr_par' dir='ltr' id='par_1_34' title="bbox 421 1948 1993 2021">
     <span class='ocr_line' id='line_1_34' title="bbox 421 1948 1993 2021; baseline -0.001 -16"><span class='ocrx_word' id='word_1_273' title='bbox 421 1950 521 2016; x_wconf 86' lang='lat' dir='ltr'><strong>dii,</strong></span> <span class='ocrx_word' id='word_1_274' title='bbox 557 1950 638 2021; x_wconf 70' lang='grc' dir='ltr'><strong>(π)</strong></span> <span class='ocrx_word' id='word_1_275' title='bbox 661 1950 960 2015; x_wconf 79' lang='lat' dir='ltr'><strong>ascendite,</strong></span> <span class='ocrx_word' id='word_1_276' title='bbox 1009 1951 1215 2006; x_wconf 85' lang='lat' dir='ltr'><strong>tendite</strong></span> <span class='ocrx_word' id='word_1_277' title='bbox 1264 1965 1452 2005; x_wconf 90' lang='lat' dir='ltr'><strong>arcum</strong></span> <span class='ocrx_word' id='word_1_278' title='bbox 1486 1969 1501 2004; x_wconf 88' lang='lat'><strong>:</strong></span> <span class='ocrx_word' id='word_1_279' title='bbox 1539 1950 1624 2004; x_wconf 83' lang='grc'><strong>10.</strong></span> <span class='ocrx_word' id='word_1_280' title='bbox 1664 1957 1720 2005; x_wconf 91' lang='lat' dir='ltr'><strong>et</strong></span> <span class='ocrx_word' id='word_1_281' title='bbox 1747 1949 1867 2004; x_wconf 86' lang='lat' dir='ltr'><strong>dies</strong></span> <span class='ocrx_word' id='word_1_282' title='bbox 1905 1948 1993 2004; x_wconf 79' lang='lat' dir='ltr'><strong>ille.</strong></span> 
     </span>
    </p>
   </div>
   <div class='ocr_carea' id='block_1_35' title="bbox 426 2039 1992 2104">
    <p class='ocr_par' dir='ltr' id='par_1_35' title="bbox 426 2039 1992 2104">
     <span class='ocr_line' id='line_1_35' title="bbox 426 2039 1992 2104; baseline 0.001 -13"><span class='ocrx_word' id='word_1_283' title='bbox 426 2039 658 2094; x_wconf 88' lang='lat' dir='ltr'><strong>Domino</strong></span> <span class='ocrx_word' id='word_1_284' title='bbox 705 2039 813 2094; x_wconf 85' lang='lat' dir='ltr'><strong>Deo</strong></span> <span class='ocrx_word' id='word_1_285' title='bbox 857 2051 1050 2095; x_wconf 85' lang='lat' dir='ltr'><strong>nostro</strong></span> <span class='ocrx_word' id='word_1_286' title='bbox 1096 2039 1215 2095; x_wconf 87' lang='lat' dir='ltr'><strong>dies</strong></span> <span class='ocrx_word' id='word_1_287' title='bbox 1257 2041 1533 2104; x_wconf 68' lang='lat' dir='ltr'><strong>vindictae,</strong></span> <span class='ocrx_word' id='word_1_288' title='bbox 1566 2039 1633 2095; x_wconf 88' lang='lat' dir='ltr'><strong>ad</strong></span> <span class='ocrx_word' id='word_1_289' title='bbox 1664 2039 1992 2095; x_wconf 89' lang='lat' dir='ltr'><strong>sumendum</strong></span> 
     </span>
    </p>
   </div>
   <div class='ocr_carea' id='block_1_36' title="bbox 423 2129 1997 2201">
    <p class='ocr_par' dir='ltr' id='par_1_36' title="bbox 423 2129 1997 2201">
     <span class='ocr_line' id='line_1_36' title="bbox 423 2129 1997 2201; baseline 0.001 -18"><span class='ocrx_word' id='word_1_290' title='bbox 423 2131 720 2184; x_wconf 78' lang='lat' dir='ltr'><strong>vindictam</strong></span> <span class='ocrx_word' id='word_1_291' title='bbox 760 2129 828 2185; x_wconf 91' lang='lat' dir='ltr'><strong>de</strong></span> <span class='ocrx_word' id='word_1_292' title='bbox 858 2130 1098 2186; x_wconf 86' lang='lat' dir='ltr'><strong>inimicis</strong></span> <span class='ocrx_word' id='word_1_293' title='bbox 1127 2131 1246 2186; x_wconf 81' lang='lat' dir='ltr'><strong>suis</strong></span> <span class='ocrx_word' id='word_1_294' title='bbox 1271 2148 1286 2186; x_wconf 90' lang='lat'><strong>:</strong></span> <span class='ocrx_word' id='word_1_295' title='bbox 1308 2139 1363 2186; x_wconf 87' lang='lat' dir='ltr'><strong>et</strong></span> <span class='ocrx_word' id='word_1_296' title='bbox 1392 2131 1640 2186; x_wconf 87' lang='lat' dir='ltr'><strong>comedet</strong></span> <span class='ocrx_word' id='word_1_297' title='bbox 1667 2129 1901 2201; x_wconf 75' lang='lat' dir='ltr'><strong>gladius,</strong></span> <span class='ocrx_word' id='word_1_298' title='bbox 1940 2138 1997 2184; x_wconf 87' lang='lat' dir='ltr'><strong>et</strong></span> 
     </span>
    </p>
   </div>
   <div class='ocr_carea' id='block_1_37' title="bbox 423 2220 1992 2292">
    <p class='ocr_par' dir='ltr' id='par_1_37' title="bbox 423 2220 1992 2292">
     <span class='ocr_line' id='line_1_37' title="bbox 423 2220 1992 2292; baseline -0.003 -16"><span class='ocrx_word' id='word_1_299' title='bbox 423 2221 781 2287; x_wconf 84' lang='lat' dir='ltr'><strong>saturabitur,</strong></span> <span class='ocrx_word' id='word_1_300' title='bbox 844 2231 900 2276; x_wconf 90' lang='lat' dir='ltr'><strong>et</strong></span> <span class='ocrx_word' id='word_1_301' title='bbox 952 2220 1313 2276; x_wconf 86' lang='lat' dir='ltr'><strong>inebriabitur</strong></span> <span class='ocrx_word' id='word_1_302' title='bbox 1357 2236 1392 2276; x_wconf 86' lang='lat' dir='ltr'><strong>a</strong></span> <span class='ocrx_word' id='word_1_303' title='bbox 1443 2220 1713 2292; x_wconf 80' lang='lat' dir='ltr'><strong>sanguine</strong></span> <span class='ocrx_word' id='word_1_304' title='bbox 1755 2232 1992 2286; x_wconf 85' lang='lat' dir='ltr'><strong>eorum;</strong></span> 
     </span>
    </p>
   </div>
   <div class='ocr_carea' id='block_1_38' title="bbox 422 2310 1984 2381">
    <p class='ocr_par' dir='ltr' id='par_1_38' title="bbox 422 2310 1984 2381">
     <span class='ocr_line' id='line_1_38' title="bbox 422 2310 1984 2381; baseline 0.001 -17"><span class='ocrx_word' id='word_1_305' title='bbox 422 2312 551 2381; x_wconf 89' lang='lat' dir='ltr'><strong>quia</strong></span> <span class='ocrx_word' id='word_1_306' title='bbox 600 2310 927 2366; x_wconf 82' lang='lat' dir='ltr'><strong>sacrificium</strong></span> <span class='ocrx_word' id='word_1_307' title='bbox 963 2311 1193 2366; x_wconf 91' lang='lat' dir='ltr'><strong>Domino</strong></span> <span class='ocrx_word' id='word_1_308' title='bbox 1246 2312 1476 2370; x_wconf 89' lang='lat' dir='ltr'><strong>Domino</strong></span> <span class='ocrx_word' id='word_1_309' title='bbox 1504 2312 1745 2367; x_wconf 88' lang='lat' dir='ltr'><strong>Sebaoth</strong></span> <span class='ocrx_word' id='word_1_310' title='bbox 1774 2327 1806 2367; x_wconf 89' lang='lat' dir='ltr'><strong>a</strong></span> <span class='ocrx_word' id='word_1_311' title='bbox 1836 2321 1984 2366; x_wconf 87' lang='lat' dir='ltr'><strong>terra</strong></span> 
     </span>
    </p>
   </div>
   <div class='ocr_carea' id='block_1_39' title="bbox 424 2401 1997 2474">
    <p class='ocr_par' dir='ltr' id='par_1_39' title="bbox 424 2401 1997 2474">
     <span class='ocr_line' id='line_1_39' title="bbox 424 2401 1997 2474; baseline 0 -18"><span class='ocrx_word' id='word_1_312' title='bbox 424 2403 706 2472; x_wconf 84' lang='lat' dir='ltr'><strong>aquilonis</strong></span> <span class='ocrx_word' id='word_1_313' title='bbox 762 2418 928 2471; x_wconf 82' lang='lat' dir='ltr'><strong>super</strong></span> <span class='ocrx_word' id='word_1_314' title='bbox 977 2401 1184 2458; x_wconf 90' lang='lat' dir='ltr'><strong>ﬂumen</strong></span> <span class='ocrx_word' id='word_1_315' title='bbox 1223 2402 1490 2473; x_wconf 86' lang='lat' dir='ltr'><strong>Euphrat.</strong></span> <span class='ocrx_word' id='word_1_316' title='bbox 1529 2404 1616 2458; x_wconf 82' lang='grc'><strong>11.</strong></span> <span class='ocrx_word' id='word_1_317' title='bbox 1641 2403 1717 2474; x_wconf 79' lang='lat' dir='ltr'><strong>(y)</strong></span> <span class='ocrx_word' id='word_1_318' title='bbox 1746 2401 1997 2459; x_wconf 80' lang='lat' dir='ltr'><strong>Ascende</strong></span> 
     </span>
    </p>
   </div>
   <div class='ocr_carea' id='block_1_40' title="bbox 424 2493 1990 2566">
    <p class='ocr_par' dir='ltr' id='par_1_40' title="bbox 424 2493 1990 2566">
     <span class='ocr_line' id='line_1_40' title="bbox 424 2493 1990 2566; baseline -0.001 -17"><span class='ocrx_word' id='word_1_319' title='bbox 424 2495 653 2561; x_wconf 86' lang='lat' dir='ltr'><strong>Galaad,</strong></span> <span class='ocrx_word' id='word_1_320' title='bbox 703 2504 763 2552; x_wconf 84' lang='lat' dir='ltr'><strong>et</strong></span> <span class='ocrx_word' id='word_1_321' title='bbox 793 2510 951 2550; x_wconf 87' lang='lat' dir='ltr'><strong>sume</strong></span> <span class='ocrx_word' id='word_1_322' title='bbox 977 2495 1217 2552; x_wconf 84' lang='lat' dir='ltr'><strong>resinam</strong></span> <span class='ocrx_word' id='word_1_323' title='bbox 1253 2494 1326 2566; x_wconf 69' lang='grc' dir='ltr'>(λ)</span> <span class='ocrx_word' id='word_1_324' title='bbox 1352 2496 1546 2566; x_wconf 78' lang='lat' dir='ltr'><strong>virgini</strong></span> <span class='ocrx_word' id='word_1_325' title='bbox 1573 2496 1699 2550; x_wconf 66' lang='lat' dir='ltr'><strong>filia:</strong></span> <span class='ocrx_word' id='word_1_326' title='bbox 1723 2493 1942 2566; x_wconf 69' lang='lat' dir='ltr'><strong>Egypti</strong></span> <span class='ocrx_word' id='word_1_327' title='bbox 1975 2509 1990 2547; x_wconf 90' lang='lat'><strong>:</strong></span> 
     </span>
    </p>
   </div>
   <div class='ocr_carea' id='block_1_41' title="bbox 425 2586 1998 2657">
    <p class='ocr_par' dir='ltr' id='par_1_41' title="bbox 425 2586 1998 2657">
     <span class='ocr_line' id='line_1_41' title="bbox 425 2586 1998 2657; baseline 0.002 -18"><span class='ocrx_word' id='word_1_328' title='bbox 425 2586 480 2639; x_wconf 90' lang='lat' dir='ltr'><strong>in</strong></span> <span class='ocrx_word' id='word_1_329' title='bbox 506 2602 706 2641; x_wconf 88' lang='lat' dir='ltr'><strong>vanum</strong></span> <span class='ocrx_word' id='word_1_330' title='bbox 729 2587 1102 2657; x_wconf 87' lang='lat' dir='ltr'><strong>multiplicasti</strong></span> <span class='ocrx_word' id='word_1_331' title='bbox 1130 2588 1369 2642; x_wconf 89' lang='lat' dir='ltr'><strong>medelas</strong></span> <span class='ocrx_word' id='word_1_332' title='bbox 1388 2598 1531 2653; x_wconf 88' lang='lat' dir='ltr'><strong>tuas,</strong></span> <span class='ocrx_word' id='word_1_333' title='bbox 1559 2588 1768 2642; x_wconf 88' lang='lat' dir='ltr'><strong>utilitas</strong></span> <span class='ocrx_word' id='word_1_334' title='bbox 1783 2602 1892 2641; x_wconf 89' lang='lat' dir='ltr'><strong>non</strong></span> <span class='ocrx_word' id='word_1_335' title='bbox 1913 2595 1998 2642; x_wconf 86' lang='lat' dir='ltr'><strong>est</strong></span> 
     </span>
    </p>
   </div>
   <div class='ocr_carea' id='block_1_42' title="bbox 423 2675 1994 2746">
    <p class='ocr_par' dir='ltr' id='par_1_42' title="bbox 423 2675 1994 2746">
     <span class='ocr_line' id='line_1_42' title="bbox 423 2675 1994 2746; baseline -0.001 -16"><span class='ocrx_word' id='word_1_336' title='bbox 423 2675 542 2731; x_wconf 84' lang='lat' dir='ltr'><strong>tibi.</strong></span> <span class='ocrx_word' id='word_1_337' title='bbox 587 2675 675 2732; x_wconf 70' lang='grc'><strong>12.</strong></span> <span class='ocrx_word' id='word_1_338' title='bbox 702 2676 1044 2732; x_wconf 82' lang='lat' dir='ltr'><strong>Audiverunt</strong></span> <span class='ocrx_word' id='word_1_339' title='bbox 1066 2687 1257 2746; x_wconf 86' lang='lat' dir='ltr'><strong>gentes</strong></span> <span class='ocrx_word' id='word_1_340' title='bbox 1291 2677 1370 2746; x_wconf 92' lang='lat' dir='ltr'><strong>(a)</strong></span> <span class='ocrx_word' id='word_1_341' title='bbox 1393 2691 1582 2733; x_wconf 89' lang='lat' dir='ltr'><strong>vocem</strong></span> <span class='ocrx_word' id='word_1_342' title='bbox 1609 2686 1782 2740; x_wconf 91' lang='lat' dir='ltr'><strong>tuam,</strong></span> <span class='ocrx_word' id='word_1_343' title='bbox 1812 2685 1869 2731; x_wconf 93' lang='lat' dir='ltr'><strong>et</strong></span> <span class='ocrx_word' id='word_1_344' title='bbox 1889 2677 1994 2730; x_wconf 53' lang='lat' dir='ltr'><strong>cla.</strong></span> 
     </span>
    </p>
   </div>
   <div class='ocr_carea' id='block_1_43' title="bbox 425 2767 1996 2839">
    <p class='ocr_par' dir='ltr' id='par_1_43' title="bbox 425 2767 1996 2839">
     <span class='ocr_line' id='line_1_43' title="bbox 425 2767 1996 2839; baseline -0.001 -17"><span class='ocrx_word' id='word_1_345' title='bbox 425 2783 578 2823; x_wconf 88' lang='lat' dir='ltr'><strong>tnore</strong></span> <span class='ocrx_word' id='word_1_346' title='bbox 609 2775 704 2822; x_wconf 89' lang='lat' dir='ltr'><strong>tuo</strong></span> <span class='ocrx_word' id='word_1_347' title='bbox 739 2768 962 2839; x_wconf 86' lang='lat' dir='ltr'><strong>impleta</strong></span> <span class='ocrx_word' id='word_1_348' title='bbox 989 2781 1074 2822; x_wconf 67' lang='grc' dir='ltr'><strong>εει</strong></span> <span class='ocrx_word' id='word_1_349' title='bbox 1113 2776 1294 2835; x_wconf 89' lang='lat' dir='ltr'><strong>terra;</strong></span> <span class='ocrx_word' id='word_1_350' title='bbox 1328 2770 1459 2838; x_wconf 87' lang='lat' dir='ltr'><strong>quia</strong></span> <span class='ocrx_word' id='word_1_351' title='bbox 1492 2778 1763 2839; x_wconf 84' lang='lat' dir='ltr'><strong>pugnator</strong></span> <span class='ocrx_word' id='word_1_352' title='bbox 1791 2767 1859 2821; x_wconf 90' lang='lat' dir='ltr'><strong>ad</strong></span> <span class='ocrx_word' id='word_1_353' title='bbox 1892 2782 1996 2836; x_wconf 83' lang='lat' dir='ltr'><strong>pu-</strong></span> 
     </span>
    </p>
   </div>
   <div class='ocr_carea' id='block_1_44' title="bbox 425 2857 1987 2928">
    <p class='ocr_par' dir='ltr' id='par_1_44' title="bbox 425 2857 1987 2928">
     <span class='ocr_line' id='line_1_44' title="bbox 425 2857 1987 2928; baseline -0.001 -15"><span class='ocrx_word' id='word_1_354' title='bbox 425 2866 707 2928; x_wconf 85' lang='lat' dir='ltr'><strong>gnatorem</strong></span> <span class='ocrx_word' id='word_1_355' title='bbox 757 2859 1064 2915; x_wconf 78' lang='lat' dir='ltr'><strong>inﬁrmatus</strong></span> <span class='ocrx_word' id='word_1_356' title='bbox 1108 2868 1216 2925; x_wconf 87' lang='lat' dir='ltr'><strong>est,</strong></span> <span class='ocrx_word' id='word_1_357' title='bbox 1261 2860 1428 2915; x_wconf 86' lang='lat' dir='ltr'><strong>simul</strong></span> <span class='ocrx_word' id='word_1_358' title='bbox 1457 2860 1774 2915; x_wconf 89' lang='lat' dir='ltr'><strong>ceciderunt</strong></span> <span class='ocrx_word' id='word_1_359' title='bbox 1801 2857 1987 2914; x_wconf 89' lang='lat' dir='ltr'><strong>ambo.</strong></span> 
     </span>
    </p>
   </div>
   <div class='ocr_carea' id='block_1_45' title="bbox 427 2947 1993 3020">
    <p class='ocr_par' dir='ltr' id='par_1_45' title="bbox 427 2947 1993 3020">
     <span class='ocr_line' id='line_1_45' title="bbox 427 2947 1993 3020; baseline 0.001 -18"><span class='ocrx_word' id='word_1_360' title='bbox 427 2949 513 3002; x_wconf 77' lang='grc'><strong>15.</strong></span> <span class='ocrx_word' id='word_1_361' title='bbox 535 2951 603 3018; x_wconf 65' lang='lat' dir='ltr'>x</span> <span class='ocrx_word' id='word_1_362' title='bbox 624 2947 858 3004; x_wconf 87' lang='lat' dir='ltr'><strong>Verbum</strong></span> <span class='ocrx_word' id='word_1_363' title='bbox 885 2951 909 3020; x_wconf 71' lang='grc' dir='ltr'>ζ</span> <span class='ocrx_word' id='word_1_364' title='bbox 943 2951 1087 3020; x_wconf 89' lang='lat' dir='ltr'><strong>quod</strong></span> <span class='ocrx_word' id='word_1_365' title='bbox 1117 2952 1334 3007; x_wconf 88' lang='lat' dir='ltr'><strong>locutus</strong></span> <span class='ocrx_word' id='word_1_366' title='bbox 1351 2958 1436 3006; x_wconf 92' lang='lat' dir='ltr'><strong>est</strong></span> <span class='ocrx_word' id='word_1_367' title='bbox 1459 2949 1724 3006; x_wconf 89' lang='lat' dir='ltr'><strong>Dominus</strong></span> <span class='ocrx_word' id='word_1_368' title='bbox 1746 2951 1802 3004; x_wconf 89' lang='lat' dir='ltr'><strong>in</strong></span> <span class='ocrx_word' id='word_1_369' title='bbox 1825 2965 1993 3004; x_wconf 87' lang='lat' dir='ltr'><strong>manu</strong></span> 
     </span>
    </p>
   </div>
   <div class='ocr_carea' id='block_1_46' title="bbox 423 3038 1988 3112">
    <p class='ocr_par' dir='ltr' id='par_1_46' title="bbox 423 3038 1988 3112">
     <span class='ocr_line' id='line_1_46' title="bbox 423 3038 1988 3112; baseline -0.001 -18"><span class='ocrx_word' id='word_1_370' title='bbox 423 3038 672 3096; x_wconf 72' lang='lat' dir='ltr'><strong>Jeremize</strong></span> <span class='ocrx_word' id='word_1_371' title='bbox 716 3043 1012 3112; x_wconf 81' lang='lat' dir='ltr'><strong>prophetae,</strong></span> <span class='ocrx_word' id='word_1_372' title='bbox 1073 3057 1196 3097; x_wconf 91' lang='lat' dir='ltr'><strong>cum</strong></span> <span class='ocrx_word' id='word_1_373' title='bbox 1247 3042 1456 3097; x_wconf 90' lang='lat' dir='ltr'><strong>veniret</strong></span> <span class='ocrx_word' id='word_1_374' title='bbox 1479 3039 1988 3096; x_wconf 87' lang='lat' dir='ltr'><strong>Nabuchodonosor</strong></span> 
     </span>
    </p>
   </div>
   <div class='ocr_carea' id='block_1_47' title="bbox 2097 1946 3666 2017">
    <p class='ocr_par' dir='ltr' id='par_1_47' title="bbox 2097 1946 3666 2017">
     <span class='ocr_line' id='line_1_47' title="bbox 2097 1946 3666 2017; baseline -0.001 -17"><span class='ocrx_word' id='word_1_375' title='bbox 2097 1963 2319 2001; x_wconf 88' lang='lat' dir='ltr'><strong>manum</strong></span> <span class='ocrx_word' id='word_1_376' title='bbox 2354 1947 2716 2017; x_wconf 59' lang='lat' dir='ltr'><strong>quaerentium</strong></span> <span class='ocrx_word' id='word_1_377' title='bbox 2761 1949 3003 2002; x_wconf 89' lang='lat' dir='ltr'><strong>animam</strong></span> <span class='ocrx_word' id='word_1_378' title='bbox 3039 1962 3253 2010; x_wconf 88' lang='lat' dir='ltr'><strong>eorum,</strong></span> <span class='ocrx_word' id='word_1_379' title='bbox 3313 1955 3368 2002; x_wconf 89' lang='lat' dir='ltr'><strong>et</strong></span> <span class='ocrx_word' id='word_1_380' title='bbox 3413 1946 3467 2000; x_wconf 91' lang='lat' dir='ltr'><strong>in</strong></span> <span class='ocrx_word' id='word_1_381' title='bbox 3501 1961 3666 1999; x_wconf 88' lang='lat' dir='ltr'><strong>manu</strong></span> 
     </span>
    </p>
   </div>
   <div class='ocr_carea' id='block_1_48' title="bbox 2094 2036 3666 2108">
    <p class='ocr_par' dir='ltr' id='par_1_48' title="bbox 2094 2036 3666 2108">
     <span class='ocr_line' id='line_1_48' title="bbox 2094 2036 3666 2108; baseline 0 -18"><span class='ocrx_word' id='word_1_382' title='bbox 2094 2036 2652 2093; x_wconf 87' lang='lat' dir='ltr'><strong>Nabuchodonosoris</strong></span> <span class='ocrx_word' id='word_1_383' title='bbox 2679 2039 2826 2108; x_wconf 90' lang='lat' dir='ltr'><strong>regis</strong></span> <span class='ocrx_word' id='word_1_384' title='bbox 2848 2037 3166 2108; x_wconf 86' lang='lat' dir='ltr'><strong>Babylonis,</strong></span> <span class='ocrx_word' id='word_1_385' title='bbox 3201 2047 3252 2093; x_wconf 88' lang='lat' dir='ltr'><strong>et</strong></span> <span class='ocrx_word' id='word_1_386' title='bbox 3280 2037 3335 2090; x_wconf 93' lang='lat' dir='ltr'><strong>in</strong></span> <span class='ocrx_word' id='word_1_387' title='bbox 3365 2052 3529 2090; x_wconf 87' lang='lat' dir='ltr'><strong>manu</strong></span> <span class='ocrx_word' id='word_1_388' title='bbox 3554 2051 3666 2090; x_wconf 59' lang='lat' dir='ltr'><strong>serv</strong></span> 
     </span>
    </p>
   </div>
   <div class='ocr_carea' id='block_1_49' title="bbox 2095 2127 3671 2198">
    <p class='ocr_par' dir='ltr' id='par_1_49' title="bbox 2095 2127 3671 2198">
     <span class='ocr_line' id='line_1_49' title="bbox 2095 2127 3671 2198; baseline -0.001 -15"><span class='ocrx_word' id='word_1_389' title='bbox 2095 2143 2283 2183; x_wconf 92' lang='lat' dir='ltr'><strong>vorum</strong></span> <span class='ocrx_word' id='word_1_390' title='bbox 2329 2127 2468 2197; x_wconf 89' lang='lat' dir='ltr'><strong>ejus,</strong></span> <span class='ocrx_word' id='word_1_391' title='bbox 2529 2139 2583 2183; x_wconf 91' lang='lat' dir='ltr'><strong>et</strong></span> <span class='ocrx_word' id='word_1_392' title='bbox 2628 2137 2750 2198; x_wconf 90' lang='lat' dir='ltr'><strong>post</strong></span> <span class='ocrx_word' id='word_1_393' title='bbox 2789 2128 2902 2182; x_wconf 84' lang='lat' dir='ltr'><strong>haec</strong></span> <span class='ocrx_word' id='word_1_394' title='bbox 2931 2129 3175 2198; x_wconf 88' lang='lat' dir='ltr'><strong>quiescet</strong></span> <span class='ocrx_word' id='word_1_395' title='bbox 3224 2127 3462 2195; x_wconf 77' lang='lat' dir='ltr'><strong>(x)sicut</strong></span> <span class='ocrx_word' id='word_1_396' title='bbox 3489 2127 3557 2180; x_wconf 88' lang='lat' dir='ltr'><strong>ab</strong></span> <span class='ocrx_word' id='word_1_397' title='bbox 3575 2142 3671 2184; x_wconf 84' lang='lat' dir='ltr'><strong>an-</strong></span> 
     </span>
    </p>
   </div>
   <div class='ocr_carea' id='block_1_50' title="bbox 2097 2218 3662 2290">
    <p class='ocr_par' dir='ltr' id='par_1_50' title="bbox 2097 2218 3662 2290">
     <span class='ocr_line' id='line_1_50' title="bbox 2097 2218 3662 2290; baseline -0.001 -17"><span class='ocrx_word' id='word_1_398' title='bbox 2097 2220 2269 2290; x_wconf 92' lang='lat' dir='ltr'><strong>tiquo,</strong></span> <span class='ocrx_word' id='word_1_399' title='bbox 2317 2219 2450 2274; x_wconf 89' lang='lat' dir='ltr'><strong>dicit</strong></span> <span class='ocrx_word' id='word_1_400' title='bbox 2495 2219 2765 2276; x_wconf 86' lang='lat' dir='ltr'><strong>Dominus</strong></span> <span class='ocrx_word' id='word_1_401' title='bbox 2791 2221 2838 2290; x_wconf 71' lang='lat'><strong>:.</strong></span> <span class='ocrx_word' id='word_1_402' title='bbox 2891 2218 3045 2274; x_wconf 84' lang='lat' dir='ltr'><strong>Finis</strong></span> <span class='ocrx_word' id='word_1_403' title='bbox 3088 2219 3390 2290; x_wconf 75' lang='lat' dir='ltr'><strong>prophetiae</strong></span> <span class='ocrx_word' id='word_1_404' title='bbox 3416 2218 3662 2290; x_wconf 65' lang='lat' dir='ltr'><strong>Egypti.</strong></span> 
     </span>
    </p>
   </div>
   <div class='ocr_carea' id='block_1_51' title="bbox 2096 2309 3670 2389">
    <p class='ocr_par' dir='ltr' id='par_1_51' title="bbox 2096 2309 3670 2389">
     <span class='ocr_line' id='line_1_51' title="bbox 2096 2309 3670 2389; baseline 0.001 -24"><span class='ocrx_word' id='word_1_405' title='bbox 2096 2311 2186 2365; x_wconf 76' lang='lat'><strong>27.</strong></span> <span class='ocrx_word' id='word_1_406' title='bbox 2220 2310 2302 2366; x_wconf 89' lang='lat' dir='ltr'><strong>&#39;l‘u</strong></span> <span class='ocrx_word' id='word_1_407' title='bbox 2331 2321 2538 2377; x_wconf 88' lang='lat' dir='ltr'><strong>autem,</strong></span> <span class='ocrx_word' id='word_1_408' title='bbox 2590 2327 2658 2366; x_wconf 92' lang='lat' dir='ltr'><strong>ne</strong></span> <span class='ocrx_word' id='word_1_409' title='bbox 2683 2312 2907 2389; x_wconf 82' lang='lat' dir='ltr'><strong>timeas,</strong></span> <span class='ocrx_word' id='word_1_410' title='bbox 2963 2327 3119 2366; x_wconf 90' lang='lat' dir='ltr'><strong>serve</strong></span> <span class='ocrx_word' id='word_1_411' title='bbox 3155 2311 3229 2365; x_wconf 91' lang='lat' dir='ltr'><strong>mi</strong></span> <span class='ocrx_word' id='word_1_412' title='bbox 3257 2309 3450 2376; x_wconf 82' lang='lat' dir='ltr'><strong>Jacob,</strong></span> <span class='ocrx_word' id='word_1_413' title='bbox 3494 2326 3670 2380; x_wconf 82' lang='lat' dir='ltr'><strong>neque</strong></span> 
     </span>
    </p>
   </div>
   <div class='ocr_carea' id='block_1_52' title="bbox 2098 2401 3670 2474">
    <p class='ocr_par' dir='ltr' id='par_1_52' title="bbox 2098 2401 3670 2474">
     <span class='ocr_line' id='line_1_52' title="bbox 2098 2401 3670 2474; baseline -0.001 -17"><span class='ocrx_word' id='word_1_414' title='bbox 2098 2417 2315 2473; x_wconf 88' lang='lat' dir='ltr'><strong>paveas,</strong></span> <span class='ocrx_word' id='word_1_415' title='bbox 2346 2401 2550 2469; x_wconf 89' lang='lat' dir='ltr'><strong>Israel;</strong></span> <span class='ocrx_word' id='word_1_416' title='bbox 2581 2403 2706 2473; x_wconf 89' lang='lat' dir='ltr'><strong>quia</strong></span> <span class='ocrx_word' id='word_1_417' title='bbox 2737 2418 2864 2459; x_wconf 88' lang='lat' dir='ltr'><strong>ecce</strong></span> <span class='ocrx_word' id='word_1_418' title='bbox 2892 2418 2992 2474; x_wconf 88' lang='lat' dir='ltr'><strong>ego</strong></span> <span class='ocrx_word' id='word_1_419' title='bbox 3027 2404 3179 2458; x_wconf 92' lang='lat' dir='ltr'><strong>salvo</strong></span> <span class='ocrx_word' id='word_1_420' title='bbox 3212 2411 3262 2457; x_wconf 91' lang='lat' dir='ltr'><strong>te</strong></span> <span class='ocrx_word' id='word_1_421' title='bbox 3286 2418 3315 2456; x_wconf 91' lang='lat' dir='ltr'><strong>e</strong></span> <span class='ocrx_word' id='word_1_422' title='bbox 3344 2402 3670 2472; x_wconf 84' lang='lat' dir='ltr'><strong>longinquo,</strong></span> 
     </span>
    </p>
   </div>
   <div class='ocr_carea' id='block_1_53' title="bbox 2096 2495 3672 2566">
    <p class='ocr_par' dir='ltr' id='par_1_53' title="bbox 2096 2495 3672 2566">
     <span class='ocr_line' id='line_1_53' title="bbox 2096 2495 3672 2566; baseline -0.001 -16"><span class='ocrx_word' id='word_1_423' title='bbox 2096 2504 2151 2550; x_wconf 91' lang='lat' dir='ltr'><strong>et</strong></span> <span class='ocrx_word' id='word_1_424' title='bbox 2184 2509 2371 2550; x_wconf 89' lang='lat' dir='ltr'><strong>semen</strong></span> <span class='ocrx_word' id='word_1_425' title='bbox 2409 2505 2564 2549; x_wconf 90' lang='lat' dir='ltr'><strong>tuum</strong></span> <span class='ocrx_word' id='word_1_426' title='bbox 2599 2511 2666 2550; x_wconf 80' lang='lat' dir='ltr'><strong>ex</strong></span> <span class='ocrx_word' id='word_1_427' title='bbox 2703 2503 2849 2551; x_wconf 90' lang='lat' dir='ltr'><strong>terra</strong></span> <span class='ocrx_word' id='word_1_428' title='bbox 2884 2495 3220 2566; x_wconf 76' lang='lat' dir='ltr'><strong>captivitatis</strong></span> <span class='ocrx_word' id='word_1_429' title='bbox 3251 2510 3442 2549; x_wconf 90' lang='lat' dir='ltr'><strong>eorum</strong></span> <span class='ocrx_word' id='word_1_430' title='bbox 3477 2503 3672 2550; x_wconf 90' lang='lat' dir='ltr'><strong>:etre-</strong></span> 
     </span>
    </p>
   </div>
   <div class='ocr_carea' id='block_1_54' title="bbox 2098 2576 3674 2656">
    <p class='ocr_par' dir='ltr' id='par_1_54' title="bbox 2098 2576 3674 2656">
     <span class='ocr_line' id='line_1_54' title="bbox 2098 2576 3674 2656; baseline 0.001 -18"><span class='ocrx_word' id='word_1_431' title='bbox 2098 2594 2337 2640; x_wconf 87' lang='lat' dir='ltr'><strong>vertetur</strong></span> <span class='ocrx_word' id='word_1_432' title='bbox 2381 2583 2573 2648; x_wconf 81' lang='lat' dir='ltr'><strong>Jacob,</strong></span> <span class='ocrx_word' id='word_1_433' title='bbox 2629 2576 3098 2655; x_wconf 38' lang='lat' dir='ltr'><strong>et&#39;conquiescet,</strong></span> <span class='ocrx_word' id='word_1_434' title='bbox 3136 2597 3191 2641; x_wconf 91' lang='lat' dir='ltr'><strong>et</strong></span> <span class='ocrx_word' id='word_1_435' title='bbox 3223 2585 3300 2656; x_wconf 69' lang='grc' dir='ltr'><strong>(υ)</strong></span> <span class='ocrx_word' id='word_1_436' title='bbox 3323 2586 3580 2651; x_wconf 87' lang='lat' dir='ltr'><strong>dormiet,</strong></span> <span class='ocrx_word' id='word_1_437' title='bbox 3618 2594 3674 2640; x_wconf 90' lang='lat' dir='ltr'><strong>et</strong></span> 
     </span>
    </p>
   </div>
   <div class='ocr_carea' id='block_1_55' title="bbox 2097 2675 3671 2747">
    <p class='ocr_par' dir='ltr' id='par_1_55' title="bbox 2097 2675 3671 2747">
     <span class='ocr_line' id='line_1_55' title="bbox 2097 2675 3671 2747; baseline 0.001 -17"><span class='ocrx_word' id='word_1_438' title='bbox 2097 2691 2204 2730; x_wconf 92' lang='lat' dir='ltr'><strong>non</strong></span> <span class='ocrx_word' id='word_1_439' title='bbox 2257 2677 2362 2730; x_wconf 92' lang='lat' dir='ltr'><strong>erit</strong></span> <span class='ocrx_word' id='word_1_440' title='bbox 2395 2677 2469 2745; x_wconf 66' lang='grc' dir='ltr'><strong>(π)</strong></span> <span class='ocrx_word' id='word_1_441' title='bbox 2493 2676 2586 2747; x_wconf 91' lang='lat' dir='ltr'><strong>qui</strong></span> <span class='ocrx_word' id='word_1_442' title='bbox 2645 2685 2841 2732; x_wconf 85' lang='lat' dir='ltr'><strong>noceat</strong></span> <span class='ocrx_word' id='word_1_443' title='bbox 2886 2677 2958 2732; x_wconf 91' lang='lat' dir='ltr'><strong>ei.</strong></span> <span class='ocrx_word' id='word_1_444' title='bbox 3015 2677 3110 2732; x_wconf 67' lang='lat'><strong>98.</strong></span> <span class='ocrx_word' id='word_1_445' title='bbox 3139 2675 3206 2732; x_wconf 85' lang='lat' dir='ltr'><strong>Et</strong></span> <span class='ocrx_word' id='word_1_446' title='bbox 3235 2688 3314 2743; x_wconf 91' lang='lat' dir='ltr'><strong>tu,</strong></span> <span class='ocrx_word' id='word_1_447' title='bbox 3349 2693 3418 2731; x_wconf 89' lang='lat' dir='ltr'><strong>ne</strong></span> <span class='ocrx_word' id='word_1_448' title='bbox 3451 2678 3671 2743; x_wconf 87' lang='lat' dir='ltr'><strong>timeas,</strong></span> 
     </span>
    </p>
   </div>
   <div class='ocr_carea' id='block_1_56' title="bbox 2098 2767 3671 2839">
    <p class='ocr_par' dir='ltr' id='par_1_56' title="bbox 2098 2767 3671 2839">
     <span class='ocr_line' id='line_1_56' title="bbox 2098 2767 3671 2839; baseline -0.002 -16"><span class='ocrx_word' id='word_1_449' title='bbox 2098 2783 2255 2823; x_wconf 83' lang='lat' dir='ltr'><strong>serve</strong></span> <span class='ocrx_word' id='word_1_450' title='bbox 2309 2768 2385 2823; x_wconf 92' lang='lat' dir='ltr'><strong>mi</strong></span> <span class='ocrx_word' id='word_1_451' title='bbox 2431 2767 2620 2834; x_wconf 86' lang='lat' dir='ltr'><strong>Jacob,</strong></span> <span class='ocrx_word' id='word_1_452' title='bbox 2680 2768 2811 2824; x_wconf 90' lang='lat' dir='ltr'><strong>dicit</strong></span> <span class='ocrx_word' id='word_1_453' title='bbox 2851 2767 3140 2834; x_wconf 93' lang='lat' dir='ltr'><strong>Dominus,</strong></span> <span class='ocrx_word' id='word_1_454' title='bbox 3178 2768 3303 2839; x_wconf 91' lang='lat' dir='ltr'><strong>quia</strong></span> <span class='ocrx_word' id='word_1_455' title='bbox 3335 2776 3514 2822; x_wconf 87' lang='lat' dir='ltr'><strong>tecum</strong></span> <span class='ocrx_word' id='word_1_456' title='bbox 3550 2783 3671 2822; x_wconf 88' lang='lat' dir='ltr'><strong>sum</strong></span> 
     </span>
    </p>
   </div>
   <div class='ocr_carea' id='block_1_57' title="bbox 2097 2859 3676 2931">
    <p class='ocr_par' dir='ltr' id='par_1_57' title="bbox 2097 2859 3676 2931">
     <span class='ocr_line' id='line_1_57' title="bbox 2097 2859 3676 2931; baseline -0.002 -16"><span class='ocrx_word' id='word_1_457' title='bbox 2097 2875 2219 2931; x_wconf 89' lang='lat' dir='ltr'><strong>ego,</strong></span> <span class='ocrx_word' id='word_1_458' title='bbox 2279 2860 2409 2930; x_wconf 91' lang='lat' dir='ltr'><strong>quia</strong></span> <span class='ocrx_word' id='word_1_459' title='bbox 2469 2859 2666 2915; x_wconf 81' lang='lat' dir='ltr'><strong>faciam</strong></span> <span class='ocrx_word' id='word_1_460' title='bbox 2719 2861 3254 2929; x_wconf 82' lang='lat' dir='ltr'><strong>consummationem</strong></span> <span class='ocrx_word' id='word_1_461' title='bbox 3293 2861 3347 2914; x_wconf 90' lang='lat' dir='ltr'><strong>in</strong></span> <span class='ocrx_word' id='word_1_462' title='bbox 3393 2860 3543 2914; x_wconf 88' lang='lat' dir='ltr'><strong>omni</strong></span> <span class='ocrx_word' id='word_1_463' title='bbox 3576 2874 3676 2930; x_wconf 86' lang='lat' dir='ltr'><strong>po-</strong></span> 
     </span>
    </p>
   </div>
   <div class='ocr_carea' id='block_1_58' title="bbox 2097 2945 3667 3022">
    <p class='ocr_par' dir='ltr' id='par_1_58' title="bbox 2097 2945 3667 3022">
     <span class='ocr_line' id='line_1_58' title="bbox 2097 2945 3667 3022; baseline -0.001 -17"><span class='ocrx_word' id='word_1_464' title='bbox 2097 2953 2248 3022; x_wconf 86' lang='lat' dir='ltr'><strong>pulo,</strong></span> <span class='ocrx_word' id='word_1_465' title='bbox 2308 2951 2362 3004; x_wconf 91' lang='lat' dir='ltr'><strong>in</strong></span> <span class='ocrx_word' id='word_1_466' title='bbox 2419 2966 2560 3020; x_wconf 87' lang='lat' dir='ltr'><strong>quos</strong></span> <span class='ocrx_word' id='word_1_467' title='bbox 2599 2945 2782 3021; x_wconf 27' lang='lat' dir='ltr'><strong>dep‘uli</strong></span> <span class='ocrx_word' id='word_1_468' title='bbox 2824 2952 2988 3018; x_wconf 89' lang='lat' dir='ltr'><strong>illuc;</strong></span> <span class='ocrx_word' id='word_1_469' title='bbox 3029 2961 3080 3005; x_wconf 88' lang='lat' dir='ltr'><strong>te</strong></span> <span class='ocrx_word' id='word_1_470' title='bbox 3108 2961 3290 3006; x_wconf 88' lang='lat' dir='ltr'><strong>autem</strong></span> <span class='ocrx_word' id='word_1_471' title='bbox 3329 2965 3437 3006; x_wconf 91' lang='lat' dir='ltr'><strong>non</strong></span> <span class='ocrx_word' id='word_1_472' title='bbox 3470 2950 3667 3005; x_wconf 85' lang='lat' dir='ltr'><strong>faciant</strong></span> 
     </span>
    </p>
   </div>
   <div class='ocr_carea' id='block_1_59' title="bbox 2097 3037 3675 3116">
    <p class='ocr_par' dir='ltr' id='par_1_59' title="bbox 2097 3037 3675 3116">
     <span class='ocr_line' id='line_1_59' title="bbox 2097 3037 3675 3116; baseline -0.001 -16"><span class='ocrx_word' id='word_1_473' title='bbox 2097 3045 2351 3110; x_wconf 83' lang='lat' dir='ltr'><strong>deficere,</strong></span> <span class='ocrx_word' id='word_1_474' title='bbox 2389 3054 2443 3100; x_wconf 91' lang='lat' dir='ltr'><strong>et</strong></span> <span class='ocrx_word' id='word_1_475' title='bbox 2487 3037 2772 3116; x_wconf 80' lang='lat' dir='ltr'><strong>castigabo</strong></span> <span class='ocrx_word' id='word_1_476' title='bbox 2805 3055 2858 3100; x_wconf 90' lang='lat' dir='ltr'><strong>te</strong></span> <span class='ocrx_word' id='word_1_477' title='bbox 2891 3045 2944 3100; x_wconf 92' lang='lat' dir='ltr'><strong>in</strong></span> <span class='ocrx_word' id='word_1_478' title='bbox 2973 3045 3268 3115; x_wconf 90' lang='lat' dir='ltr'><strong>judicium,</strong></span> <span class='ocrx_word' id='word_1_479' title='bbox 3303 3045 3377 3114; x_wconf 92' lang='lat' dir='ltr'><strong>(a)</strong></span> <span class='ocrx_word' id='word_1_480' title='bbox 3403 3055 3456 3100; x_wconf 92' lang='lat' dir='ltr'><strong>et</strong></span> <span class='ocrx_word' id='word_1_481' title='bbox 3484 3045 3675 3100; x_wconf 89' lang='lat' dir='ltr'><strong>inson-</strong></span> 
     </span>
    </p>
   </div>
   <div class='ocr_carea' id='block_1_60' title="bbox 427 3129 3388 3202">
    <p class='ocr_par' dir='ltr' id='par_1_60' title="bbox 427 3129 3388 3202">
     <span class='ocr_line' id='line_1_60' title="bbox 427 3129 3388 3202; baseline 0.002 -18"><span class='ocrx_word' id='word_1_482' title='bbox 427 3147 522 3184; x_wconf 85' lang='lat' dir='ltr'><strong>rex</strong></span> <span class='ocrx_word' id='word_1_483' title='bbox 557 3130 868 3201; x_wconf 78' lang='lat' dir='ltr'><strong>Babylonis,</strong></span> <span class='ocrx_word' id='word_1_484' title='bbox 923 3131 1000 3202; x_wconf 85' lang='lat' dir='ltr'><strong>(b)</strong></span> <span class='ocrx_word' id='word_1_485' title='bbox 1033 3132 1102 3187; x_wconf 91' lang='lat' dir='ltr'><strong>ad</strong></span> <span class='ocrx_word' id='word_1_486' title='bbox 1129 3132 1491 3188; x_wconf 88' lang='lat' dir='ltr'><strong>excidendum</strong></span> <span class='ocrx_word' id='word_1_487' title='bbox 1522 3141 1720 3186; x_wconf 90' lang='lat' dir='ltr'><strong>terram</strong></span> <span class='ocrx_word' id='word_1_488' title='bbox 1751 3129 1993 3201; x_wconf 65' lang='lat' dir='ltr'><strong>Egypli.</strong></span> <span class='ocrx_word' id='word_1_489' title='bbox 2024 3133 2066 3191; x_wconf 89' lang='lat' dir='ltr'><strong><em>C</em></strong></span> <span class='ocrx_word' id='word_1_490' title='bbox 2101 3144 2206 3190; x_wconf 90' lang='lat' dir='ltr'><strong>tem</strong></span> <span class='ocrx_word' id='word_1_491' title='bbox 2237 3135 2561 3190; x_wconf 88' lang='lat' dir='ltr'><strong>dimittendo</strong></span> <span class='ocrx_word' id='word_1_492' title='bbox 2592 3150 2698 3190; x_wconf 94' lang='lat' dir='ltr'><strong>non</strong></span> <span class='ocrx_word' id='word_1_493' title='bbox 2731 3136 3003 3191; x_wconf 91' lang='lat' dir='ltr'><strong>insontem</strong></span> <span class='ocrx_word' id='word_1_494' title='bbox 3030 3135 3298 3190; x_wconf 87' lang='lat' dir='ltr'><strong>dimittam</strong></span> <span class='ocrx_word' id='word_1_495' title='bbox 3321 3144 3388 3190; x_wconf 88' lang='lat' dir='ltr'><strong>te.</strong></span> 
     </span>
    </p>
   </div>
   <div class='ocr_carea' id='block_1_61' title="bbox 427 3223 2000 3297">
    <p class='ocr_par' dir='ltr' id='par_1_61' title="bbox 427 3223 2000 3297">
     <span class='ocr_line' id='line_1_61' title="bbox 427 3223 2000 3297; baseline 0.001 -21"><span class='ocrx_word' id='word_1_496' title='bbox 427 3225 514 3280; x_wconf 74' lang='lat' dir='ltr'><strong>il.</strong></span> <span class='ocrx_word' id='word_1_497' title='bbox 541 3225 960 3294; x_wconf 60' lang='lat' dir='ltr'><strong>Annuntiatex</strong></span> <span class='ocrx_word' id='word_1_498' title='bbox 985 3227 1038 3280; x_wconf 92' lang='lat' dir='ltr'><strong>in</strong></span> <span class='ocrx_word' id='word_1_499' title='bbox 1059 3225 1313 3297; x_wconf 69' lang='lat' dir='ltr'><strong>Egypto,</strong></span> <span class='ocrx_word' id='word_1_500' title='bbox 1341 3235 1395 3280; x_wconf 92' lang='lat' dir='ltr'><strong>et</strong></span> <span class='ocrx_word' id='word_1_501' title='bbox 1425 3224 1698 3294; x_wconf 76' lang='lat' dir='ltr'><strong>praecipite</strong></span> <span class='ocrx_word' id='word_1_502' title='bbox 1722 3225 1744 3294; x_wconf 73' lang='grc' dir='ltr'>ζ</span> <span class='ocrx_word' id='word_1_503' title='bbox 1779 3225 1833 3278; x_wconf 90' lang='lat' dir='ltr'><strong>in</strong></span> <span class='ocrx_word' id='word_1_504' title='bbox 1852 3223 2000 3294; x_wconf 82' lang='lat' dir='ltr'><strong>Mag-</strong></span> 
     </span>
    </p>
   </div>
   <div class='ocr_carea' id='block_1_62' title="bbox 425 3314 1986 3386">
    <p class='ocr_par' dir='ltr' id='par_1_62' title="bbox 425 3314 1986 3386">
     <span class='ocr_line' id='line_1_62' title="bbox 425 3314 1986 3386; baseline 0.001 -18"><span class='ocrx_word' id='word_1_505' title='bbox 425 3314 539 3380; x_wconf 85' lang='lat' dir='ltr'><strong>dol,</strong></span> <span class='ocrx_word' id='word_1_506' title='bbox 586 3327 640 3370; x_wconf 92' lang='lat' dir='ltr'><strong>et</strong></span> <span class='ocrx_word' id='word_1_507' title='bbox 668 3316 740 3386; x_wconf 76' lang='grc' dir='ltr'><strong>(ε)</strong></span> <span class='ocrx_word' id='word_1_508' title='bbox 763 3318 1038 3386; x_wconf 64' lang='lat' dir='ltr'><strong>praecipito</strong></span> <span class='ocrx_word' id='word_1_509' title='bbox 1084 3317 1138 3371; x_wconf 90' lang='lat' dir='ltr'><strong>in</strong></span> <span class='ocrx_word' id='word_1_510' title='bbox 1174 3316 1460 3386; x_wconf 85' lang='lat' dir='ltr'><strong>Memphis,</strong></span> <span class='ocrx_word' id='word_1_511' title='bbox 1513 3325 1566 3370; x_wconf 90' lang='lat' dir='ltr'><strong>et</strong></span> <span class='ocrx_word' id='word_1_512' title='bbox 1595 3316 1651 3370; x_wconf 90' lang='lat' dir='ltr'><strong>iu</strong></span> <span class='ocrx_word' id='word_1_513' title='bbox 1683 3314 1940 3386; x_wconf 82' lang='lat' dir='ltr'><strong>Tapltnas</strong></span> <span class='ocrx_word' id='word_1_514' title='bbox 1974 3333 1986 3368; x_wconf 91' lang='lat'><strong>:</strong></span> 
     </span>
    </p>
   </div>
   <div class='ocr_carea' id='block_1_63' title="bbox 424 3409 2003 3481">
    <p class='ocr_par' dir='ltr' id='par_1_63' title="bbox 424 3409 2003 3481">
     <span class='ocr_line' id='line_1_63' title="bbox 424 3409 2003 3481; baseline 0.001 -18"><span class='ocrx_word' id='word_1_515' title='bbox 424 3409 589 3463; x_wconf 87' lang='lat' dir='ltr'><strong>dicite</strong></span> <span class='ocrx_word' id='word_1_516' title='bbox 623 3429 636 3463; x_wconf 91' lang='lat'><strong>:</strong></span> <span class='ocrx_word' id='word_1_517' title='bbox 668 3409 978 3480; x_wconf 89' lang='lat' dir='ltr'><strong>lntelligite,</strong></span> <span class='ocrx_word' id='word_1_518' title='bbox 1013 3419 1070 3466; x_wconf 92' lang='lat' dir='ltr'><strong>et</strong></span> <span class='ocrx_word' id='word_1_519' title='bbox 1103 3425 1347 3481; x_wconf 81' lang='lat' dir='ltr'><strong>praepara</strong></span> <span class='ocrx_word' id='word_1_520' title='bbox 1385 3419 1437 3466; x_wconf 92' lang='lat' dir='ltr'><strong>te</strong></span> <span class='ocrx_word' id='word_1_521' title='bbox 1467 3411 1664 3480; x_wconf 90' lang='lat' dir='ltr'><strong>ipsam,</strong></span> <span class='ocrx_word' id='word_1_522' title='bbox 1697 3411 1826 3478; x_wconf 91' lang='lat' dir='ltr'><strong>quia</strong></span> <span class='ocrx_word' id='word_1_523' title='bbox 1848 3425 2003 3465; x_wconf 91' lang='lat' dir='ltr'><strong>com-</strong></span> 
     </span>
    </p>
   </div>
   <div class='ocr_carea' id='block_1_64' title="bbox 425 3500 2004 3573">
    <p class='ocr_par' dir='ltr' id='par_1_64' title="bbox 425 3500 2004 3573">
     <span class='ocr_line' id='line_1_64' title="bbox 425 3500 2004 3573; baseline 0.001 -19"><span class='ocrx_word' id='word_1_524' title='bbox 425 3501 538 3554; x_wconf 89' lang='lat' dir='ltr'><strong>edit</strong></span> <span class='ocrx_word' id='word_1_525' title='bbox 586 3500 800 3571; x_wconf 85' lang='lat' dir='ltr'><strong>gladius</strong></span> <span class='ocrx_word' id='word_1_526' title='bbox 840 3503 917 3572; x_wconf 82' lang='grc' dir='ltr'><strong>(ά)</strong></span> <span class='ocrx_word' id='word_1_527' title='bbox 943 3503 1132 3557; x_wconf 89' lang='lat' dir='ltr'><strong>orbem</strong></span> <span class='ocrx_word' id='word_1_528' title='bbox 1189 3511 1366 3557; x_wconf 89' lang='lat' dir='ltr'><strong>tuum.</strong></span> <span class='ocrx_word' id='word_1_529' title='bbox 1429 3502 1514 3557; x_wconf 72' lang='lat'><strong>15.</strong></span> <span class='ocrx_word' id='word_1_530' title='bbox 1543 3502 1615 3573; x_wconf 77' lang='grc' dir='ltr'><strong>(ε)</strong></span> <span class='ocrx_word' id='word_1_531' title='bbox 1637 3501 1822 3568; x_wconf 83' lang='lat' dir='ltr'><strong>Quare</strong></span> <span class='ocrx_word' id='word_1_532' title='bbox 1863 3500 2004 3571; x_wconf 77' lang='lat' dir='ltr'><strong>fugit</strong></span> 
     </span>
    </p>
   </div>
   <div class='ocr_carea' id='block_1_65' title="bbox 425 3593 2003 3664">
    <p class='ocr_par' dir='ltr' id='par_1_65' title="bbox 425 3593 2003 3664">
     <span class='ocr_line' id='line_1_65' title="bbox 425 3593 2003 3664; baseline 0.001 -17"><span class='ocrx_word' id='word_1_533' title='bbox 425 3593 634 3648; x_wconf 85' lang='lat' dir='ltr'><strong>vitulus</strong></span> <span class='ocrx_word' id='word_1_534' title='bbox 689 3594 900 3649; x_wconf 89' lang='lat' dir='ltr'><strong>electus</strong></span> <span class='ocrx_word' id='word_1_535' title='bbox 947 3595 1116 3649; x_wconf 77' lang='lat' dir='ltr'><strong>tuus?</strong></span> <span class='ocrx_word' id='word_1_536' title='bbox 1174 3610 1281 3649; x_wconf 92' lang='lat' dir='ltr'><strong>non</strong></span> <span class='ocrx_word' id='word_1_537' title='bbox 1319 3594 1544 3659; x_wconf 89' lang='lat' dir='ltr'><strong>mansit,</strong></span> <span class='ocrx_word' id='word_1_538' title='bbox 1576 3596 1704 3664; x_wconf 89' lang='lat' dir='ltr'><strong>quia</strong></span> <span class='ocrx_word' id='word_1_539' title='bbox 1736 3593 2003 3648; x_wconf 90' lang='lat' dir='ltr'><strong>Dominus</strong></span> 
     </span>
    </p>
   </div>
   <div class='ocr_carea' id='block_1_66' title="bbox 428 3679 1989 3751">
    <p class='ocr_par' dir='ltr' id='par_1_66' title="bbox 428 3679 1989 3751">
     <span class='ocr_line' id='line_1_66' title="bbox 428 3679 1989 3751; baseline 0.003 -20"><span class='ocrx_word' id='word_1_540' title='bbox 428 3679 682 3733; x_wconf 87' lang='lat' dir='ltr'><strong>dissolvit</strong></span> <span class='ocrx_word' id='word_1_541' title='bbox 727 3694 876 3734; x_wconf 92' lang='lat' dir='ltr'><strong>cum.</strong></span> <span class='ocrx_word' id='word_1_542' title='bbox 941 3681 1027 3735; x_wconf 89' lang='grc'><strong>16.</strong></span> <span class='ocrx_word' id='word_1_543' title='bbox 1057 3682 1126 3751; x_wconf 74' lang='grc' dir='ltr'><strong>(ι’)</strong></span> <span class='ocrx_word' id='word_1_544' title='bbox 1150 3681 1215 3736; x_wconf 86' lang='lat' dir='ltr'><strong>Et</strong></span> <span class='ocrx_word' id='word_1_545' title='bbox 1245 3682 1539 3737; x_wconf 81' lang='lat' dir='ltr'><strong>multitudo</strong></span> <span class='ocrx_word' id='word_1_546' title='bbox 1585 3682 1852 3736; x_wconf 90' lang='lat' dir='ltr'><strong>inﬁrmata</strong></span> <span class='ocrx_word' id='word_1_547' title='bbox 1884 3691 1989 3746; x_wconf 89' lang='lat' dir='ltr'><strong>est,</strong></span> 
     </span>
    </p>
   </div>
   <div class='ocr_carea' id='block_1_67' title="bbox 429 3771 1998 3842">
    <p class='ocr_par' dir='ltr' id='par_1_67' title="bbox 429 3771 1998 3842">
     <span class='ocr_line' id='line_1_67' title="bbox 429 3771 1998 3842; baseline 0.003 -20"><span class='ocrx_word' id='word_1_548' title='bbox 429 3779 482 3823; x_wconf 94' lang='lat' dir='ltr'><strong>et</strong></span> <span class='ocrx_word' id='word_1_549' title='bbox 535 3771 766 3836; x_wconf 79' lang='lat' dir='ltr'><strong>cecidit,</strong></span> <span class='ocrx_word' id='word_1_550' title='bbox 826 3771 1202 3840; x_wconf 87' lang='lat' dir='ltr'><strong>unusquisque</strong></span> <span class='ocrx_word' id='word_1_551' title='bbox 1248 3773 1315 3826; x_wconf 87' lang='lat' dir='ltr'><strong>ad</strong></span> <span class='ocrx_word' id='word_1_552' title='bbox 1359 3773 1665 3842; x_wconf 88' lang='lat' dir='ltr'><strong>proximum</strong></span> <span class='ocrx_word' id='word_1_553' title='bbox 1717 3788 1878 3827; x_wconf 90' lang='lat' dir='ltr'><strong>suum</strong></span> <span class='ocrx_word' id='word_1_554' title='bbox 1917 3773 1998 3828; x_wconf 91' lang='lat' dir='ltr'><strong>lo-</strong></span> 
     </span>
    </p>
   </div>
   <div class='ocr_carea' id='block_1_68' title="bbox 427 3858 1992 3929">
    <p class='ocr_par' dir='ltr' id='par_1_68' title="bbox 427 3858 1992 3929">
     <span class='ocr_line' id='line_1_68' title="bbox 427 3858 1992 3929; baseline 0.002 -18"><span class='ocrx_word' id='word_1_555' title='bbox 427 3859 539 3912; x_wconf 87' lang='lat' dir='ltr'><strong>cuti</strong></span> <span class='ocrx_word' id='word_1_556' title='bbox 590 3858 806 3929; x_wconf 87' lang='lat' dir='ltr'><strong>suut(g)</strong></span> <span class='ocrx_word' id='word_1_557' title='bbox 844 3877 860 3914; x_wconf 88' lang='lat'><strong>:</strong></span> <span class='ocrx_word' id='word_1_558' title='bbox 893 3859 1217 3928; x_wconf 87' lang='lat' dir='ltr'><strong>Surgamus,</strong></span> <span class='ocrx_word' id='word_1_559' title='bbox 1263 3868 1319 3913; x_wconf 88' lang='lat' dir='ltr'><strong>et</strong></span> <span class='ocrx_word' id='word_1_560' title='bbox 1355 3868 1694 3914; x_wconf 78' lang='lat' dir='ltr'><strong>revertamur</strong></span> <span class='ocrx_word' id='word_1_561' title='bbox 1720 3861 1787 3914; x_wconf 90' lang='lat' dir='ltr'><strong>ad</strong></span> <span class='ocrx_word' id='word_1_562' title='bbox 1818 3875 1992 3929; x_wconf 90' lang='lat' dir='ltr'><strong>popu-</strong></span> 
     </span>
    </p>
   </div>
   <div class='ocr_carea' id='block_1_69' title="bbox 429 3950 2006 4022">
    <p class='ocr_par' dir='ltr' id='par_1_69' title="bbox 429 3950 2006 4022">
     <span class='ocr_line' id='line_1_69' title="bbox 429 3950 2006 4022; baseline 0.002 -18"><span class='ocrx_word' id='word_1_563' title='bbox 429 3950 540 4004; x_wconf 89' lang='lat' dir='ltr'><strong>lum</strong></span> <span class='ocrx_word' id='word_1_564' title='bbox 572 3961 852 4016; x_wconf 88' lang='lat' dir='ltr'><strong>nostrum,</strong></span> <span class='ocrx_word' id='word_1_565' title='bbox 893 3963 946 4006; x_wconf 88' lang='lat' dir='ltr'><strong>et</strong></span> <span class='ocrx_word' id='word_1_566' title='bbox 976 3952 1052 4022; x_wconf 85' lang='lat' dir='ltr'><strong>(h)</strong></span> <span class='ocrx_word' id='word_1_567' title='bbox 1078 3951 1130 4004; x_wconf 92' lang='lat' dir='ltr'><strong>in</strong></span> <span class='ocrx_word' id='word_1_568' title='bbox 1172 3952 1448 4021; x_wconf 88' lang='lat' dir='ltr'><strong>regionem</strong></span> <span class='ocrx_word' id='word_1_569' title='bbox 1485 3961 1733 4007; x_wconf 87' lang='lat' dir='ltr'><strong>nostram</strong></span> <span class='ocrx_word' id='word_1_570' title='bbox 1777 3954 1846 4007; x_wconf 90' lang='lat' dir='ltr'><strong>ab</strong></span> <span class='ocrx_word' id='word_1_571' title='bbox 1878 3961 2006 4007; x_wconf 87' lang='lat' dir='ltr'><strong>ante</strong></span> 
     </span>
    </p>
   </div>
   <div class='ocr_carea' id='block_1_70' title="bbox 433 4039 2005 4114">
    <p class='ocr_par' dir='ltr' id='par_1_70' title="bbox 433 4039 2005 4114">
     <span class='ocr_line' id='line_1_70' title="bbox 433 4039 2005 4114; baseline 0.001 -18"><span class='ocrx_word' id='word_1_572' title='bbox 433 4042 628 4098; x_wconf 89' lang='lat' dir='ltr'><strong>faciem</strong></span> <span class='ocrx_word' id='word_1_573' title='bbox 675 4041 837 4114; x_wconf 86' lang='lat' dir='ltr'><strong>gladii</strong></span> <span class='ocrx_word' id='word_1_574' title='bbox 876 4042 936 4112; x_wconf 85' lang='lat' dir='ltr'><strong>(i)</strong></span> <span class='ocrx_word' id='word_1_575' title='bbox 959 4040 1156 4097; x_wconf 65' lang='lat' dir='ltr'><strong>Graeci.</strong></span> <span class='ocrx_word' id='word_1_576' title='bbox 1191 4041 1279 4095; x_wconf 85' lang='grc'><strong>17.</strong></span> <span class='ocrx_word' id='word_1_577' title='bbox 1304 4039 1506 4096; x_wconf 89' lang='lat' dir='ltr'><strong>Vocate</strong></span> <span class='ocrx_word' id='word_1_578' title='bbox 1531 4057 1730 4097; x_wconf 90' lang='lat' dir='ltr'><strong>nomen</strong></span> <span class='ocrx_word' id='word_1_579' title='bbox 1758 4041 2005 4097; x_wconf 87' lang='lat' dir='ltr'><strong>Pharao-</strong></span> 
     </span>
    </p>
   </div>
   <div class='ocr_carea' id='block_1_71' title="bbox 434 4131 2005 4204">
    <p class='ocr_par' dir='ltr' id='par_1_71' title="bbox 434 4131 2005 4204">
     <span class='ocr_line' id='line_1_71' title="bbox 434 4131 2005 4204; baseline 0.001 -17"><span class='ocrx_word' id='word_1_580' title='bbox 434 4136 519 4188; x_wconf 90' lang='lat' dir='ltr'><strong>nis</strong></span> <span class='ocrx_word' id='word_1_581' title='bbox 578 4133 722 4202; x_wconf 87' lang='lat' dir='ltr'><strong>rcgis</strong></span> <span class='ocrx_word' id='word_1_582' title='bbox 761 4133 1008 4204; x_wconf 67' lang='lat' dir='ltr'><strong>IEgypti,</strong></span> <span class='ocrx_word' id='word_1_583' title='bbox 1059 4131 1132 4202; x_wconf 77' lang='lat' dir='ltr'><strong>(lt)</strong></span> <span class='ocrx_word' id='word_1_584' title='bbox 1159 4133 1304 4187; x_wconf 87' lang='lat' dir='ltr'><strong>Saon</strong></span> <span class='ocrx_word' id='word_1_585' title='bbox 1332 4131 1491 4186; x_wconf 65' lang='lat' dir='ltr'><strong>Ebir</strong></span> <span class='ocrx_word' id='word_1_586' title='bbox 1519 4131 1694 4188; x_wconf 86' lang='lat' dir='ltr'><strong>Moed.</strong></span> <span class='ocrx_word' id='word_1_587' title='bbox 1742 4132 1831 4187; x_wconf 86' lang='grc'><strong>18.</strong></span> <span class='ocrx_word' id='word_1_588' title='bbox 1866 4131 2005 4188; x_wconf 89' lang='lat' dir='ltr'><strong>Vivo</strong></span> 
     </span>
    </p>
   </div>
   <div class='ocr_carea' id='block_1_72' title="bbox 430 4223 2005 4294">
    <p class='ocr_par' dir='ltr' id='par_1_72' title="bbox 430 4223 2005 4294">
     <span class='ocr_line' id='line_1_72' title="bbox 430 4223 2005 4294; baseline 0.001 -18"><span class='ocrx_word' id='word_1_589' title='bbox 430 4239 552 4292; x_wconf 85' lang='lat' dir='ltr'><strong>ego,</strong></span> <span class='ocrx_word' id='word_1_590' title='bbox 596 4223 726 4278; x_wconf 92' lang='lat' dir='ltr'><strong>dicit</strong></span> <span class='ocrx_word' id='word_1_591' title='bbox 765 4238 860 4278; x_wconf 88' lang='lat' dir='ltr'><strong>rex</strong></span> <span class='ocrx_word' id='word_1_592' title='bbox 905 4223 1171 4278; x_wconf 90' lang='lat' dir='ltr'><strong>Dominus</strong></span> <span class='ocrx_word' id='word_1_593' title='bbox 1208 4223 1474 4278; x_wconf 88' lang='lat' dir='ltr'><strong>virtutum</strong></span> <span class='ocrx_word' id='word_1_594' title='bbox 1508 4239 1707 4278; x_wconf 89' lang='lat' dir='ltr'><strong>nomen</strong></span> <span class='ocrx_word' id='word_1_595' title='bbox 1744 4225 1829 4290; x_wconf 91' lang='lat' dir='ltr'><strong>ei;</strong></span> <span class='ocrx_word' id='word_1_596' title='bbox 1877 4224 2005 4294; x_wconf 88' lang='lat' dir='ltr'><strong>quia</strong></span> 
     </span>
    </p>
   </div>
   <div class='ocr_carea' id='block_1_73' title="bbox 431 4312 2005 4384">
    <p class='ocr_par' dir='ltr' id='par_1_73' title="bbox 431 4312 2005 4384">
     <span class='ocr_line' id='line_1_73' title="bbox 431 4312 2005 4384; baseline -0.001 -15"><span class='ocrx_word' id='word_1_597' title='bbox 431 4316 578 4370; x_wconf 82' lang='lat' dir='ltr'><strong>sicut</strong></span> <span class='ocrx_word' id='word_1_598' title='bbox 636 4314 700 4384; x_wconf 80' lang='grc' dir='ltr'><strong>(ι)</strong></span> <span class='ocrx_word' id='word_1_599' title='bbox 743 4312 1022 4370; x_wconf 82' lang='lat' dir='ltr'><strong>ltahurion</strong></span> <span class='ocrx_word' id='word_1_600' title='bbox 1075 4314 1127 4366; x_wconf 93' lang='lat' dir='ltr'><strong>in</strong></span> <span class='ocrx_word' id='word_1_601' title='bbox 1171 4314 1475 4377; x_wconf 82' lang='lat' dir='ltr'><strong>montibus,</strong></span> <span class='ocrx_word' id='word_1_602' title='bbox 1513 4324 1568 4368; x_wconf 91' lang='lat' dir='ltr'><strong>et</strong></span> <span class='ocrx_word' id='word_1_603' title='bbox 1601 4314 1746 4370; x_wconf 92' lang='lat' dir='ltr'><strong>sicut</strong></span> <span class='ocrx_word' id='word_1_604' title='bbox 1788 4313 2005 4369; x_wconf 88' lang='lat' dir='ltr'><strong>Carmel</strong></span> 
     </span>
    </p>
   </div>
   <div class='ocr_carea' id='block_1_74' title="bbox 2169 3224 3664 3296">
    <p class='ocr_par' dir='ltr' id='par_1_74' title="bbox 2169 3224 3664 3296">
     <span class='ocr_line' id='line_1_74' title="bbox 2169 3224 3664 3296; baseline -0.001 -16"><span class='ocrx_word' id='word_1_605' title='bbox 2169 3225 2297 3296; x_wconf 86' lang='lat' dir='ltr'><strong>Cap.</strong></span> <span class='ocrx_word' id='word_1_606' title='bbox 2350 3225 2562 3282; x_wconf 80' lang='lat' dir='ltr'><strong>XLVII.</strong></span> <span class='ocrx_word' id='word_1_607' title='bbox 2607 3255 2678 3265; x_wconf 93' lang='lat'><strong>—</strong></span> <span class='ocrx_word' id='word_1_608' title='bbox 2712 3226 2764 3281; x_wconf 90' lang='grc'><strong>1.</strong></span> <span class='ocrx_word' id='word_1_609' title='bbox 2817 3252 2889 3284; x_wconf 58' lang='grc' dir='ltr'><strong>ω</strong></span> <span class='ocrx_word' id='word_1_610' title='bbox 2943 3224 3117 3294; x_wconf 88' lang='lat' dir='ltr'><strong>Super</strong></span> <span class='ocrx_word' id='word_1_611' title='bbox 3151 3227 3484 3296; x_wconf 88' lang='lat' dir='ltr'><strong>alienigenas</strong></span> <span class='ocrx_word' id='word_1_612' title='bbox 3515 3227 3538 3294; x_wconf 70' lang='grc' dir='ltr'>ζ</span> <span class='ocrx_word' id='word_1_613' title='bbox 3573 3225 3664 3296; x_wconf 83' lang='grc'><strong>(⁸).</strong></span> 
     </span>
    </p>
   </div>
   <div class='ocr_carea' id='block_1_75' title="bbox 2104 3316 3661 3388">
    <p class='ocr_par' dir='ltr' id='par_1_75' title="bbox 2104 3316 3661 3388">
     <span class='ocr_line' id='line_1_75' title="bbox 2104 3316 3661 3388; baseline -0.001 -16"><span class='ocrx_word' id='word_1_614' title='bbox 2104 3318 2422 3386; x_wconf 60' lang='lat' dir='ltr'><strong>)(Verbum</strong></span> <span class='ocrx_word' id='word_1_615' title='bbox 2467 3318 2704 3383; x_wconf 92' lang='lat' dir='ltr'><strong>Domini,</strong></span> <span class='ocrx_word' id='word_1_616' title='bbox 2758 3317 2904 3388; x_wconf 91' lang='lat' dir='ltr'><strong>quod</strong></span> <span class='ocrx_word' id='word_1_617' title='bbox 2934 3316 3137 3372; x_wconf 88' lang='lat' dir='ltr'><strong>factum</strong></span> <span class='ocrx_word' id='word_1_618' title='bbox 3162 3326 3247 3372; x_wconf 90' lang='lat' dir='ltr'><strong>est</strong></span> <span class='ocrx_word' id='word_1_619' title='bbox 3275 3318 3341 3372; x_wconf 92' lang='lat' dir='ltr'><strong>ad</strong></span> <span class='ocrx_word' id='word_1_620' title='bbox 3369 3316 3661 3372; x_wconf 84' lang='lat' dir='ltr'><strong>Jeremiam</strong></span> 
     </span>
    </p>
   </div>
   <div class='ocr_carea' id='block_1_76' title="bbox 2103 3408 3674 3480">
    <p class='ocr_par' dir='ltr' id='par_1_76' title="bbox 2103 3408 3674 3480">
     <span class='ocr_line' id='line_1_76' title="bbox 2103 3408 3674 3480; baseline -0.002 -17"><span class='ocrx_word' id='word_1_621' title='bbox 2103 3410 2474 3480; x_wconf 69' lang='lat' dir='ltr'><strong>prophetam:</strong></span> <span class='ocrx_word' id='word_1_622' title='bbox 2535 3411 2609 3479; x_wconf 89' lang='lat' dir='ltr'><strong>(b)</strong></span> <span class='ocrx_word' id='word_1_623' title='bbox 2653 3425 2818 3478; x_wconf 87' lang='lat' dir='ltr'><strong>super</strong></span> <span class='ocrx_word' id='word_1_624' title='bbox 2872 3408 3225 3478; x_wconf 87' lang='lat' dir='ltr'><strong>alienigenas,</strong></span> <span class='ocrx_word' id='word_1_625' title='bbox 3279 3411 3346 3477; x_wconf 52' lang='grc' dir='ltr'><strong>Ξ(</strong></span> <span class='ocrx_word' id='word_1_626' title='bbox 3381 3419 3674 3476; x_wconf 88' lang='lat' dir='ltr'><strong>antequam</strong></span> 
     </span>
    </p>
   </div>
   <div class='ocr_carea' id='block_1_77' title="bbox 2104 3495 3672 3568">
    <p class='ocr_par' dir='ltr' id='par_1_77' title="bbox 2104 3495 3672 3568">
     <span class='ocr_line' id='line_1_77' title="bbox 2104 3495 3672 3568; baseline -0.002 -15"><span class='ocrx_word' id='word_1_627' title='bbox 2104 3508 2412 3568; x_wconf 89' lang='lat' dir='ltr'><strong>percuteret.</strong></span> <span class='ocrx_word' id='word_1_628' title='bbox 2458 3499 2674 3554; x_wconf 85' lang='lat' dir='ltr'><strong>Pharao</strong></span> <span class='ocrx_word' id='word_1_629' title='bbox 2722 3497 2924 3553; x_wconf 86' lang='lat' dir='ltr'><strong>Gazam</strong></span> <span class='ocrx_word' id='word_1_630' title='bbox 2954 3498 3002 3568; x_wconf 71' lang='grc' dir='ltr'><strong>ζ.</strong></span> <span class='ocrx_word' id='word_1_631' title='bbox 3040 3495 3164 3551; x_wconf 68' lang='grc' dir='ltr'><strong>11ωο</strong></span> <span class='ocrx_word' id='word_1_632' title='bbox 3189 3497 3322 3552; x_wconf 89' lang='lat' dir='ltr'><strong>dicit</strong></span> <span class='ocrx_word' id='word_1_633' title='bbox 3354 3495 3624 3550; x_wconf 88' lang='lat' dir='ltr'><strong>Dominus</strong></span> <span class='ocrx_word' id='word_1_634' title='bbox 3658 3513 3672 3549; x_wconf 89' lang='lat'><strong>:</strong></span> 
     </span>
    </p>
   </div>
   <div class='ocr_carea' id='block_1_78' title="bbox 2101 3586 3675 3661">
    <p class='ocr_par' dir='ltr' id='par_1_78' title="bbox 2101 3586 3675 3661">
     <span class='ocr_line' id='line_1_78' title="bbox 2101 3586 3675 3661; baseline -0.002 -16"><span class='ocrx_word' id='word_1_635' title='bbox 2101 3590 2157 3645; x_wconf 78' lang='lat'><strong>2.</strong></span> <span class='ocrx_word' id='word_1_636' title='bbox 2192 3589 2334 3647; x_wconf 89' lang='lat' dir='ltr'><strong>Ecce</strong></span> <span class='ocrx_word' id='word_1_637' title='bbox 2379 3607 2535 3661; x_wconf 74' lang='lat' dir='ltr'><strong>aqua:</strong></span> <span class='ocrx_word' id='word_1_638' title='bbox 2577 3591 2881 3646; x_wconf 89' lang='lat' dir='ltr'><strong>ascendunt</strong></span> <span class='ocrx_word' id='word_1_639' title='bbox 2915 3589 2986 3644; x_wconf 88' lang='lat' dir='ltr'><strong>ab</strong></span> <span class='ocrx_word' id='word_1_640' title='bbox 3025 3588 3305 3660; x_wconf 81' lang='lat' dir='ltr'><strong>aquilone,</strong></span> <span class='ocrx_word' id='word_1_641' title='bbox 3338 3600 3392 3644; x_wconf 90' lang='lat' dir='ltr'><strong>et</strong></span> <span class='ocrx_word' id='word_1_642' title='bbox 3433 3586 3675 3642; x_wconf 91' lang='lat' dir='ltr'><strong>eruntin</strong></span> 
     </span>
    </p>
   </div>
   <div class='ocr_carea' id='block_1_79' title="bbox 2106 3680 3679 3743">
    <p class='ocr_par' dir='ltr' id='par_1_79' title="bbox 2106 3680 3679 3743">
     <span class='ocr_line' id='line_1_79' title="bbox 2106 3680 3679 3743; baseline -0.004 -5"><span class='ocrx_word' id='word_1_643' title='bbox 2106 3692 2409 3738; x_wconf 90' lang='lat' dir='ltr'><strong>torrentem</strong></span> <span class='ocrx_word' id='word_1_644' title='bbox 2467 3681 2824 3737; x_wconf 87' lang='lat' dir='ltr'><strong>inundantem</strong></span> <span class='ocrx_word' id='word_1_645' title='bbox 2884 3699 2899 3736; x_wconf 89' lang='lat'><strong>:</strong></span> <span class='ocrx_word' id='word_1_646' title='bbox 2954 3689 3009 3736; x_wconf 91' lang='lat' dir='ltr'><strong>et</strong></span> <span class='ocrx_word' id='word_1_647' title='bbox 3049 3680 3338 3736; x_wconf 89' lang='lat' dir='ltr'><strong>inundabit</strong></span> <span class='ocrx_word' id='word_1_648' title='bbox 3364 3689 3591 3743; x_wconf 86' lang='lat' dir='ltr'><strong>terram,</strong></span> <span class='ocrx_word' id='word_1_649' title='bbox 3624 3685 3679 3732; x_wconf 88' lang='lat' dir='ltr'><strong>et</strong></span> 
     </span>
    </p>
   </div>
   <div class='ocr_carea' id='block_1_80' title="bbox 2105 3771 3672 3846">
    <p class='ocr_par' dir='ltr' id='par_1_80' title="bbox 2105 3771 3672 3846">
     <span class='ocr_line' id='line_1_80' title="bbox 2105 3771 3672 3846; baseline -0.003 -18"><span class='ocrx_word' id='word_1_650' title='bbox 2105 3774 2499 3846; x_wconf 87' lang='lat' dir='ltr'><strong>plenitudinem</strong></span> <span class='ocrx_word' id='word_1_651' title='bbox 2542 3775 2685 3844; x_wconf 86' lang='lat' dir='ltr'><strong>ejus,</strong></span> <span class='ocrx_word' id='word_1_652' title='bbox 2725 3773 2936 3839; x_wconf 89' lang='lat' dir='ltr'><strong>urbem,</strong></span> <span class='ocrx_word' id='word_1_653' title='bbox 2973 3781 3027 3828; x_wconf 88' lang='lat' dir='ltr'><strong>et</strong></span> <span class='ocrx_word' id='word_1_654' title='bbox 3057 3773 3434 3828; x_wconf 87' lang='lat' dir='ltr'><strong>inhabitantes</strong></span> <span class='ocrx_word' id='word_1_655' title='bbox 3470 3771 3523 3825; x_wconf 93' lang='lat' dir='ltr'><strong>in</strong></span> <span class='ocrx_word' id='word_1_656' title='bbox 3558 3786 3620 3825; x_wconf 87' lang='lat' dir='ltr'><strong>ea</strong></span> <span class='ocrx_word' id='word_1_657' title='bbox 3661 3791 3672 3822; x_wconf 92' lang='lat'><strong>:</strong></span> 
     </span>
    </p>
   </div>
   <div class='ocr_carea' id='block_1_81' title="bbox 2104 3863 3674 3929">
    <p class='ocr_par' dir='ltr' id='par_1_81' title="bbox 2104 3863 3674 3929">
     <span class='ocr_line' id='line_1_81' title="bbox 2104 3863 3674 3929; baseline -0.004 -8"><span class='ocrx_word' id='word_1_658' title='bbox 2104 3875 2158 3921; x_wconf 92' lang='lat' dir='ltr'><strong>et</strong></span> <span class='ocrx_word' id='word_1_659' title='bbox 2189 3866 2507 3922; x_wconf 89' lang='lat' dir='ltr'><strong>clamabunt</strong></span> <span class='ocrx_word' id='word_1_660' title='bbox 2562 3864 2834 3929; x_wconf 90' lang='lat' dir='ltr'><strong>homines,</strong></span> <span class='ocrx_word' id='word_1_661' title='bbox 2867 3874 2921 3919; x_wconf 93' lang='lat' dir='ltr'><strong>et</strong></span> <span class='ocrx_word' id='word_1_662' title='bbox 2955 3865 3245 3920; x_wconf 88' lang='lat' dir='ltr'><strong>ululabunt</strong></span> <span class='ocrx_word' id='word_1_663' title='bbox 3275 3878 3470 3919; x_wconf 91' lang='lat' dir='ltr'><strong>omnes</strong></span> <span class='ocrx_word' id='word_1_664' title='bbox 3504 3863 3674 3917; x_wconf 79' lang='lat' dir='ltr'><strong>habi—</strong></span> 
     </span>
    </p>
   </div>
   <div class='ocr_carea' id='block_1_82' title="bbox 2105 3953 3680 4024">
    <p class='ocr_par' dir='ltr' id='par_1_82' title="bbox 2105 3953 3680 4024">
     <span class='ocr_line' id='line_1_82' title="bbox 2105 3953 3680 4024; baseline 0 -16"><span class='ocrx_word' id='word_1_665' title='bbox 2105 3962 2284 4011; x_wconf 89' lang='lat' dir='ltr'><strong>tantes</strong></span> <span class='ocrx_word' id='word_1_666' title='bbox 2308 3955 2362 4009; x_wconf 94' lang='lat' dir='ltr'><strong>in</strong></span> <span class='ocrx_word' id='word_1_667' title='bbox 2393 3963 2565 4019; x_wconf 90' lang='lat' dir='ltr'><strong>terra,</strong></span> <span class='ocrx_word' id='word_1_668' title='bbox 2601 3953 2656 4009; x_wconf 75' lang='lat'><strong>&#39;5.</strong></span> <span class='ocrx_word' id='word_1_669' title='bbox 2687 3969 2880 4010; x_wconf 86' lang='lat' dir='ltr'><strong>avoce</strong></span> <span class='ocrx_word' id='word_1_670' title='bbox 2910 3953 2979 4024; x_wconf 87' lang='lat' dir='ltr'><strong>(c)</strong></span> <span class='ocrx_word' id='word_1_671' title='bbox 3005 3955 3239 4024; x_wconf 89' lang='lat' dir='ltr'><strong>impetus</strong></span> <span class='ocrx_word' id='word_1_672' title='bbox 3261 3955 3401 4024; x_wconf 88' lang='lat' dir='ltr'><strong>ejus,</strong></span> <span class='ocrx_word' id='word_1_673' title='bbox 3424 3954 3493 4008; x_wconf 90' lang='lat' dir='ltr'><strong>ab</strong></span> <span class='ocrx_word' id='word_1_674' title='bbox 3511 3953 3680 4008; x_wconf 89' lang='lat' dir='ltr'><strong>armis</strong></span> 
     </span>
    </p>
   </div>
   <div class='ocr_carea' id='block_1_83' title="bbox 2106 4043 3678 4114">
    <p class='ocr_par' dir='ltr' id='par_1_83' title="bbox 2106 4043 3678 4114">
     <span class='ocr_line' id='line_1_83' title="bbox 2106 4043 3678 4114; baseline -0.002 -15"><span class='ocrx_word' id='word_1_675' title='bbox 2106 4045 2331 4099; x_wconf 90' lang='lat' dir='ltr'><strong>fortium</strong></span> <span class='ocrx_word' id='word_1_676' title='bbox 2391 4045 2550 4114; x_wconf 91' lang='lat' dir='ltr'><strong>ejus,</strong></span> <span class='ocrx_word' id='word_1_677' title='bbox 2605 4054 2658 4099; x_wconf 91' lang='lat' dir='ltr'><strong>et</strong></span> <span class='ocrx_word' id='word_1_678' title='bbox 2714 4059 2746 4098; x_wconf 90' lang='lat' dir='ltr'><strong>a</strong></span> <span class='ocrx_word' id='word_1_679' title='bbox 2795 4045 3160 4100; x_wconf 89' lang='lat' dir='ltr'><strong>concussione</strong></span> <span class='ocrx_word' id='word_1_680' title='bbox 3209 4059 3472 4100; x_wconf 90' lang='lat' dir='ltr'><strong>curruum</strong></span> <span class='ocrx_word' id='word_1_681' title='bbox 3526 4043 3678 4114; x_wconf 86' lang='lat' dir='ltr'><strong>ejus,</strong></span> 
     </span>
    </p>
   </div>
   <div class='ocr_carea' id='block_1_84' title="bbox 2109 4137 3683 4206">
    <p class='ocr_par' dir='ltr' id='par_1_84' title="bbox 2109 4137 3683 4206">
     <span class='ocr_line' id='line_1_84' title="bbox 2109 4137 3683 4206; baseline 0.001 -16"><span class='ocrx_word' id='word_1_682' title='bbox 2109 4137 2186 4204; x_wconf 81' lang='grc' dir='ltr'><strong>(ιι)</strong></span> <span class='ocrx_word' id='word_1_683' title='bbox 2219 4138 2488 4190; x_wconf 89' lang='lat' dir='ltr'><strong>tumultus</strong></span> <span class='ocrx_word' id='word_1_684' title='bbox 2543 4146 2786 4190; x_wconf 88' lang='lat' dir='ltr'><strong>rotarqu</strong></span> <span class='ocrx_word' id='word_1_685' title='bbox 2835 4137 2957 4206; x_wconf 92' lang='lat' dir='ltr'><strong>ejus</strong></span> <span class='ocrx_word' id='word_1_686' title='bbox 2991 4154 3004 4190; x_wconf 90' lang='lat'><strong>:</strong></span> <span class='ocrx_word' id='word_1_687' title='bbox 3044 4153 3150 4191; x_wconf 93' lang='lat' dir='ltr'><strong>non</strong></span> <span class='ocrx_word' id='word_1_688' title='bbox 3197 4152 3257 4191; x_wconf 85' lang='lat' dir='ltr'><strong>se</strong></span> <span class='ocrx_word' id='word_1_689' title='bbox 3287 4145 3683 4192; x_wconf 90' lang='lat' dir='ltr'><strong>converterunt</strong></span> 
     </span>
    </p>
   </div>
   <div class='ocr_carea' id='block_1_85' title="bbox 2108 4227 3678 4298">
    <p class='ocr_par' dir='ltr' id='par_1_85' title="bbox 2108 4227 3678 4298">
     <span class='ocr_line' id='line_1_85' title="bbox 2108 4227 3678 4298; baseline 0 -16"><span class='ocrx_word' id='word_1_690' title='bbox 2108 4237 2289 4298; x_wconf 90' lang='lat' dir='ltr'><strong>patres</strong></span> <span class='ocrx_word' id='word_1_691' title='bbox 2316 4243 2482 4297; x_wconf 87' lang='lat' dir='ltr'><strong>super</strong></span> <span class='ocrx_word' id='word_1_692' title='bbox 2506 4227 2647 4281; x_wconf 86' lang='lat' dir='ltr'><strong>ﬁlios</strong></span> <span class='ocrx_word' id='word_1_693' title='bbox 2673 4242 2863 4282; x_wconf 90' lang='lat' dir='ltr'><strong>eorum</strong></span> <span class='ocrx_word' id='word_1_694' title='bbox 2893 4241 3002 4295; x_wconf 64' lang='lat' dir='ltr'><strong>prae</strong></span> <span class='ocrx_word' id='word_1_695' title='bbox 3033 4228 3395 4283; x_wconf 88' lang='lat' dir='ltr'><strong>dissolutione</strong></span> <span class='ocrx_word' id='word_1_696' title='bbox 3419 4244 3678 4283; x_wconf 89' lang='lat' dir='ltr'><strong>manuum</strong></span> 
     </span>
    </p>
   </div>
   <div class='ocr_carea' id='block_1_86' title="bbox 2108 4318 3682 4388">
    <p class='ocr_par' dir='ltr' id='par_1_86' title="bbox 2108 4318 3682 4388">
     <span class='ocr_line' id='line_1_86' title="bbox 2108 4318 3682 4388; baseline 0.001 -15"><span class='ocrx_word' id='word_1_697' title='bbox 2108 4334 2323 4384; x_wconf 91' lang='lat' dir='ltr'><strong>eorum,</strong></span> <span class='ocrx_word' id='word_1_698' title='bbox 2389 4320 2443 4372; x_wconf 75' lang='grc'><strong>4.</strong></span> <span class='ocrx_word' id='word_1_699' title='bbox 2498 4319 2549 4372; x_wconf 91' lang='lat' dir='ltr'><strong>in</strong></span> <span class='ocrx_word' id='word_1_700' title='bbox 2595 4318 2706 4383; x_wconf 92' lang='lat' dir='ltr'><strong>die,</strong></span> <span class='ocrx_word' id='word_1_701' title='bbox 2733 4319 2828 4388; x_wconf 87' lang='lat' dir='ltr'><strong>qui</strong></span> <span class='ocrx_word' id='word_1_702' title='bbox 2861 4319 3008 4373; x_wconf 89' lang='lat' dir='ltr'><strong>venit</strong></span> <span class='ocrx_word' id='word_1_703' title='bbox 3042 4319 3108 4372; x_wconf 90' lang='lat' dir='ltr'><strong>ad</strong></span> <span class='ocrx_word' id='word_1_704' title='bbox 3136 4319 3461 4373; x_wconf 90' lang='lat' dir='ltr'><strong>abolendum</strong></span> <span class='ocrx_word' id='word_1_705' title='bbox 3489 4335 3682 4376; x_wconf 89' lang='lat' dir='ltr'><strong>omnes</strong></span> 
     </span>
    </p>
   </div>
   <div class='ocr_carea' id='block_1_87' title="bbox 431 4405 3685 4481">
    <p class='ocr_par' dir='ltr' id='par_1_87' title="bbox 431 4405 3685 4481">
     <span class='ocr_line' id='line_1_87' title="bbox 431 4405 3685 4481; baseline 0.002 -23"><span class='ocrx_word' id='word_1_706' title='bbox 431 4405 484 4458; x_wconf 87' lang='lat' dir='ltr'><strong>itt</strong></span> <span class='ocrx_word' id='word_1_707' title='bbox 541 4421 691 4460; x_wconf 91' lang='lat' dir='ltr'><strong>mare</strong></span> <span class='ocrx_word' id='word_1_708' title='bbox 745 4406 943 4461; x_wconf 89' lang='lat' dir='ltr'><strong>veniet.</strong></span> <span class='ocrx_word' id='word_1_709' title='bbox 1006 4407 1092 4460; x_wconf 89' lang='grc'><strong>19.</strong></span> <span class='ocrx_word' id='word_1_710' title='bbox 1123 4405 1268 4462; x_wconf 85' lang='lat' dir='ltr'><strong>Vasa</strong></span> <span class='ocrx_word' id='word_1_711' title='bbox 1313 4406 1729 4475; x_wconf 83' lang='lat' dir='ltr'><strong>demigrationis</strong></span> <span class='ocrx_word' id='word_1_712' title='bbox 1778 4405 1866 4461; x_wconf 91' lang='lat' dir='ltr'><strong>fac</strong></span> <span class='ocrx_word' id='word_1_713' title='bbox 1901 4406 1998 4460; x_wconf 89' lang='lat' dir='ltr'><strong>tibi</strong></span> <span class='ocrx_word' id='word_1_714' title='bbox 2032 4471 2070 4481; x_wconf 84' lang='lat'><strong>__</strong></span> <span class='ocrx_word' id='word_1_715' title='bbox 2111 4410 2470 4480; x_wconf 85' lang='lat' dir='ltr'><strong>alienigenas.</strong></span> <span class='ocrx_word' id='word_1_716' title='bbox 2532 4408 2598 4464; x_wconf 88' lang='lat' dir='ltr'><strong>Et</strong></span> <span class='ocrx_word' id='word_1_717' title='bbox 2652 4411 2874 4480; x_wconf 89' lang='lat' dir='ltr'><strong>perdam</strong></span> <span class='ocrx_word' id='word_1_718' title='bbox 2924 4409 3152 4481; x_wconf 84' lang='lat' dir='ltr'><strong>Tyrum,</strong></span> <span class='ocrx_word' id='word_1_719' title='bbox 3193 4420 3246 4465; x_wconf 90' lang='lat' dir='ltr'><strong>et</strong></span> <span class='ocrx_word' id='word_1_720' title='bbox 3297 4410 3581 4476; x_wconf 87' lang='lat' dir='ltr'><strong>Sidouem,</strong></span> <span class='ocrx_word' id='word_1_721' title='bbox 3628 4420 3685 4466; x_wconf 81' lang='lat' dir='ltr'><strong>et</strong></span> 
     </span>
    </p>
   </div>
   <div class='ocr_carea' id='block_1_88' title="bbox 430 4471 3684 4571">
    <p class='ocr_par' dir='ltr' id='par_1_88' title="bbox 430 4471 3684 4571">
     <span class='ocr_line' id='line_1_88' title="bbox 430 4471 3684 4571; baseline 0.002 -22"><span class='ocrx_word' id='word_1_722' title='bbox 430 4497 558 4566; x_wconf 83' lang='lat' dir='ltr'><strong>ipsi,</strong></span> <span class='ocrx_word' id='word_1_723' title='bbox 593 4496 888 4552; x_wconf 89' lang='lat' dir='ltr'><strong>habitatrix</strong></span> <span class='ocrx_word' id='word_1_724' title='bbox 916 4497 1024 4550; x_wconf 89' lang='lat' dir='ltr'><strong>ﬁlia</strong></span> <span class='ocrx_word' id='word_1_725' title='bbox 1052 4495 1297 4567; x_wconf 65' lang='lat' dir='ltr'><strong>Egypti,</strong></span> <span class='ocrx_word' id='word_1_726' title='bbox 1339 4471 1769 4567; x_wconf 45' lang='lat' dir='ltr'><strong>quia—Memphis</strong></span> <span class='ocrx_word' id='word_1_727' title='bbox 1804 4497 1902 4566; x_wconf 74' lang='grc' dir='ltr'><strong>(ιη)</strong></span> <span class='ocrx_word' id='word_1_728' title='bbox 1941 4496 1996 4550; x_wconf 91' lang='lat' dir='ltr'><strong>in</strong></span> <span class='ocrx_word' id='word_1_729' title='bbox 2032 4471 2080 4530; x_wconf 80' lang='grc' dir='ltr'><strong>Ῑ)</strong></span> <span class='ocrx_word' id='word_1_730' title='bbox 2110 4471 2311 4554; x_wconf 69' lang='lat' dir='ltr'><strong>omnes</strong></span> <span class='ocrx_word' id='word_1_731' title='bbox 2359 4498 2605 4569; x_wconf 80' lang='lat' dir='ltr'><strong>reliquos</strong></span> <span class='ocrx_word' id='word_1_732' title='bbox 2652 4471 2849 4555; x_wconf 74' lang='lat' dir='ltr'><strong>auxilii</strong></span> <span class='ocrx_word' id='word_1_733' title='bbox 2901 4471 3090 4556; x_wconf 71' lang='lat' dir='ltr'><strong>eorum</strong></span> <span class='ocrx_word' id='word_1_734' title='bbox 3112 4471 3295 4571; x_wconf 37' lang='lat' dir='ltr'><strong>{quia</strong></span> <span class='ocrx_word' id='word_1_735' title='bbox 3328 4501 3529 4558; x_wconf 88' lang='lat' dir='ltr'><strong>delebit</strong></span> <span class='ocrx_word' id='word_1_736' title='bbox 3569 4471 3684 4559; x_wconf 76' lang='lat' dir='ltr'><strong>Do-</strong></span> 
     </span>
    </p>
   </div>
   <div class='ocr_carea' id='block_1_89' title="bbox 429 4587 2006 4659">
    <p class='ocr_par' dir='ltr' id='par_1_89' title="bbox 429 4587 2006 4659">
     <span class='ocr_line' id='line_1_89' title="bbox 429 4587 2006 4659; baseline 0 -17"><span class='ocrx_word' id='word_1_737' title='bbox 429 4587 840 4657; x_wconf 90' lang='lat' dir='ltr'><strong>corruptioncm</strong></span> <span class='ocrx_word' id='word_1_738' title='bbox 870 4589 998 4651; x_wconf 92' lang='lat' dir='ltr'><strong>erit,</strong></span> <span class='ocrx_word' id='word_1_739' title='bbox 1037 4598 1092 4643; x_wconf 91' lang='lat' dir='ltr'><strong>ct</strong></span> <span class='ocrx_word' id='word_1_740' title='bbox 1121 4589 1407 4643; x_wconf 87' lang='lat' dir='ltr'><strong>vocabitur</strong></span> <span class='ocrx_word' id='word_1_741' title='bbox 1436 4587 1548 4654; x_wconf 67' lang='lat' dir='ltr'><strong>Vae,</strong></span> <span class='ocrx_word' id='word_1_742' title='bbox 1582 4589 1710 4659; x_wconf 87' lang='lat' dir='ltr'><strong>quia</strong></span> <span class='ocrx_word' id='word_1_743' title='bbox 1739 4603 1848 4643; x_wconf 90' lang='lat' dir='ltr'><strong>non</strong></span> <span class='ocrx_word' id='word_1_744' title='bbox 1873 4597 2006 4643; x_wconf 90' lang='lat' dir='ltr'><strong>sunt</strong></span> 
     </span>
    </p>
   </div>
   <div class='ocr_carea' id='block_1_90' title="bbox 431 4680 1996 4752">
    <p class='ocr_par' dir='ltr' id='par_1_90' title="bbox 431 4680 1996 4752">
     <span class='ocr_line' id='line_1_90' title="bbox 431 4680 1996 4752; baseline 0.001 -19"><span class='ocrx_word' id='word_1_745' title='bbox 431 4681 740 4736; x_wconf 89' lang='lat' dir='ltr'><strong>habitantes</strong></span> <span class='ocrx_word' id='word_1_746' title='bbox 769 4681 822 4735; x_wconf 93' lang='lat' dir='ltr'><strong>in</strong></span> <span class='ocrx_word' id='word_1_747' title='bbox 855 4696 938 4736; x_wconf 89' lang='lat' dir='ltr'><strong>ea.</strong></span> <span class='ocrx_word' id='word_1_748' title='bbox 972 4680 1062 4734; x_wconf 74' lang='lat'><strong>20.</strong></span> <span class='ocrx_word' id='word_1_749' title='bbox 1094 4680 1272 4736; x_wconf 88' lang='lat' dir='ltr'><strong>Vitula</strong></span> <span class='ocrx_word' id='word_1_750' title='bbox 1306 4681 1384 4752; x_wconf 85' lang='grc' dir='ltr'><strong>(η)</strong></span> <span class='ocrx_word' id='word_1_751' title='bbox 1408 4691 1602 4737; x_wconf 88' lang='lat' dir='ltr'><strong>ornata</strong></span> <span class='ocrx_word' id='word_1_752' title='bbox 1634 4683 1701 4748; x_wconf 49' lang='grc' dir='ltr'><strong>Ἀ(</strong></span> <span class='ocrx_word' id='word_1_753' title='bbox 1731 4680 1996 4751; x_wconf 70' lang='lat' dir='ltr'><strong>pulchra:</strong></span> 
     </span>
    </p>
   </div>
   <div class='ocr_carea' id='block_1_91' title="bbox 503 4834 1625 4908">
    <p class='ocr_par' dir='ltr' id='par_1_91' title="bbox 503 4834 1625 4908">
     <span class='ocr_line' id='line_1_91' title="bbox 503 4834 1625 4908; baseline 0.002 -18"><span class='ocrx_word' id='word_1_754' title='bbox 503 4836 578 4906; x_wconf 79' lang='grc' dir='ltr'><strong>(η)</strong></span> <span class='ocrx_word' id='word_1_755' title='bbox 626 4836 716 4901; x_wconf 78' lang='grc' dir='ltr'><strong>Λ.,</strong></span> <span class='ocrx_word' id='word_1_756' title='bbox 767 4835 1004 4908; x_wconf 85' lang='lat' dir='ltr'><strong>alligate.</strong></span> <span class='ocrx_word' id='word_1_757' title='bbox 1061 4834 1146 4895; x_wconf 85' lang='grc'><strong>8.,</strong></span> <span class='ocrx_word' id='word_1_758' title='bbox 1201 4835 1336 4905; x_wconf 89' lang='lat' dir='ltr'><strong>jugo</strong></span> <span class='ocrx_word' id='word_1_759' title='bbox 1395 4837 1625 4908; x_wconf 88' lang='lat' dir='ltr'><strong>jungite.</strong></span> 
     </span>
    </p>
   </div>
   <div class='ocr_carea' id='block_1_92' title="bbox 1736 4835 2528 4909">
    <p class='ocr_par' dir='ltr' id='par_1_92' title="bbox 1736 4835 2528 4909">
     <span class='ocr_line' id='line_1_92' title="bbox 1736 4835 2528 4909; baseline 0.006 -22"><span class='ocrx_word' id='word_1_760' title='bbox 1736 4835 1810 4906; x_wconf 90' lang='grc' dir='ltr'><strong>(ο)</strong></span> <span class='ocrx_word' id='word_1_761' title='bbox 1863 4837 1954 4909; x_wconf 82' lang='grc' dir='ltr'><strong>Λ.,</strong></span> <span class='ocrx_word' id='word_1_762' title='bbox 2009 4837 2246 4909; x_wconf 81' lang='lat' dir='ltr'><strong>expolite</strong></span> <span class='ocrx_word' id='word_1_763' title='bbox 2291 4837 2528 4892; x_wconf 81' lang='lat' dir='ltr'><strong>lanceas.</strong></span> 
     </span>
    </p>
   </div>
   <div class='ocr_carea' id='block_1_93' title="bbox 2113 4589 3684 4663">
    <p class='ocr_par' dir='ltr' id='par_1_93' title="bbox 2113 4589 3684 4663">
     <span class='ocr_line' id='line_1_93' title="bbox 2113 4589 3684 4663; baseline 0.003 -19"><span class='ocrx_word' id='word_1_764' title='bbox 2113 4589 2294 4644; x_wconf 88' lang='lat' dir='ltr'><strong>minus</strong></span> <span class='ocrx_word' id='word_1_765' title='bbox 2331 4593 2400 4658; x_wconf 52' lang='grc' dir='ltr'><strong>Ἀ(</strong></span> <span class='ocrx_word' id='word_1_766' title='bbox 2420 4591 2800 4662; x_wconf 68' lang='lat' dir='ltr'><strong>alienigenas:</strong></span> <span class='ocrx_word' id='word_1_767' title='bbox 2837 4592 3078 4662; x_wconf 92' lang='lat' dir='ltr'><strong>reliquos</strong></span> <span class='ocrx_word' id='word_1_768' title='bbox 3111 4593 3437 4657; x_wconf 86' lang='lat' dir='ltr'><strong>insularum,</strong></span> <span class='ocrx_word' id='word_1_769' title='bbox 3468 4603 3522 4648; x_wconf 92' lang='lat' dir='ltr'><strong>et</strong></span> <span class='ocrx_word' id='word_1_770' title='bbox 3542 4597 3684 4663; x_wconf 78' lang='lat' dir='ltr'><strong>Cap-</strong></span> 
     </span>
    </p>
   </div>
   <div class='ocr_carea' id='block_1_94' title="bbox 2111 4680 3682 4756">
    <p class='ocr_par' dir='ltr' id='par_1_94' title="bbox 2111 4680 3682 4756">
     <span class='ocr_line' id='line_1_94' title="bbox 2111 4680 3682 4756; baseline 0.003 -20"><span class='ocrx_word' id='word_1_771' title='bbox 2111 4682 2371 4752; x_wconf 66' lang='lat' dir='ltr'><strong>padociae.</strong></span> <span class='ocrx_word' id='word_1_772' title='bbox 2409 4682 2464 4737; x_wconf 90' lang='lat'><strong>5.</strong></span> <span class='ocrx_word' id='word_1_773' title='bbox 2486 4680 2648 4737; x_wconf 89' lang='lat' dir='ltr'><strong>Venit</strong></span> <span class='ocrx_word' id='word_1_774' title='bbox 2672 4684 2917 4740; x_wconf 89' lang='lat' dir='ltr'><strong>calvities</strong></span> <span class='ocrx_word' id='word_1_775' title='bbox 2949 4699 3112 4754; x_wconf 88' lang='lat' dir='ltr'><strong>super</strong></span> <span class='ocrx_word' id='word_1_776' title='bbox 3141 4684 3342 4740; x_wconf 87' lang='lat' dir='ltr'><strong>Gazam</strong></span> <span class='ocrx_word' id='word_1_777' title='bbox 3382 4704 3395 4739; x_wconf 88' lang='lat'><strong>:</strong></span> <span class='ocrx_word' id='word_1_778' title='bbox 3435 4687 3682 4756; x_wconf 88' lang='lat' dir='ltr'><strong>projecta</strong></span> 
     </span>
    </p>
   </div>
   <div class='ocr_carea' id='block_1_95' title="bbox 2637 4837 3683 4912">
    <p class='ocr_par' dir='ltr' id='par_1_95' title="bbox 2637 4837 3683 4912">
     <span class='ocr_line' id='line_1_95' title="bbox 2637 4837 3683 4912; baseline 0.005 -21"><span class='ocrx_word' id='word_1_779' title='bbox 2637 4839 2709 4908; x_wconf 88' lang='lat' dir='ltr'><strong>(p)</strong></span> <span class='ocrx_word' id='word_1_780' title='bbox 2746 4837 2832 4912; x_wconf 83' lang='grc'><strong>8.,</strong></span> <span class='ocrx_word' id='word_1_781' title='bbox 2887 4853 3058 4908; x_wconf 87' lang='lat' dir='ltr'><strong>quare</strong></span> <span class='ocrx_word' id='word_1_782' title='bbox 3111 4840 3324 4896; x_wconf 86' lang='lat' dir='ltr'><strong>vidistis</strong></span> <span class='ocrx_word' id='word_1_783' title='bbox 3377 4857 3492 4907; x_wconf 89' lang='lat' dir='ltr'><strong>eos,</strong></span> <span class='ocrx_word' id='word_1_784' title='bbox 3539 4842 3683 4912; x_wconf 89' lang='lat' dir='ltr'><strong>qttod</strong></span> 
     </span>
    </p>
   </div>
   <div class='ocr_carea' id='block_1_96' title="bbox 429 4907 3682 4976">
    <p class='ocr_par' dir='ltr' id='par_1_96' title="bbox 429 4907 3682 4976">
     <span class='ocr_line' id='line_1_96' title="bbox 429 4907 3682 4976; baseline 0.002 -18"><span class='ocrx_word' id='word_1_785' title='bbox 429 4907 728 4969; x_wconf 85' lang='lat' dir='ltr'><strong>vincentes,</strong></span> <span class='ocrx_word' id='word_1_786' title='bbox 785 4907 930 4976; x_wconf 87' lang='lat' dir='ltr'><strong>quod</strong></span> <span class='ocrx_word' id='word_1_787' title='bbox 981 4915 1310 4961; x_wconf 83' lang='lat' dir='ltr'><strong>revertentes</strong></span> <span class='ocrx_word' id='word_1_788' title='bbox 1360 4907 1700 4972; x_wconf 86' lang='lat' dir='ltr'><strong>retrorsum,</strong></span> <span class='ocrx_word' id='word_1_789' title='bbox 1745 4915 1799 4961; x_wconf 89' lang='lat' dir='ltr'><strong>et</strong></span> <span class='ocrx_word' id='word_1_790' title='bbox 1863 4907 2120 4964; x_wconf 81' lang='lat' dir='ltr'><strong>robustos</strong></span> <span class='ocrx_word' id='word_1_791' title='bbox 2190 4923 2380 4962; x_wconf 88' lang='lat' dir='ltr'><strong>eorum</strong></span> <span class='ocrx_word' id='word_1_792' title='bbox 2443 4908 2588 4975; x_wconf 86' lang='lat' dir='ltr'><strong>quod</strong></span> <span class='ocrx_word' id='word_1_793' title='bbox 2648 4907 2939 4970; x_wconf 64' lang='lat' dir='ltr'><strong>caedentes.</strong></span> <span class='ocrx_word' id='word_1_794' title='bbox 3004 4925 3110 4963; x_wconf 93' lang='lat' dir='ltr'><strong>non</strong></span> <span class='ocrx_word' id='word_1_795' title='bbox 3165 4924 3223 4964; x_wconf 85' lang='lat' dir='ltr'><strong>se</strong></span> <span class='ocrx_word' id='word_1_796' title='bbox 3272 4907 3682 4973; x_wconf 84' lang='lat' dir='ltr'><strong>convertentes,</strong></span> 
     </span>
    </p>
   </div>
   <div class='ocr_carea' id='block_1_97' title="bbox 432 4976 1491 5041">
    <p class='ocr_par' dir='ltr' id='par_1_97' title="bbox 432 4976 1491 5041">
     <span class='ocr_line' id='line_1_97' title="bbox 432 4976 1491 5041; baseline 0.004 -13"><span class='ocrx_word' id='word_1_797' title='bbox 432 4976 589 5031; x_wconf 88' lang='lat' dir='ltr'><strong>turba</strong></span> <span class='ocrx_word' id='word_1_798' title='bbox 621 4977 998 5041; x_wconf 90' lang='lat' dir='ltr'><strong>circumcirca,</strong></span> <span class='ocrx_word' id='word_1_799' title='bbox 1040 4977 1171 5031; x_wconf 89' lang='lat' dir='ltr'><strong>dicit</strong></span> <span class='ocrx_word' id='word_1_800' title='bbox 1212 4976 1491 5032; x_wconf 87' lang='lat' dir='ltr'><strong>Dominus.</strong></span> 
     </span>
    </p>
   </div>
   <div class='ocr_carea' id='block_1_98' title="bbox 431 5045 1578 5125">
    <p class='ocr_par' dir='ltr' id='par_1_98' title="bbox 431 5045 1578 5125">
     <span class='ocr_line' id='line_1_98' title="bbox 431 5045 1578 5125; baseline 0.002 -25"><span class='ocrx_word' id='word_1_801' title='bbox 431 5047 712 5125; x_wconf 69' lang='lat' dir='ltr'><strong>trepidate.</strong></span> <span class='ocrx_word' id='word_1_802' title='bbox 790 5046 852 5125; x_wconf 53' lang='lat' dir='ltr'><strong>(r)</strong></span> <span class='ocrx_word' id='word_1_803' title='bbox 876 5117 886 5125; x_wconf 80' lang='lat'><em>_</em></span> <span class='ocrx_word' id='word_1_804' title='bbox 914 5048 1001 5125; x_wconf 47' lang='lat'><strong>4:,</strong></span> <span class='ocrx_word' id='word_1_805' title='bbox 1040 5046 1124 5106; x_wconf 90' lang='grc'><strong>8.,</strong></span> <span class='ocrx_word' id='word_1_806' title='bbox 1153 5045 1302 5125; x_wconf 69' lang='lat' dir='ltr'><strong>(llius</strong></span> <span class='ocrx_word' id='word_1_807' title='bbox 1324 5057 1388 5125; x_wconf 38' lang='grc' dir='ltr'><strong>,οι</strong></span> <span class='ocrx_word' id='word_1_808' title='bbox 1417 5046 1578 5125; x_wconf 68' lang='lat' dir='ltr'><strong>Plini.</strong></span> 
     </span>
    </p>
   </div>
   <div class='ocr_carea' id='block_1_99' title="bbox 432 5125 738 5171">
    <p class='ocr_par' dir='ltr' id='par_1_99' title="bbox 432 5125 738 5171">
     <span class='ocr_line' id='line_1_99' title="bbox 432 5125 738 5171; baseline 0.01 -4"><span class='ocrx_word' id='word_1_809' title='bbox 432 5125 503 5171; x_wconf 73' lang='lat' dir='ltr'><strong>IIS</strong></span> <span class='ocrx_word' id='word_1_810' title='bbox 529 5130 738 5170; x_wconf 88' lang='lat' dir='ltr'><strong>arcum.</strong></span> 
     </span>
    </p>
   </div>
   <div class='ocr_carea' id='block_1_100' title="bbox 434 5184 1852 5255">
    <p class='ocr_par' dir='ltr' id='par_1_100' title="bbox 434 5184 1852 5255">
     <span class='ocr_line' id='line_1_100' title="bbox 434 5184 1852 5255; baseline 0.003 -19"><span class='ocrx_word' id='word_1_811' title='bbox 434 5185 516 5250; x_wconf 81' lang='grc'><strong>8.,</strong></span> <span class='ocrx_word' id='word_1_812' title='bbox 566 5186 634 5239; x_wconf 87' lang='lat' dir='ltr'><strong>ab</strong></span> <span class='ocrx_word' id='word_1_813' title='bbox 657 5184 1091 5255; x_wconf 86' lang='lat' dir='ltr'><strong>percutiendum.</strong></span> <span class='ocrx_word' id='word_1_814' title='bbox 1169 5185 1236 5254; x_wconf 80' lang='grc' dir='ltr'><strong>(ε)</strong></span> <span class='ocrx_word' id='word_1_815' title='bbox 1275 5184 1357 5248; x_wconf 89' lang='grc'><strong>8.,</strong></span> <span class='ocrx_word' id='word_1_816' title='bbox 1397 5189 1641 5242; x_wconf 88' lang='lat' dir='ltr'><strong>auditum</strong></span> <span class='ocrx_word' id='word_1_817' title='bbox 1673 5187 1852 5242; x_wconf 89' lang='lat' dir='ltr'><strong>facite.</strong></span> 
     </span>
    </p>
   </div>
   <div class='ocr_carea' id='block_1_101' title="bbox 431 5256 1054 5310">
    <p class='ocr_par' dir='ltr' id='par_1_101' title="bbox 431 5256 1054 5310">
     <span class='ocr_line' id='line_1_101' title="bbox 431 5256 1054 5310; baseline 0.002 -2"><span class='ocrx_word' id='word_1_818' title='bbox 431 5256 593 5308; x_wconf 90' lang='lat' dir='ltr'><strong>simul</strong></span> <span class='ocrx_word' id='word_1_819' title='bbox 618 5256 877 5310; x_wconf 89' lang='lat' dir='ltr'><strong>robustus</strong></span> <span class='ocrx_word' id='word_1_820' title='bbox 906 5265 1054 5309; x_wconf 89' lang='lat' dir='ltr'><strong>tuus.</strong></span> 
     </span>
    </p>
   </div>
   <div class='ocr_carea' id='block_1_102' title="bbox 433 5325 1323 5394">
    <p class='ocr_par' dir='ltr' id='par_1_102' title="bbox 433 5325 1323 5394">
     <span class='ocr_line' id='line_1_102' title="bbox 433 5325 1323 5394; baseline -0.001 -14"><span class='ocrx_word' id='word_1_821' title='bbox 433 5333 652 5394; x_wconf 65' lang='lat' dir='ltr'><strong>nostrae.</strong></span> <span class='ocrx_word' id='word_1_822' title='bbox 730 5325 901 5394; x_wconf 81' lang='lat' dir='ltr'><strong>(i)A.,</strong></span> <span class='ocrx_word' id='word_1_823' title='bbox 946 5325 1029 5390; x_wconf 87' lang='grc'><strong>8.,</strong></span> <span class='ocrx_word' id='word_1_824' title='bbox 1051 5326 1323 5379; x_wconf 89' lang='lat' dir='ltr'><strong>inebriati.</strong></span> 
     </span>
    </p>
   </div>
   <div class='ocr_carea' id='block_1_103' title="bbox 433 5393 1336 5466">
    <p class='ocr_par' dir='ltr' id='par_1_103' title="bbox 433 5393 1336 5466">
     <span class='ocr_line' id='line_1_103' title="bbox 433 5393 1336 5466; baseline 0.002 -20"><span class='ocrx_word' id='word_1_825' title='bbox 433 5393 672 5466; x_wconf 78' lang='lat' dir='ltr'><strong>&#39;l‘liabor.</strong></span> <span class='ocrx_word' id='word_1_826' title='bbox 733 5394 845 5466; x_wconf 64' lang='grc' dir='ltr'><strong>⁸(ιη)</strong></span> <span class='ocrx_word' id='word_1_827' title='bbox 876 5396 937 5466; x_wconf 47' lang='grc' dir='ltr'><strong>Ιηῄ</strong></span> <span class='ocrx_word' id='word_1_828' title='bbox 990 5395 1336 5466; x_wconf 66' lang='grc' dir='ltr'><strong>(Ιο1ειίοηριη.</strong></span> 
     </span>
    </p>
   </div>
   <div class='ocr_carea' id='block_1_104' title="bbox 431 5463 1694 5539">
    <p class='ocr_par' dir='ltr' id='par_1_104' title="bbox 431 5463 1694 5539">
     <span class='ocr_line' id='line_1_104' title="bbox 431 5463 1694 5539; baseline -0.012 -1"><span class='ocrx_word' id='word_1_829' title='bbox 431 5465 510 5539; x_wconf 75' lang='grc' dir='ltr'><strong>(Ρ)</strong></span> <span class='ocrx_word' id='word_1_830' title='bbox 551 5467 652 5539; x_wconf 67' lang='grc' dir='ltr'><strong>Λ.,</strong></span> <span class='ocrx_word' id='word_1_831' title='bbox 689 5463 994 5539; x_wconf 79' lang='lat' dir='ltr'><strong>eﬂusionis.</strong></span> <span class='ocrx_word' id='word_1_832' title='bbox 1156 5463 1565 5539; x_wconf 69' lang='lat' dir='ltr'><strong>corruptionis._</strong></span> <span class='ocrx_word' id='word_1_833' title='bbox 1620 5463 1694 5539; x_wconf 66' lang='grc' dir='ltr'><strong>(ς’)</strong></span> 
     </span>
    </p>
   </div>
   <div class='ocr_carea' id='block_1_105' title="bbox 430 5535 1222 5603">
    <p class='ocr_par' dir='ltr' id='par_1_105' title="bbox 430 5535 1222 5603">
     <span class='ocr_line' id='line_1_105' title="bbox 430 5535 1222 5603; baseline 0.004 -17"><span class='ocrx_word' id='word_1_834' title='bbox 430 5535 498 5598; x_wconf 80' lang='lat' dir='ltr'><strong>(t)</strong></span> <span class='ocrx_word' id='word_1_835' title='bbox 527 5538 615 5598; x_wconf 83' lang='lat' dir='ltr'><strong>A.,</strong></span> <span class='ocrx_word' id='word_1_836' title='bbox 646 5549 752 5588; x_wconf 80' lang='lat' dir='ltr'><strong>non</strong></span> <span class='ocrx_word' id='word_1_837' title='bbox 788 5535 1222 5603; x_wconf 89' lang='lat' dir='ltr'><strong>investigabitur.</strong></span> 
     </span>
    </p>
   </div>
   <div class='ocr_carea' id='block_1_106' title="bbox 434 5604 1730 5674">
    <p class='ocr_par' dir='ltr' id='par_1_106' title="bbox 434 5604 1730 5674">
     <span class='ocr_line' id='line_1_106' title="bbox 434 5604 1730 5674; baseline 0.004 -20"><span class='ocrx_word' id='word_1_838' title='bbox 434 5604 698 5671; x_wconf 88' lang='lat' dir='ltr'><strong>tiplicabit</strong></span> <span class='ocrx_word' id='word_1_839' title='bbox 747 5619 900 5672; x_wconf 88' lang='lat' dir='ltr'><strong>opes.</strong></span> <span class='ocrx_word' id='word_1_840' title='bbox 979 5607 1051 5673; x_wconf 66' lang='grc' dir='ltr'><strong>(ι)</strong></span> <span class='ocrx_word' id='word_1_841' title='bbox 1089 5606 1176 5670; x_wconf 80' lang='grc' dir='ltr'><strong>Α..</strong></span> <span class='ocrx_word' id='word_1_842' title='bbox 1223 5604 1316 5668; x_wconf 83' lang='grc'><strong>8.,</strong></span> <span class='ocrx_word' id='word_1_843' title='bbox 1354 5607 1446 5674; x_wconf 92' lang='lat' dir='ltr'><strong>qui</strong></span> <span class='ocrx_word' id='word_1_844' title='bbox 1514 5617 1730 5662; x_wconf 86' lang='lat' dir='ltr'><strong>terreat.</strong></span> 
     </span>
    </p>
   </div>
   <div class='ocr_carea' id='block_1_107' title="bbox 435 5676 2011 5746">
    <p class='ocr_par' dir='ltr' id='par_1_107' title="bbox 435 5676 2011 5746">
     <span class='ocr_line' id='line_1_107' title="bbox 435 5676 2011 5746; baseline 0.004 -21"><span class='ocrx_word' id='word_1_845' title='bbox 435 5676 506 5742; x_wconf 75' lang='grc' dir='ltr'><strong>(ιτ)</strong></span> <span class='ocrx_word' id='word_1_846' title='bbox 545 5676 633 5740; x_wconf 79' lang='grc' dir='ltr'><strong>Λ.,</strong></span> <span class='ocrx_word' id='word_1_847' title='bbox 662 5689 858 5730; x_wconf 83' lang='lat' dir='ltr'><strong>cursus</strong></span> <span class='ocrx_word' id='word_1_848' title='bbox 883 5687 1173 5742; x_wconf 89' lang='lat' dir='ltr'><strong>equorum.</strong></span> <span class='ocrx_word' id='word_1_849' title='bbox 1247 5676 1326 5746; x_wconf 78' lang='grc' dir='ltr'><strong>(ά)</strong></span> <span class='ocrx_word' id='word_1_850' title='bbox 1359 5678 1447 5741; x_wconf 76' lang='grc' dir='ltr'><strong>Λ.,</strong></span> <span class='ocrx_word' id='word_1_851' title='bbox 1479 5677 1562 5742; x_wconf 81' lang='grc'><strong>8.,</strong></span> <span class='ocrx_word' id='word_1_852' title='bbox 1627 5676 2011 5732; x_wconf 90' lang='lat' dir='ltr'><strong>multitudinis.</strong></span> 
     </span>
    </p>
   </div>
   <div class='ocr_carea' id='block_1_108' title="bbox 1596 4977 3389 5050">
    <p class='ocr_par' dir='ltr' id='par_1_108' title="bbox 1596 4977 3389 5050">
     <span class='ocr_line' id='line_1_108' title="bbox 1596 4977 3389 5050; baseline 0.004 -21"><span class='ocrx_word' id='word_1_853' title='bbox 1596 4979 1670 5050; x_wconf 88' lang='lat' dir='ltr'><strong>(q)</strong></span> <span class='ocrx_word' id='word_1_854' title='bbox 1719 4977 1782 5050; x_wconf 82' lang='lat' dir='ltr'><strong>Et</strong></span> <span class='ocrx_word' id='word_1_855' title='bbox 1811 4987 1869 5050; x_wconf 89' lang='lat' dir='ltr'><strong>ut</strong></span> <span class='ocrx_word' id='word_1_856' title='bbox 1902 4977 2048 5034; x_wconf 87' lang='lat' dir='ltr'><strong>ﬂuvii</strong></span> <span class='ocrx_word' id='word_1_857' title='bbox 2080 4979 2354 5034; x_wconf 89' lang='lat' dir='ltr'><strong>volventes</strong></span> <span class='ocrx_word' id='word_1_858' title='bbox 2385 4993 2556 5050; x_wconf 84' lang='lat' dir='ltr'><strong>aquas</strong></span> <span class='ocrx_word' id='word_1_859' title='bbox 2587 4979 2726 5050; x_wconf 87' lang='lat' dir='ltr'><strong>ejus.</strong></span> <span class='ocrx_word' id='word_1_860' title='bbox 2804 4980 2874 5046; x_wconf 83' lang='lat' dir='ltr'><strong>(r)</strong></span> <span class='ocrx_word' id='word_1_861' title='bbox 2909 4979 3003 5050; x_wconf 71' lang='grc' dir='ltr'><strong>ᾼ..</strong></span> <span class='ocrx_word' id='word_1_862' title='bbox 3049 4981 3193 5035; x_wconf 89' lang='lat' dir='ltr'><strong>sicut</strong></span> <span class='ocrx_word' id='word_1_863' title='bbox 3219 4981 3389 5037; x_wconf 90' lang='lat' dir='ltr'><strong>rivus.</strong></span> 
     </span>
    </p>
   </div>
   <div class='ocr_carea' id='block_1_109' title="bbox 1405 5327 3214 5451">
    <p class='ocr_par' dir='ltr' id='par_1_109' title="bbox 1405 5327 3214 5451">
     <span class='ocr_line' id='line_1_109' title="bbox 1405 5327 3214 5451; baseline 0.003 -72"><span class='ocrx_word' id='word_1_864' title='bbox 1405 5327 1476 5398; x_wconf 83' lang='lat' dir='ltr'><strong>(k)</strong></span> <span class='ocrx_word' id='word_1_865' title='bbox 1507 5331 1596 5393; x_wconf 76' lang='grc' dir='ltr'><strong>Λ.,</strong></span> <span class='ocrx_word' id='word_1_866' title='bbox 1646 5327 1876 5382; x_wconf 89' lang='lat' dir='ltr'><strong>tinnitus</strong></span> <span class='ocrx_word' id='word_1_867' title='bbox 1913 5327 2190 5386; x_wconf 73' lang='lat' dir='ltr'><strong>transtulit</strong></span> <span class='ocrx_word' id='word_1_868' title='bbox 2219 5327 2656 5451; x_wconf 47' lang='lat' dir='ltr'><strong>promissionem.</strong></span> <span class='ocrx_word' id='word_1_869' title='bbox 2682 5327 2764 5394; x_wconf 87' lang='grc'><strong>8.,</strong></span> <span class='ocrx_word' id='word_1_870' title='bbox 2802 5327 3018 5399; x_wconf 85' lang='lat' dir='ltr'><strong>tempus</strong></span> <span class='ocrx_word' id='word_1_871' title='bbox 3051 5331 3214 5384; x_wconf 84' lang='lat' dir='ltr'><strong>venit.</strong></span> 
     </span>
     <span class='ocr_line' id='line_1_110' title="bbox 1415 5398 3214 5451; baseline 0 0"><span class='ocrx_word' id='word_1_872' title='bbox 1415 5398 1494 5451; x_wconf 82' lang='lat' dir='ltr'><strong>(nl</strong></span> <span class='ocrx_word' id='word_1_873' title='bbox 1526 5398 1617 5451; x_wconf 81' lang='grc' dir='ltr'><strong>Α..</strong></span> <span class='ocrx_word' id='word_1_874' title='bbox 1669 5398 1916 5451; x_wconf 87' lang='lat' dir='ltr'><strong>nulchra.</strong></span> <span class='ocrx_word' id='word_1_875' title='bbox 1979 5412 2033 5451; x_wconf 90' lang='lat' dir='ltr'><strong>et</strong></span> <span class='ocrx_word' id='word_1_876' title='bbox 2095 5400 2218 5451; x_wconf 87' lang='lat' dir='ltr'><strong>nulc</strong></span> <span class='ocrx_word' id='word_1_877' title='bbox 2260 5413 2318 5451; x_wconf 89' lang='lat' dir='ltr'><strong>ra</strong></span> <span class='ocrx_word' id='word_1_878' title='bbox 2364 5398 2594 5451; x_wconf 84' lang='lat' dir='ltr'><strong>reddita.</strong></span> <span class='ocrx_word' id='word_1_879' title='bbox 2671 5400 2746 5451; x_wconf 79' lang='lat' dir='ltr'><strong>fol</strong></span> <span class='ocrx_word' id='word_1_880' title='bbox 2785 5399 2931 5451; x_wconf 82' lang='lat' dir='ltr'><strong>Tres.</strong></span> <span class='ocrx_word' id='word_1_881' title='bbox 2978 5415 3214 5451; x_wconf 67' lang='lat' dir='ltr'><strong>nuncens</strong></span> 
     </span>
    </p>
   </div>
   <div class='ocr_carea' id='block_1_110' title="bbox 1415 5398 2218 5470">
    <p class='ocr_par' dir='ltr' id='par_1_110' title="bbox 1415 5398 2218 5470">
     <span class='ocr_line' id='line_1_111' title="bbox 1415 5398 2218 5470; baseline 0.004 -21"><span class='ocrx_word' id='word_1_882' title='bbox 1415 5398 1494 5467; x_wconf 82' lang='grc' dir='ltr'><strong>(η)</strong></span> <span class='ocrx_word' id='word_1_883' title='bbox 1526 5398 1636 5470; x_wconf 77' lang='grc' dir='ltr'><strong>Λ.,</strong></span> <span class='ocrx_word' id='word_1_884' title='bbox 1669 5398 1916 5470; x_wconf 72' lang='lat' dir='ltr'><strong>pulchra,</strong></span> <span class='ocrx_word' id='word_1_885' title='bbox 1979 5412 2033 5454; x_wconf 91' lang='lat' dir='ltr'><strong>et</strong></span> <span class='ocrx_word' id='word_1_886' title='bbox 2095 5400 2218 5470; x_wconf 89' lang='lat' dir='ltr'><strong>pulc</strong></span> 
     </span>
    </p>
   </div>
   <div class='ocr_carea' id='block_1_111' title="bbox 3486 4982 3680 5053">
    <p class='ocr_par' dir='ltr' id='par_1_111' title="bbox 3486 4982 3680 5053">
     <span class='ocr_line' id='line_1_112' title="bbox 3486 4982 3680 5053; baseline 0.01 -2"><span class='ocrx_word' id='word_1_887' title='bbox 3486 4982 3555 5053; x_wconf 79' lang='grc' dir='ltr'><strong>(δ)</strong></span> <span class='ocrx_word' id='word_1_888' title='bbox 3596 4982 3680 5043; x_wconf 70' lang='grc' dir='ltr'><strong>δυο</strong></span> 
     </span>
    </p>
   </div>
   <div class='ocr_carea' id='block_1_112' title="bbox 1682 5047 1995 5123">
    <p class='ocr_par' dir='ltr' id='par_1_112' title="bbox 1682 5047 1995 5123">
     <span class='ocr_line' id='line_1_113' title="bbox 1682 5047 1995 5123; baseline 0.016 -24"><span class='ocrx_word' id='word_1_889' title='bbox 1682 5047 1761 5123; x_wconf 61' lang='lat' dir='ltr'><strong>(a)</strong></span> <span class='ocrx_word' id='word_1_890' title='bbox 1789 5048 1881 5123; x_wconf 82' lang='lat' dir='ltr'><strong>A_.,</strong></span> <span class='ocrx_word' id='word_1_891' title='bbox 1913 5051 1995 5123; x_wconf 81' lang='lat' dir='ltr'><strong>ol_n</strong></span> 
     </span>
    </p>
   </div>
   <div class='ocr_carea' id='block_1_113' title="bbox 2099 5047 3683 5123">
    <p class='ocr_par' dir='ltr' id='par_1_113' title="bbox 2099 5047 3683 5123">
     <span class='ocr_line' id='line_1_114' title="bbox 2099 5047 3683 5123; baseline 0.001 -21"><span class='ocrx_word' id='word_1_892' title='bbox 2099 5059 2227 5123; x_wconf 79' lang='lat' dir='ltr'><strong>:ntcs</strong></span> <span class='ocrx_word' id='word_1_893' title='bbox 2260 5061 2354 5123; x_wconf 50' lang='lat' dir='ltr'><strong>vos</strong></span> <span class='ocrx_word' id='word_1_894' title='bbox 2388 5047 2581 5123; x_wconf 74' lang='lat' dir='ltr'><strong>scutis.</strong></span> <span class='ocrx_word' id='word_1_895' title='bbox 2611 5047 2625 5123; x_wconf 41' lang='grc' dir='ltr'><em>ς</em></span> <span class='ocrx_word' id='word_1_896' title='bbox 2662 5049 2862 5123; x_wconf 44' lang='grc' dir='ltr'><strong>(πη-Λ.,</strong></span> <span class='ocrx_word' id='word_1_897' title='bbox 2900 5047 2985 5111; x_wconf 88' lang='grc'><strong>8.,</strong></span> <span class='ocrx_word' id='word_1_898' title='bbox 3015 5051 3108 5123; x_wconf 85' lang='lat' dir='ltr'><strong>qui</strong></span> <span class='ocrx_word' id='word_1_899' title='bbox 3139 5051 3346 5116; x_wconf 85' lang='lat' dir='ltr'><strong>tollitis,</strong></span> <span class='ocrx_word' id='word_1_900' title='bbox 3384 5054 3475 5123; x_wconf 91' lang='lat' dir='ltr'><strong>qui</strong></span> <span class='ocrx_word' id='word_1_901' title='bbox 3496 5047 3683 5106; x_wconf 81' lang='lat' dir='ltr'><strong>tendi-</strong></span> 
     </span>
    </p>
   </div>
   <div class='ocr_carea' id='block_1_114' title="bbox 817 5114 1995 5191">
    <p class='ocr_par' dir='ltr' id='par_1_114' title="bbox 817 5114 1995 5191">
     <span class='ocr_line' id='line_1_115' title="bbox 817 5114 1995 5191; baseline 0.005 -24"><span class='ocrx_word' id='word_1_902' title='bbox 817 5117 893 5191; x_wconf 71' lang='lat' dir='ltr'><strong>(y)</strong></span> <span class='ocrx_word' id='word_1_903' title='bbox 930 5114 1012 5191; x_wconf 83' lang='grc'><strong>8.,</strong></span> <span class='ocrx_word' id='word_1_904' title='bbox 1059 5116 1376 5191; x_wconf 37' lang='lat' dir='ltr'><strong>ascettdeAin</strong></span> <span class='ocrx_word' id='word_1_905' title='bbox 1409 5116 1621 5191; x_wconf 83' lang='lat' dir='ltr'><strong>Gilead.</strong></span> <span class='ocrx_word' id='word_1_906' title='bbox 1680 5114 1771 5191; x_wconf 29' lang='grc' dir='ltr'><strong>ζα)</strong></span> <span class='ocrx_word' id='word_1_907' title='bbox 1805 5119 1893 5183; x_wconf 73' lang='grc' dir='ltr'><strong>Λ.,</strong></span> <span class='ocrx_word' id='word_1_908' title='bbox 1944 5119 1995 5191; x_wconf 82' lang='grc'><strong>8,</strong></span> 
     </span>
    </p>
   </div>
   <div class='ocr_carea' id='block_1_115' title="bbox 2099 5114 3681 5191">
    <p class='ocr_par' dir='ltr' id='par_1_115' title="bbox 2099 5114 3681 5191">
     <span class='ocr_line' id='line_1_116' title="bbox 2099 5114 3681 5191; baseline 0.001 -20"><span class='ocrx_word' id='word_1_909' title='bbox 2099 5120 2236 5191; x_wconf 59' lang='lat' dir='ltr'><strong>virgo</strong></span> <span class='ocrx_word' id='word_1_910' title='bbox 2269 5117 2397 5191; x_wconf 81' lang='lat' dir='ltr'><strong>ﬁlia.</strong></span> <span class='ocrx_word' id='word_1_911' title='bbox 2435 5187 2445 5191; x_wconf 27' lang='grc' dir='ltr'><strong>Α</strong></span> <span class='ocrx_word' id='word_1_912' title='bbox 2475 5118 2551 5185; x_wconf 87' lang='lat' dir='ltr'><strong>(a)</strong></span> <span class='ocrx_word' id='word_1_913' title='bbox 2588 5114 2680 5179; x_wconf 61' lang='grc' dir='ltr'><strong>Α..</strong></span> <span class='ocrx_word' id='word_1_914' title='bbox 2715 5119 2754 5172; x_wconf 92' lang='grc'><strong>8</strong></span> <span class='ocrx_word' id='word_1_915' title='bbox 2788 5159 2806 5186; x_wconf 89' lang='grc'><strong>,</strong></span> <span class='ocrx_word' id='word_1_916' title='bbox 2841 5114 3198 5191; x_wconf 81' lang='lat' dir='ltr'><strong>ignominiam</strong></span> <span class='ocrx_word' id='word_1_917' title='bbox 3238 5114 3416 5176; x_wconf 56' lang='lat' dir='ltr'><strong>luant:</strong></span> <span class='ocrx_word' id='word_1_918' title='bbox 3477 5122 3555 5191; x_wconf 85' lang='lat' dir='ltr'><strong>(b)</strong></span> <span class='ocrx_word' id='word_1_919' title='bbox 3586 5124 3681 5185; x_wconf 73' lang='grc' dir='ltr'><strong>Λ.,</strong></span> 
     </span>
    </p>
   </div>
   <div class='ocr_carea' id='block_1_116' title="bbox 1931 5186 2772 5261">
    <p class='ocr_par' dir='ltr' id='par_1_116' title="bbox 1931 5186 2772 5261">
     <span class='ocr_line' id='line_1_117' title="bbox 1931 5186 2772 5261; baseline 0.002 -20"><span class='ocrx_word' id='word_1_920' title='bbox 1931 5189 2008 5261; x_wconf 87' lang='lat' dir='ltr'><strong>(d)</strong></span> <span class='ocrx_word' id='word_1_921' title='bbox 2043 5190 2134 5254; x_wconf 90' lang='grc' dir='ltr'><strong>Λ.,</strong></span> <span class='ocrx_word' id='word_1_922' title='bbox 2169 5186 2254 5261; x_wconf 79' lang='grc'><strong>8.,</strong></span> <span class='ocrx_word' id='word_1_923' title='bbox 2279 5187 2567 5261; x_wconf 63' lang='lat' dir='ltr'><strong>circuitum</strong></span> <span class='ocrx_word' id='word_1_924' title='bbox 2593 5195 2772 5243; x_wconf 89' lang='lat' dir='ltr'><strong>tuum.</strong></span> 
     </span>
    </p>
   </div>
   <div class='ocr_carea' id='block_1_117' title="bbox 1131 5255 3682 5329">
    <p class='ocr_par' dir='ltr' id='par_1_117' title="bbox 1131 5255 3682 5329">
     <span class='ocr_line' id='line_1_118' title="bbox 1131 5255 3682 5329; baseline 0.003 -21"><span class='ocrx_word' id='word_1_925' title='bbox 1131 5256 1318 5329; x_wconf 76' lang='lat' dir='ltr'><strong>(f)_A._,</strong></span> <span class='ocrx_word' id='word_1_926' title='bbox 1344 5255 2159 5329; x_wconf 77' lang='lat' dir='ltr'><strong>multiplicavitimpingentent.</strong></span> <span class='ocrx_word' id='word_1_927' title='bbox 2237 5259 2313 5326; x_wconf 87' lang='lat' dir='ltr'><strong>(g)</strong></span> <span class='ocrx_word' id='word_1_928' title='bbox 2363 5255 2430 5329; x_wconf 84' lang='lat' dir='ltr'><strong>Et</strong></span> <span class='ocrx_word' id='word_1_929' title='bbox 2458 5258 2733 5329; x_wconf 70' lang='lat' dir='ltr'><strong>dicentes.</strong></span> <span class='ocrx_word' id='word_1_930' title='bbox 2812 5255 3010 5329; x_wconf 54' lang='lat' dir='ltr'><strong>(hy/1.,</strong></span> <span class='ocrx_word' id='word_1_931' title='bbox 3041 5255 3104 5313; x_wconf 62' lang='lat' dir='ltr'><strong>in&#39;</strong></span> <span class='ocrx_word' id='word_1_932' title='bbox 3133 5273 3332 5314; x_wconf 88' lang='lat' dir='ltr'><strong>terram</strong></span> <span class='ocrx_word' id='word_1_933' title='bbox 3381 5260 3682 5315; x_wconf 86' lang='lat' dir='ltr'><strong>nativitatis</strong></span> 
     </span>
    </p>
   </div>
   <div class='ocr_carea' id='block_1_118' title="bbox 2852 5189 3684 5261">
    <p class='ocr_par' dir='ltr' id='par_1_118' title="bbox 2852 5189 3684 5261">
     <span class='ocr_line' id='line_1_119' title="bbox 2852 5189 3684 5261; baseline 0.002 -19"><span class='ocrx_word' id='word_1_934' title='bbox 2852 5194 2921 5257; x_wconf 71' lang='grc' dir='ltr'><strong>(ρ)</strong></span> <span class='ocrx_word' id='word_1_935' title='bbox 2953 5189 3036 5254; x_wconf 91' lang='grc'><strong>8.,</strong></span> <span class='ocrx_word' id='word_1_936' title='bbox 3071 5206 3243 5261; x_wconf 87' lang='lat' dir='ltr'><strong>quare</strong></span> <span class='ocrx_word' id='word_1_937' title='bbox 3287 5189 3543 5245; x_wconf 85' lang='lat' dir='ltr'><strong>detrusus</strong></span> <span class='ocrx_word' id='word_1_938' title='bbox 3599 5203 3684 5261; x_wconf 83' lang='lat' dir='ltr'><strong>est</strong></span> 
     </span>
    </p>
   </div>
   <div class='ocr_carea' id='block_1_119' title="bbox 3327 5329 3676 5398">
    <p class='ocr_par' dir='ltr' id='par_1_119' title="bbox 3327 5329 3676 5398">
     <span class='ocr_line' id='line_1_120' title="bbox 3327 5329 3676 5398; baseline 0.014 -17"><span class='ocrx_word' id='word_1_939' title='bbox 3327 5329 3388 5398; x_wconf 83' lang='grc' dir='ltr'><strong>(ι)</strong></span> <span class='ocrx_word' id='word_1_940' title='bbox 3424 5329 3622 5398; x_wconf 76' lang='lat' dir='ltr'><strong>Reliqui</strong></span> <span class='ocrx_word' id='word_1_941' title='bbox 3662 5350 3676 5386; x_wconf 85' lang='lat'><strong>:</strong></span> 
     </span>
    </p>
   </div>
   <div class='ocr_carea' id='block_1_120' title="bbox 2260 5398 3670 5469">
    <p class='ocr_par' dir='ltr' id='par_1_120' title="bbox 2260 5398 3670 5469">
     <span class='ocr_line' id='line_1_121' title="bbox 2260 5398 3670 5469; baseline 0.004 -19"><span class='ocrx_word' id='word_1_942' title='bbox 2260 5413 2318 5451; x_wconf 89' lang='lat' dir='ltr'><strong>ra</strong></span> <span class='ocrx_word' id='word_1_943' title='bbox 2364 5398 2594 5452; x_wconf 81' lang='lat' dir='ltr'><strong>reddita.</strong></span> <span class='ocrx_word' id='word_1_944' title='bbox 2671 5400 2746 5468; x_wconf 89' lang='grc' dir='ltr'><strong>(ο)</strong></span> <span class='ocrx_word' id='word_1_945' title='bbox 2785 5398 2931 5469; x_wconf 74' lang='lat' dir='ltr'><strong>Tres,</strong></span> <span class='ocrx_word' id='word_1_946' title='bbox 2978 5415 3220 5469; x_wconf 79' lang='lat' dir='ltr'><strong>pungens</strong></span> <span class='ocrx_word' id='word_1_947' title='bbox 3271 5398 3340 5451; x_wconf 87' lang='lat' dir='ltr'><strong>ab</strong></span> <span class='ocrx_word' id='word_1_948' title='bbox 3395 5401 3670 5468; x_wconf 83' lang='lat' dir='ltr'><strong>aquilone.</strong></span> 
     </span>
    </p>
   </div>
   <div class='ocr_carea' id='block_1_121' title="bbox 1731 5466 1995 5539">
    <p class='ocr_par' dir='ltr' id='par_1_121' title="bbox 1731 5466 1995 5539">
     <span class='ocr_line' id='line_1_122' title="bbox 1731 5466 1995 5539; baseline 0.008 -19"><span class='ocrx_word' id='word_1_949' title='bbox 1731 5466 1937 5539; x_wconf 77' lang='lat' dir='ltr'><strong>A.,S.,</strong></span> <span class='ocrx_word' id='word_1_950' title='bbox 1973 5485 1995 5522; x_wconf 81' lang='lat' dir='ltr'><strong>v</strong></span> 
     </span>
    </p>
   </div>
   <div class='ocr_carea' id='block_1_122' title="bbox 2099 5466 3666 5539">
    <p class='ocr_par' dir='ltr' id='par_1_122' title="bbox 2099 5466 3666 5539">
     <span class='ocr_line' id='line_1_123' title="bbox 2099 5466 3666 5539; baseline -0.001 -16"><span class='ocrx_word' id='word_1_951' title='bbox 2099 5466 2304 5539; x_wconf 66' lang='lat' dir='ltr'><strong>Ettiouis</strong></span> <span class='ocrx_word' id='word_1_952' title='bbox 2335 5485 2546 5539; x_wconf 62' lang='lat' dir='ltr'><strong>eorum.</strong></span> <span class='ocrx_word' id='word_1_953' title='bbox 2623 5466 2693 5539; x_wconf 74' lang='lat' dir='ltr'><strong>(r)</strong></span> <span class='ocrx_word' id='word_1_954' title='bbox 2714 5469 2804 5527; x_wconf 77' lang='grc' dir='ltr'><strong>Α..</strong></span> <span class='ocrx_word' id='word_1_955' title='bbox 2834 5468 2914 5532; x_wconf 88' lang='grc'><strong>8.,</strong></span> <span class='ocrx_word' id='word_1_956' title='bbox 2951 5466 3070 5539; x_wconf 76' lang='lat' dir='ltr'><strong>ibit.</strong></span> <span class='ocrx_word' id='word_1_957' title='bbox 3095 5466 3108 5468; x_wconf 64' lang='grc'>⁷</span> <span class='ocrx_word' id='word_1_958' title='bbox 3149 5469 3218 5535; x_wconf 83' lang='lat' dir='ltr'><strong>(s)</strong></span> <span class='ocrx_word' id='word_1_959' title='bbox 3245 5471 3331 5527; x_wconf 72' lang='grc' dir='ltr'><strong>Λ.,</strong></span> <span class='ocrx_word' id='word_1_960' title='bbox 3363 5469 3414 5522; x_wconf 88' lang='lat' dir='ltr'><strong>itt</strong></span> <span class='ocrx_word' id='word_1_961' title='bbox 3449 5466 3666 5524; x_wconf 74' lang='lat' dir='ltr'><strong>robore.</strong></span> 
     </span>
    </p>
   </div>
   <div class='ocr_carea' id='block_1_123' title="bbox 1300 5537 1995 5662">
    <p class='ocr_par' dir='ltr' id='par_1_123' title="bbox 1300 5537 1995 5662">
     <span class='ocr_line' id='line_1_124' title="bbox 1300 5537 1995 5608; baseline 0 -20"><span class='ocrx_word' id='word_1_962' title='bbox 1300 5538 1378 5605; x_wconf 80' lang='grc' dir='ltr'><strong>(ιι)</strong></span> <span class='ocrx_word' id='word_1_963' title='bbox 1405 5538 1493 5599; x_wconf 81' lang='grc' dir='ltr'><strong>Α..</strong></span> <span class='ocrx_word' id='word_1_964' title='bbox 1529 5537 1894 5603; x_wconf 47' lang='grc' dir='ltr'><strong>8.,ἀνίδίιίώο.</strong></span> <span class='ocrx_word' id='word_1_965' title='bbox 1973 5540 1995 5608; x_wconf 48' lang='grc' dir='ltr'><strong>(η</strong></span> 
     </span>
     <span class='ocr_line' id='line_1_125' title="bbox 1300 5607 1995 5662; baseline 0 0"><span class='ocrx_word' id='word_1_966' title='bbox 1300 5649 1305 5662; x_wconf 89' lang='grc'><strong>.</strong></span> <span class='ocrx_word' id='word_1_967' title='bbox 1354 5607 1446 5662; x_wconf 82' lang='lat' dir='ltr'><strong>cui</strong></span> <span class='ocrx_word' id='word_1_968' title='bbox 1514 5617 1730 5662; x_wconf 86' lang='lat' dir='ltr'><strong>terreat.</strong></span> <span class='ocrx_word' id='word_1_969' title='bbox 1809 5608 1886 5662; x_wconf 88' lang='lat' dir='ltr'><strong>(al</strong></span> <span class='ocrx_word' id='word_1_970' title='bbox 1915 5608 1995 5662; x_wconf 86' lang='grc'><strong>.1..</strong></span> 
     </span>
    </p>
   </div>
   <div class='ocr_carea' id='block_1_124' title="bbox 2099 5537 3680 5662">
    <p class='ocr_par' dir='ltr' id='par_1_124' title="bbox 2099 5537 3680 5662">
     <span class='ocr_line' id='line_1_126' title="bbox 2099 5537 3680 5662; baseline -0.001 -70"><span class='ocrx_word' id='word_1_971' title='bbox 2099 5538 2295 5619; x_wconf 43' lang='grc' dir='ltr'><strong>Λ.,-8.,</strong></span> <span class='ocrx_word' id='word_1_972' title='bbox 2330 5539 2471 5592; x_wconf 88' lang='lat' dir='ltr'><strong>sicut</strong></span> <span class='ocrx_word' id='word_1_973' title='bbox 2497 5537 2690 5619; x_wconf 75' lang='lat' dir='ltr'><strong>diebus</strong></span> <span class='ocrx_word' id='word_1_974' title='bbox 2713 5539 2805 5606; x_wconf 92' lang='lat' dir='ltr'><strong>qui</strong></span> <span class='ocrx_word' id='word_1_975' title='bbox 2852 5539 2919 5590; x_wconf 89' lang='lat' dir='ltr'><strong>ab</strong></span> <span class='ocrx_word' id='word_1_976' title='bbox 2953 5537 3200 5605; x_wconf 89' lang='lat' dir='ltr'><strong>antiquo.</strong></span> <span class='ocrx_word' id='word_1_977' title='bbox 3279 5539 3357 5662; x_wconf 61' lang='grc' dir='ltr'><strong>(ἵ)</strong></span> <span class='ocrx_word' id='word_1_978' title='bbox 3394 5543 3478 5618; x_wconf 33' lang='lat' dir='ltr'><strong>fl.”</strong></span> <span class='ocrx_word' id='word_1_979' title='bbox 3534 5542 3680 5592; x_wconf 86' lang='lat' dir='ltr'><strong>mul-</strong></span> 
     </span>
     <span class='ocr_line' id='line_1_127' title="bbox 2099 5607 3670 5662; baseline 0.003 -3"><span class='ocrx_word' id='word_1_980' title='bbox 2099 5619 2127 5662; x_wconf 74' lang='grc' dir='ltr'><strong>ιι</strong></span> <span class='ocrx_word' id='word_1_981' title='bbox 2186 5618 2457 5662; x_wconf 83' lang='lat' dir='ltr'><strong>insontem</strong></span> <span class='ocrx_word' id='word_1_982' title='bbox 2517 5607 2859 5662; x_wconf 87' lang='lat' dir='ltr'><strong>dttntttcudo.</strong></span> <span class='ocrx_word' id='word_1_983' title='bbox 2936 5608 3013 5662; x_wconf 82' lang='lat' dir='ltr'><strong>(bl</strong></span> <span class='ocrx_word' id='word_1_984' title='bbox 3058 5609 3148 5662; x_wconf 83' lang='lat' dir='ltr'><strong>A..</strong></span> <span class='ocrx_word' id='word_1_985' title='bbox 3192 5611 3258 5662; x_wconf 90' lang='lat' dir='ltr'><strong>ad</strong></span> <span class='ocrx_word' id='word_1_986' title='bbox 3354 5609 3670 5662; x_wconf 66' lang='lat' dir='ltr'><strong>lnltstltzcus.</strong></span> 
     </span>
    </p>
   </div>
   <div class='ocr_carea' id='block_1_125' title="bbox 1809 5607 3258 5678">
    <p class='ocr_par' dir='ltr' id='par_1_125' title="bbox 1809 5607 3258 5678">
     <span class='ocr_line' id='line_1_128' title="bbox 1809 5607 3258 5678; baseline 0.004 -20"><span class='ocrx_word' id='word_1_987' title='bbox 1809 5608 1886 5678; x_wconf 85' lang='lat' dir='ltr'><strong>(a)</strong></span> <span class='ocrx_word' id='word_1_988' title='bbox 1915 5607 2041 5674; x_wconf 61' lang='grc'><strong>.1.⁷,’</strong></span> <span class='ocrx_word' id='word_1_989' title='bbox 2073 5619 2127 5662; x_wconf 88' lang='lat' dir='ltr'><strong>et</strong></span> <span class='ocrx_word' id='word_1_990' title='bbox 2186 5610 2457 5662; x_wconf 86' lang='lat' dir='ltr'><strong>insontem</strong></span> <span class='ocrx_word' id='word_1_991' title='bbox 2517 5607 2859 5662; x_wconf 86' lang='lat' dir='ltr'><strong>ditnittcudo.</strong></span> <span class='ocrx_word' id='word_1_992' title='bbox 2936 5608 3013 5678; x_wconf 90' lang='lat' dir='ltr'><strong>(b)</strong></span> <span class='ocrx_word' id='word_1_993' title='bbox 3058 5609 3148 5674; x_wconf 82' lang='lat' dir='ltr'><strong>A.,</strong></span> <span class='ocrx_word' id='word_1_994' title='bbox 3192 5611 3258 5664; x_wconf 89' lang='lat' dir='ltr'><strong>ad</strong></span> 
     </span>
    </p>
   </div>
   <div class='ocr_carea' id='block_1_126' title="bbox 3354 5609 3670 5665">
    <p class='ocr_par' dir='ltr' id='par_1_126' title="bbox 3354 5609 3670 5665">
     <span class='ocr_line' id='line_1_129' title="bbox 3354 5609 3670 5665; baseline 0.003 -2"><span class='ocrx_word' id='word_1_995' title='bbox 3354 5609 3670 5665; x_wconf 59' lang='lat' dir='ltr'><strong>ltilistlttcos.</strong></span> 
     </span>
    </p>
   </div>
   <div class='ocr_carea' id='block_1_127' title="bbox 509 5788 3010 5862">
    <p class='ocr_par' dir='ltr' id='par_1_127' title="bbox 509 5788 3010 5862">
     <span class='ocr_line' id='line_1_130' title="bbox 509 5788 3010 5862; baseline 0 -18"><span class='ocrx_word' id='word_1_996' title='bbox 509 5791 572 5859; x_wconf 88' lang='lat'><strong>(&#39;)</strong></span> <span class='ocrx_word' id='word_1_997' title='bbox 602 5791 644 5844; x_wconf 95' lang='lat' dir='ltr'><strong>I.</strong></span> <span class='ocrx_word' id='word_1_998' title='bbox 679 5806 728 5846; x_wconf 89' lang='lat' dir='ltr'><strong>c.</strong></span> <span class='ocrx_word' id='word_1_999' title='bbox 769 5788 1129 5856; x_wconf 74' lang='lat' dir='ltr'><strong>Philistbtcos,</strong></span> <span class='ocrx_word' id='word_1_1000' title='bbox 1171 5805 1308 5862; x_wconf 83' lang='lat' dir='ltr'><strong>quos</strong></span> <span class='ocrx_word' id='word_1_1001' title='bbox 1343 5809 1449 5846; x_wconf 66' lang='grc' dir='ltr'><strong>ιιι</strong></span> <span class='ocrx_word' id='word_1_1002' title='bbox 1485 5808 1679 5862; x_wconf 60' lang='lat' dir='ltr'><strong>graece,</strong></span> <span class='ocrx_word' id='word_1_1003' title='bbox 1713 5790 2065 5862; x_wconf 78' lang='grc' dir='ltr'><strong>ἀλλοφύλους,</strong></span> <span class='ocrx_word' id='word_1_1004' title='bbox 2094 5791 2412 5860; x_wconf 78' lang='lat' dir='ltr'><strong>alienigenas</strong></span> <span class='ocrx_word' id='word_1_1005' title='bbox 2451 5799 2780 5860; x_wconf 66' lang='lat' dir='ltr'><strong>nuncupant.</strong></span> <span class='ocrx_word' id='word_1_1006' title='bbox 2808 5789 3010 5844; x_wconf 58' lang='lat' dir='ltr'><strong>Daren.</strong></span> 
     </span>
    </p>
   </div>
  </div>
