4102 6278
386 361 527 419 2385
1664 366 1974 424 ΙΙΞΒΕΜΙᾸΞ
2017 367 2241 425 CAPUT
2294 371 2353 426 Ι..
3489 371 3631 426 2586

389 495 589 540 rentes.
647 484 698 538 5.
724 483 911 554 Usque
949 485 1016 540 ad
1072 485 1293 543 Sioncm
1347 488 1754 559 iutcrrogabunt
1789 489 1956 551 viam,
1993 492 2030 546 Α
2065 488 2349 543 restituam
2383 486 2634 542 lsraclcm
2671 486 2722 540 in
2752 501 3011 556 pascuum
3045 504 3226 552 suum,
3258 497 3312 544 et
3347 501 3533 559 pascet
3572 493 3628 548 in

388 575 458 648 (b)
496 577 584 632 hic
625 577 771 631 enim
814 577 1007 633 faciem
1056 595 1218 634 suam.
1245 592 1307 634 σι-
1354 578 1418 648 (I)
1450 577 1657 633 dabunt
1685 580 1732 646 ζ,
1768 590 1822 635 et
1859 596 1954 634 vc-
2054 577 2333 644 Carmelo,
2359 591 2413 633 et
2443 579 2493 632 in
2527 577 2726 644 Basan,
2757 587 2813 632 et
2840 579 2895 632 in
2926 589 3110 635 monte
3161 579 3433 649 Ephrem,
3473 593 3528 637 et
3569 583 3625 637 in

388 669 561 731 nient,
598 676 653 724 et
703 667 1020 739 confugient
1071 671 1137 724 ad
1185 671 1513 735 Dominum;
1568 679 1949 726 testamentum
2053 671 2282 736 Gaiaad,
2315 682 2367 728 et
2391 673 2785 727 saturabunlur
2807 672 3006 726 anima:
3039 687 3256 729 eorum.
3290 673 3382 729 20.
3419 673 3473 728 In
3503 675 3626 729 dic-

385 759 534 813 enim
571 768 835 816 aeternum
868 776 978 815 non
1013 762 1272 816 oblivioni
1303 762 1567 817 tradetur.
1588 762 1642 816 6.
1673 766 1810 819 Oves
1830 778 1954 832 per-
2052 763 2160 819 bus
2204 765 2346 829 istis,
2393 772 2448 820 et
2491 763 2545 818 in
2597 771 2841 833 tempore
2886 764 2998 828 illo,
3024 763 3177 836 dicit
3218 764 3503 830 Dominus,
3559 765 3624 835 (ἱ)

385 850 510 904 dita:
547 849 726 906 factus
752 862 836 906 est
873 853 1104 922 populus
1139 868 1316 916 meus,
1349 860 1598 923 pastores
1627 869 1820 908 eorum
1851 853 1946 924 (m)

384 941 712 1009 expulerunt
743 956 860 1008 eos,
905 958 1072 1011 super
1106 952 1321 998 montes
1353 943 1434 1014 (it)
1465 943 1800 998 seduxerunt
1829 958 1945 1007 eos,

383 1032 449 1087 de
481 1042 664 1088 monte
693 1051 858 1104 super
890 1036 1082 1091 collem
1119 1036 1390 1099 abierunt,
1424 1036 1574 1091 obliti
1603 1044 1732 1090 sunt
1755 1036 1950 1091 cubilis

383 1125 491 1179 sui.
519 1125 568 1179 7.
597 1123 800 1183 Omnes
831 1128 1170 1183 invenientes
1199 1142 1299 1182 eos
1324 1136 1784 1198 consumpserunt
1813 1143 1906 1182 eos
1931 1145 1948 1182 :

381 1215 457 1288 (ο)
485 1216 691 1273 inimici
724 1233 912 1274 eorum
940 1221 1196 1276 dixerunt
1223 1239 1237 1276 :
1268 1219 1345 1276 Ne
1377 1221 1664 1290 quiescere
1682 1220 1949 1275 faciamus

379 1319 495 1369 eos,
527 1321 627 1375 pro
658 1322 724 1362 eo
747 1310 894 1378 quod
927 1320 1224 1382 peccarunt
1257 1311 1528 1366 Domino:
1563 1310 1638 1381 (p)
1680 1326 1944 1380 pascuum

375 1394 601 1463 justitize
627 1399 700 1462 ei,
728 1401 822 1470 qui
853 1410 1145 1473 congregat
1192 1412 1373 1473 patres
1415 1418 1626 1467 eorum,
1657 1401 1944 1458 Dominus.

377 1484 429 1540 8.
465 1487 540 1557 (qi
565 1487 961 1546 Abalicnamini
992 1507 1024 1548 e
1061 1493 1237 1548 medio
1282 1493 1594 1565 Babylonis,
1642 1503 1697 1548 et
1724 1510 1754 1548 e
1797 1503 1941 1549 terra

376 1575 777 1649 Chaldaeorum,
813 1590 869 1637 et
900 1583 1064 1649 exite,
1098 1592 1152 1638 et
1193 1593 1364 1640 estote
1405 1586 1474 1656 (r)
1502 1586 1642 1641 sicut
1680 1586 1944 1641 dracones

377 1682 562 1722 coram
611 1669 751 1726 facie
793 1673 998 1728 ovium.
1039 1673 1092 1730 9.
1137 1672 1276 1740 Quia
1325 1689 1452 1730 ecce
1488 1690 1588 1742 ego
1638 1677 1840 1739 excito,
1887 1683 1943 1730 et

377 1760 674 1816 ascendere
721 1761 866 1818 facio
914 1779 1078 1833 super
1123 1763 1451 1833 Babylonem
1490 1767 1942 1837 congregationes

374 1852 615 1920 gentium
646 1869 968 1924 magnarum
995 1870 1024 1910 e
1049 1864 1189 1910 terra
1222 1859 1628 1926 septentrionis,
1658 1867 1714 1912 et
1760 1873 1819 1913 se
1859 1858 1942 1912 in-

375 1950 588 1997 struent
643 1945 908 2000 adversus
953 1961 1116 2010 eam;
1168 1947 1296 2002 inde
1345 1948 1628 2017 capietur:
1677 1949 1820 2004 sicut
1871 1950 1940 2019 (ε)

373 2033 538 2086 teium
573 2035 890 2104 pugnatoris
919 2035 1272 2106 intelligentis
1307 2054 1410 2094 nec
1438 2039 1636 2094 redibit
1684 2054 1937 2093 vacuum.

374 2124 461 2178 10.
507 2123 573 2180 Ει
599 2126 703 2180 erit
734 2125 982 2182 Chaldzea
1016 2128 1072 2182 in
1101 2129 1359 2198 praedam.
1395 2139 1451 2186 et
1473 2145 1670 2185 omnes
1699 2129 1939 2200 prmdan-

374 2225 452 2269 tes
497 2230 617 2271 eam
666 2219 1079 2284 saturabuntur,
1143 2220 1275 2275 dicit
1333 2221 1616 2276 Dominus.
1665 2221 1746 2275 ti.
1801 2220 1940 2287 Quia

370 2303 546 2371 gavisi
567 2305 702 2361 estis
734 2315 790 2360 ct
821 2307 1058 2377 gloriati,
1092 2325 1216 2365 cum
1241 2309 1544 2379 diripuistis
1574 2311 1938 2365 haareditatem

371 2409 572 2462 meam,
597 2396 726 2466 quia
760 2397 1102 2468 exsultastls,
1133 2400 1275 2456 sicut
1302 2401 1444 2456 tauri
1472 2401 1530 2456 in
1559 2401 1752 2466 herba,
1795 2413 1846 2456 et
1875 2403 1940 2473 (t)

369 2497 540 2538 cornu
563 2485 812 2554 petiistis,
832 2487 973 2542 sicut
995 2487 1198 2543 bubali.
1218 2488 1301 2543 l2.
1322 2487 1550 2544 Erubuit
1570 2498 1742 2544 mater
1761 2501 1940 2544 vestra

367 2574 543 2640 valde,
594 2575 671 2646 (α)
721 2587 898 2632 mater
943 2579 1001 2634 in
1041 2580 1224 2635 bona:
1269 2596 1400 2636 ecce
1448 2581 1638 2635 ultima
1694 2581 1934 2650 gentium

367 2663 646 2721 desertum
677 2668 746 2734 »ζ
774 2667 896 2721 sine
923 2684 1088 2737 aqua,
1125 2679 1181 2724 et
1209 2683 1320 2723 non
1347 2669 1613 2723 calcatum
1643 2669 1705 2736 ζ.
1730 2669 1818 2723 15.
1851 2668 1935 2722 ΑΙ)

368 2755 449 2810 ira
467 2754 680 2811 Domini
700 2772 806 2811 non
833 2758 1197 2814 habitabitur:
1218 2768 1272 2814 et
1289 2760 1392 2814 erit
1412 2760 1468 2815 in
1488 2760 1712 2814 exitium
1733 2760 1932 2825 omnis,

365 2855 420 2901 et
444 2848 646 2913 omnis,
677 2849 770 2918 qui
827 2850 1106 2905 transierit
1139 2865 1301 2920 super
1330 2849 1686 2922 Babylonem,
1722 2850 1806 2919 (rs)
1839 2851 1937 2904 tri-

366 2938 625 3004 stabitur,
653 2950 708 2994 et
753 2939 996 2995 sibilabit
1050 2954 1216 3012 super
1264 2957 1484 2996 omnem
1535 2941 1744 3010 plagam
1791 2941 1931 3009 ejus.

370 3025 456 3080 Η.
509 3025 769 3082 lnstruite
817 3043 920 3084 vos
971 3043 1138 3098 super
1185 3029 1515 3100 Babylonem
1556 3030 1935 3094 circumcirca,

363 3130 558 3170 omnes
601 3117 887 3172 tendentes
931 3133 1142 3182 arcum,
1193 3119 1444 3186 sagittate
1478 3133 1639 3187 super
1669 3133 1814 3181 eam,
1865 3131 1933 3173 ne
1959 3152 2004 3212 ο

365 3207 603 3273 parcatis
636 3223 802 3276 super
829 3208 954 3263 telis
976 3209 1196 3273 vestris,
1228 3211 1299 3279 Χ
1323 3210 1452 3279 quia
1483 3209 1712 3264 Domino
1743 3223 1934 3279 pecca-

362 3299 444 3352 vit
467 3298 513 3366 ζ.
544 3297 633 3353 45.
658 3299 734 3369 (9)
759 3297 826 3354 Et
848 3298 1062 3354 fortiter
1083 3300 1224 3370 agite
1251 3315 1418 3370 super
1433 3316 1554 3356 eam
1581 3301 1636 3354 in
1661 3300 1892 3356 circuitu
1916 3319 1929 3354 :

365 3387 444 3457 (κ)
469 3388 751 3444 dissolutae
777 3395 905 3443 sunt
936 3403 1132 3444 manus
1174 3389 1315 3458 ejus,
1343 3391 1658 3446 ceciderunt
1699 3391 1778 3461 (α)
1809 3406 1934 3458 pra-

362 3477 667 3548 pugnacula
698 3478 835 3546 ejus.
872 3485 927 3534 et
950 3479 1258 3534 eradicatus
1288 3488 1372 3536 est
1399 3495 1590 3534 murus
1617 3479 1778 3549 ejus;
1805 3478 1932 3548 quia

364 3569 604 3624 vindicta
631 3583 662 3624 a
702 3569 814 3624 Deo
844 3578 946 3634 est,
989 3570 1064 3642 (b)
1105 3571 1434 3628 ulciscimiui
1476 3587 1620 3637 eam,
1665 3571 1934 3642 quemad.

366 3661 593 3715 modum
643 3660 792 3726 fecit,
845 3660 1005 3716 facite
1053 3665 1124 3720 ei.
1163 3663 1254 3719 l6.
1293 3662 1470 3719 Delete
1515 3665 1586 3734 (ο)
1632 3678 1818 3720 semen
1864 3678 1931 3718 ex

363 3752 664 3823 Babylone.
692 3761 744 3808 et
771 3761 1047 3808 tenentem
1072 3754 1266 3809 falcem
1293 3753 1346 3808 in
1376 3763 1618 3824 tempore
1647 3756 1844 3812 messis
1864 3757 1937 3811 ab

364 3851 490 3896 ante
521 3841 712 3897 faciem
762 3843 926 3912 gladii
963 3843 1044 3914 (ά)
1077 3842 1273 3910 Gratci,
1321 3843 1702 3914 unusquisque
1735 3845 1792 3901 in
1837 3861 1934 3913 po-

363 3933 557 4001 pulum
592 3947 752 3988 suum
799 3942 1168 3999 revertentur,
1204 3942 1258 3988 et
1297 3935 1673 4004 unusquisque
1711 3933 1764 3988 in
1812 3933 1936 4002 (ter-

365 4021 502 4091 ram)
529 4022 592 4093 (')
622 4037 779 4078 suam
806 4022 996 4094 fugiet.
1030 4024 1119 4078 17.
1151 4025 1276 4080 Ovis
1302 4039 1495 4080 errans
1521 4023 1711 4084 Israel,
1749 4023 1932 4083 leones

361 4114 691 4183 expulerunt
719 4130 843 4170 eum
867 4131 882 4170 :
904 4115 1114 4184 primus
1135 4117 1369 4171 comedit
1391 4131 1517 4171 eum
1536 4133 1630 4172 rex
1659 4116 1929 4188 Assyriae:

362 4213 412 4259 et
443 4204 530 4260 hic
559 4206 824 4275 posterior
855 4205 922 4276 (ε)
945 4222 1068 4261 ossa
1099 4207 1220 4277 ejus
1239 4205 1818 4276 (ﬂNabuehodonosor
1840 4222 1932 4261 rex

367 4295 678 4367 Babylonis.
712 4296 799 4352 l8.
832 4297 1057 4367 Propter
1098 4299 1203 4354 hoc
1233 4298 1348 4353 haec
1376 4297 1506 4353 dicit
1531 4297 1793 4354 Dominus
1825 4299 1934 4353 vir-

364 4395 538 4440 tutum
579 4387 718 4441 Deus
767 4385 1021 4444 lsraelis:
1062 4387 1204 4444 Ecce
1233 4403 1334 4460 ego
1367 4389 1438 4459 (g)
1475 4388 1709 4446 ulciscor
1742 4390 1812 4457 )5:
1839 4405 1933 4444 su-

2050 864 2296 924 quaarent
2327 855 2650 924 iniustitiam
2677 853 2992 919 lsraelis,et
3029 869 3140 908 non
3157 855 3286 919 erit,
3319 863 3374 909 et
3402 864 3623 925 peccata

2049 944 2222 1011 Iudae,
2241 954 2294 1001 et
2321 962 2425 1000 non
2452 946 2797 1000 invenientur
2821 961 2840 1012 ;
2861 945 2988 1015 quia
3013 946 3278 1016 propitius
3299 961 3393 1000 ero
3420 946 3621 1001 relictis

2049 1033 2138 1088 2i.
2181 1035 2255 1106 (It)
2284 1052 2449 1106 super
2479 1044 2654 1091 terra:
2691 1051 2877 1091 amare
2913 1036 2975 1107 (t)
3015 1035 3248 1090 ascende
3277 1052 3442 1104 super
3473 1053 3616 1101 eam,

2048 1133 2105 1180 et
2134 1141 2294 1194 super
2357 1126 2664 1182 habitantes
2719 1142 2883 1196 super
2929 1142 2993 1180 ea
3045 1126 3188 1195 (in):
3229 1134 3280 1180 et
3333 1127 3617 1192 ulciscere,

2048 1217 2241 1286 gladie.
2275 1216 2350 1286 (η)
2375 1226 2427 1273 et
2457 1218 2613 1274 abole
2645 1221 2709 1288 )t(
2738 1227 2860 1288 post
2893 1233 2988 1273 eos
3019 1219 3164 1272 mala
3201 1218 3250 1285 ζ,
3277 1216 3411 1273 dicit
3437 1217 3620 1272 Domi-

2049 1323 2171 1371 nus,
2209 1317 2262 1362 et
2303 1307 2386 1361 fac
2414 1309 2713 1364 secundum
2749 1309 2954 1374 omnia,
3003 1324 3123 1378 qua:
3151 1324 3460 1380 praecepero
3495 1312 3614 1366 tibi.

2044 1401 2133 1456 22.
2173 1401 2284 1455 Vox
2327 1401 2452 1455 belli
2497 1402 2551 1456 in
2580 1411 2722 1458 terra
2755 1404 3156 1470 Cbaldmorum,
3208 1415 3261 1459 et
3313 1405 3617 1460 confractio

2045 1507 2260 1562 magna.
2317 1491 2407 1547 25.
2442 1491 2732 1558 Quomodo
2759 1493 3071 1550 confractus
3114 1505 3219 1561 est,
3253 1503 3308 1550 et
3348 1497 3616 1551 contritus

2043 1591 2128 1638 est
2162 1582 2391 1638 malleus
2441 1584 2623 1640 omnis
2659 1586 2856 1640 terrae?
2911 1587 3188 1656 quomodo
3244 1586 3385 1642 facta
3430 1597 3513 1643 est
3557 1589 3611 1642 in

2043 1672 2435 1728 desolationem
2467 1673 2628 1729 Babel
2675 1675 2734 1729 in
2782 1676 3084 1746 gentibus?
3151 1676 3241 1731 24.
3294 1677 3370 1748 (ο)
3431 1677 3612 1748 Impo-

2043 1771 2172 1816 ncnt
2203 1762 2322 1828 tibi,
2357 1772 2410 1818 et
2439 1763 2693 1833 capieris,
2727 1763 2910 1831 Babel,
2938 1767 3016 1835 (p)
3047 1775 3102 1822 et
3128 1782 3236 1821 non
3267 1782 3568 1838 cognosces
3595 1786 3608 1822 :

2045 1853 2263 1909 inventa
2290 1869 2372 1918 es,
2408 1863 2462 1909 et
2489 1864 2646 1926 capta
2668 1871 2748 1923 es,
2777 1858 2907 1928 quia
2927 1858 3190 1914 adversus
3211 1858 3500 1913 Dominum
3534 1858 3611 1928 (ᾳ)

2044 1937 2263 1994 stetisti.
2293 1938 2384 1994 25.
2413 1942 2642 2010 Aperuit
2691 1945 2951 2000 Dominus
2985 1946 3302 2001 thesaurum
3347 1961 3528 2008 suum,
3557 1955 3613 2001 et

2042 2028 2269 2096 protulit
2290 2044 2418 2084 vasa
2446 2031 2542 2085 ira:
2574 2047 2711 2098 suae,
2748 2034 2878 2101 quia
2923 2050 3060 2104 opus
3089 2038 3157 2104 χ(
3186 2043 3270 2090 est
3307 2034 3330 2102 ζ
3382 2035 3612 2091 Domino

2043 2116 2114 2187 (r)
2155 2116 2388 2172 Domino
2419 2118 2677 2175 virtutum
2707 2122 2761 2176 in
2797 2130 2941 2177 terra
2965 2123 3363 2179 Chaldaeorum.
3415 2123 3509 2180 26.
3538 2124 3609 2195 (ε)

2041 2203 2178 2271 Quia
2203 2215 2473 2262 venerunt
2493 2209 2562 2276 χ
2585 2210 2633 2262 ei
2660 2209 2682 2277 ζ
2719 2218 2958 2280 tempora
2985 2210 3106 2280 ejus
3131 2229 3148 2266 :
3179 2211 3384 2280 aperite
3410 2212 3605 2267 horrea

2040 2294 2188 2364 ejus,
2247 2295 2312 2367 (t)
2369 2297 2688 2353 scrutamini
2740 2314 2897 2365 eam,
2949 2300 3095 2354 sicut
3153 2301 3507 2369 speluncam,
3553 2308 3607 2356 et

2039 2386 2215 2442 delete
2304 2403 2466 2442 eam:
2526 2403 2595 2443 ne
2679 2387 2753 2442 sit
2811 2389 3089 2444 residuum
3149 2391 3296 2460 ejus:
3373 2390 3463 2445 27.
3527 2391 3605 2462 (ιι)

2039 2479 2311 2534 exsiccate
2356 2494 2551 2534 omnes
2601 2477 2810 2536 fructus
2859 2481 3016 2550 ejus:
3080 2489 3136 2537 et
3180 2481 3516 2538 descendant
3551 2484 3604 2537 in

2040 2569 2421 2622 mactationem
2447 2587 2460 2622 :
2495 2584 2575 2622 va:
2601 2570 2706 2635 cis,
2735 2571 2862 2639 quia
2892 2572 3040 2626 venit
3065 2572 3184 2627 dies
3223 2587 3438 2638 eorum,
3473 2583 3608 2631 tem-

2038 2672 2139 2726 pus
2176 2659 2258 2726 εκ)
2314 2658 2542 2713 ultionis
2601 2674 2814 2714 eorum.
2868 2661 2958 2716 28.
3017 2661 3133 2717 Vox
3172 2662 3496 2732 fugientium
3553 2673 3605 2719 et

2035 2746 2382 2802 evadentium
2410 2762 2440 2802 e
2472 2742 2613 2803 terra
2642 2748 2956 2821 Babylonis,
2983 2751 3049 2806 ad
3083 2753 3518 2807 annuntiandum
3549 2753 3602 2807 in

2039 2838 2258 2892 Sionem
2291 2839 2575 2906 ultionem,
2610 2856 2730 2910 quae
2780 2856 2812 2896 a
2860 2840 3090 2896 Domino
3142 2842 3251 2897 Deo
3281 2851 3492 2907 nostro,
3535 2847 3602 2913 χ(

2037 2929 2302 2984 ultionem
2335 2929 2519 2999 templi
2549 2929 2670 2999 ejus
2698 2931 2751 3000 ζ.
2780 2931 2871 2987 29.
2908 2931 3192 3002 Praecipite
3229 2947 3395 3002 super
3423 2931 3607 3003 Baby-

2036 3021 2214 3077 lonem
2247 3021 2454 3086 multis,
2487 3023 2638 3076 omni
2667 3023 2904 3077 tendenti
2933 3039 3144 3087 areum,
3194 3033 3374 3078 castra
3426 3031 3602 3078 meta-

2037 3113 2168 3168 mini
2201 3127 2368 3182 super
2391 3127 2513 3168 eam
2541 3113 2937 3169 circumcirca:
2981 3130 3047 3170 ne
3086 3107 3156 3170 sit
3186 3116 3422 3170 evadens
3459 3114 3601 3183 ejus,

2036 3204 2315 3259 retribuite
2331 3204 2378 3258 ei
2401 3205 2700 3260 secundum
2721 3220 2884 3275 opera
2905 3205 3027 3275 ejus
3044 3199 3376 3263 :‘s'ecuudum
3395 3208 3600 3270 omnia,

2033 3310 2155 3365 qua:
2189 3294 2333 3360 fecit,
2372 3293 2537 3350 facite
2579 3295 2650 3359 ei,
2683 3295 2811 3366 quia
2864 3297 3126 3352 adversus
3162 3296 3454 3351 Dominum
3513 3297 3593 3366 (gi

2034 3383 2202 3447 stetit,
2229 3383 2302 3451 (ι)
2341 3381 2508 3437 Deum
2559 3392 2808 3437 sanctum
2840 3381 3076 3439 lsraelis.
3104 3385 3195 3441 50.
3228 3385 3456 3454 Propter
3502 3387 3607 3438 hoc

2034 3473 2480 3543 cadentjuvenes
2505 3471 2626 3542 ejus
2680 3473 2734 3526 in
2783 3473 2977 3544 plateis
3004 3473 3144 3539 ejus,
3187 3481 3240 3526 et
3269 3487 3458 3525 omnes
3503 3471 3602 3523 viri

2034 3565 2320 3620 bellatores
2344 3565 2464 3636 ejus
2487 3565 2565 3634 (α)
2611 3564 2971 3634 projieientur
3003 3566 3071 3632 x
3092 3566 3144 3617 iu
3175 3564 3260 3618 die
3283 3562 3376 3617 illo
3399 3563 3448 3632 ζ,
3472 3564 3604 3618 dicit

2036 3656 2314 3712 Dominus.
2354 3656 2441 3710 5-1.
2465 3655 2601 3710 Ecce
2635 3671 2736 3727 ego
2771 3653 3099 3726 superte(b)
3124 3654 3600 3714 coutinneliosam,

2033 3747 2157 3803 dicit
2186 3746 2447 3802 Dominus
2477 3748 2763 3813 virtutum,
2784 3747 2908 3816 quia
2939 3746 3086 3800 venit
3120 3745 3235 3800 dies
3261 3744 3330 3814 (ο)
3369 3753 3516 3808 tuus,
3551 3753 3603 3798 ct

2038 3847 2249 3907 tempus
2287 3837 2362 3909 (ἀ)
2395 3838 2615 3893 ultionis
2648 3847 2774 3905 tum,
2806 3838 2893 3892 52.
2918 3847 2970 3892 et
3005 3837 3374 3892 inﬁrmabitur
3407 3844 3602 3890 contu-
3667 3903 3674 3911 ι

2035 3929 2195 3982 melia
2228 3937 2342 3993 tua,
2376 3937 2430 3983 et
2459 3929 2642 3994 cadet,
2676 3937 2863 3983 etnon
2897 3928 3003 3983 erit
3031 3930 3324 3983 restituens
3355 3941 3473 3980 eam
3501 3943 3514 3979 :
3551 3935 3604 3978 et

2033 4021 2324 4075 accendam
2357 4020 2534 4090 ignem
2555 4018 2625 4092 (ε)
2652 4019 2707 4073 in
2731 4018 2868 4075 silva
2895 4020 3038 4089 ejus,
3069 4028 3122 4073 et
3145 4017 3392 4073 comedet
3415 4029 3604 4069 omnes

2033 4112 2298 4167 circuitus
2325 4112 2467 4181 ejus.
2520 4112 2609 4166 ‘53.
2664 4111 2788 4167 llaec
2817 4113 2954 4166 dicit
3007 4109 3267 4164 Dominus
3298 4109 3557 4162 virtutum
3587 4123 3602 4160 :

2033 4204 2292 4275 Oppressi
2327 4203 2423 4258 tilii
2453 4203 2690 4266 Israelis,
2721 4210 2773 4257 et
2809 4203 2904 4256 lilii
2953 4201 3108 4256 Judec
3154 4201 3314 4255 simul
3347 4218 3359 4253 :
3393 4213 3605 4265 omnes,

2033 4297 2126 4366 qui
2156 4295 2404 4366 captivos
2431 4295 2711 4349 duxerunt
2740 4308 2853 4360 eos,
2899 4300 3291 4362 oppresserunt
3335 4305 3455 4354 eos,
3510 4286 3604 4358 qui

2034 4403 2144 4443 non
2177 4387 2468 4442 voluerunt
2496 4386 2770 4440 dimittere
2803 4400 2916 4440 eos.
2945 4384 3034 4438 54.
3075 4383 3139 4451 (0
3171 4380 3235 4435 Ει
3262 4381 3356 4451 qui
3390 4378 3607 4434 redimit

364 4489 458 4543 per
484 4475 506 4543 ζ
540 4492 721 4548 regem
753 4479 1065 4549 Babylonis,
1105 4489 1159 4536 et
1187 4495 1350 4551 super
1391 4491 1588 4536 terram
1621 4481 1758 4550 ejus,
1791 4482 1931 4536 sicut
1963 4479 2006 4534 D
2035 4495 2129 4536 eos
2156 4479 2330 4544 fortis,
2374 4477 2640 4533 Dominus
2666 4478 3014 4547 omnipotens
3044 4490 3241 4531 nomen
3272 4474 3322 4528 ei
3352 4492 3366 4528 :
3416 4472 3490 4544 (g)
3516 4471 3606 4542 ju-

366 4565 446 4634 (Ιι)
478 4567 624 4623 ultus
671 4583 790 4623 sum
832 4572 898 4638 >κ
927 4571 1139 4640 super:
1177 4586 1357 4641 regem
1411 4571 1668 4641 Assyriae.
1726 4571 1810 4627 19.
1866 4572 1932 4628 Ει

2037 4569 2238 4624 dicium
2257 4569 2530 4639 judicabit
2552 4570 2812 4624 adversus
2843 4567 3183 4623 adversarios
3213 4565 3356 4638 ejus,
3387 4574 3444 4619 ut
3469 4563 3606 4618 levet

435 4789 508 4855 (k)
542 4789 633 4848 Α.,
666 4800 792 4840 ecce
823 4784 989 4840 facies
1013 4801 1201 4839 eorum
1228 4785 1462 4855 venient,
1486 4794 1540 4840 et
1564 4802 1622 4841 se
1647 4784 1939 4854 adjungcnt
1967 4783 2211 4839 Domino.
2282 4783 2807 4855 (l)Commutabunt.
2877 4782 2970 4855 (iu)
2997 4781 3083 4848 A.,
3120 4780 3203 4843 8.,
3246 4783 3602 4855 seduxerunt.

364 4859 438 4930 (η)
454 4857 538 4918 8.,
552 4857 1068 4930 Ῠοίιςουιηάυχεωῃι.

362 4923 601 4983 bitat-uio
625 4926 793 4992 justo.
867 4926 938 4995 (ιι)
963 4923 1061 4995 ΑΑ.,
1085 4923 1167 4990 8.,
1200 4936 1535 4980 commovete
1557 4923 1672 4995 vos.

365 5001 437 5058 (t).
459 5004 547 5062 Α.,
583 4993 915 5049 Ιιίηιιίνίδιίε.
948 4993 1031 5060 8.,
1064 4995 1361 5048 clamastis.
1439 4995 1515 5064 (τι)
1553 4993 1636 5060 8.,
1666 4993 1787 5057 ΤΙι.,

361 5067 445 5133 8.,
486 5067 706 5133 ululate.
793 5066 866 5132 (π)
901 5064 993 5129 Α.,
1028 5065 1177 5118 dedit
1205 5079 1425 5118 manum
1455 5080 1629 5133 suam.

384 5132 439 5200 cl
480 5134 568 5200 A.,
629 5132 712 5198 8.,
755 5135 1159 5190 seminatorem.
1239 5135 1316 5201 (ά)
1367 5133 1451 5189 Α..
1486 5132 1569 5197 8.,

384 5142 431 5200 ο)
480 5141 568 5200 Α.,
629 5141 712 5198 8.,
755 5141 1159 5190 seminatorem.
1239 5141 1316 5201 (α)
1367 5141 1451 5189 Α..
1486 5141 1569 5197 8.,
1615 5141 1772 5188 ebrii.
1806 5141 1871 5202 (‘)
1900 5141 2024 5187 Huic

362 5141 430 5277 ξε)
468 5208 558 5270 Α.,
584 5203 668 5269 8.,
701 5205 1022 5277 comminuit
1051 5219 1196 5258 eum.
1270 5203 1338 5274 (ι’)
1377 5205 1646 5277 tiouiedit.
1740 5203 1812 5274 (g)
1839 5204 1928 5277 A.,
1957 5201 2045 5277 8.,

363 5272 645 5347 iniquitas.
681 5341 689 5347 ἡ
726 5272 796 5347 (It)
820 5272 906 5347 S._,
938 5289 1102 5343 super
1137 5272 1334 5347 terram
1376 5272 1785 5347 iracundorum.

361 5341 545 5401 visita.
622 5341 699 5412 (τι)
733 5341 821 5407 Α’.,
855 5343 938 5408 8.,
965 5341 1017 5398 et
1042 5343 1332 5412 perditioni
1363 5342 1586 5396 devove.

1721 5064 1798 5132 (α)
1826 5067 1913 5126 Α.,
1951 5063 2298 5117 fundamenta
2323 5063 2462 5131 ejus.

1667 5343 1741 5411 (0)
1777 5343 1910 5396 Steti
1945 5342 2208 5396 adversus
2243 5352 2312 5396 te.

1149 4857 1221 4925 (0)
1249 4853 1337 4920 Α.,
1374 4854 1493 4918 Tlt.,
1523 4866 1577 4911 et
1605 4852 2167 4925 qui—circumagebant
2199 4870 2316 4918 eos,
2347 4855 2607 4925 dixerunt
2623 4871 2640 4925 7:
2670 4853 2787 4925 Non
2823 4853 3266 4925 delinquemus._
3298 4854 3372 4921 (p)
3397 4852 3480 4916 8.,
3509 4855 3606 4908 ha-

1747 4925 1816 4995 (r)
1849 4923 1937 4988 Α.,
1975 4923 2057 4995 8.,
2101 4925 2242 4978 sicut
2273 4924 2529 4978 basilisci.
2562 4923 2686 4995 rTh.,
2716 4923 2855 4977 sicut
2883 4920 3054 4995 inedi.
3119 4924 3184 4995 (δ)
3224 4920 3360 4995 Tela
3384 4940 3601 4995 eorum.

1824 4994 2110 5063 pudefacta
2134 5004 2238 5056 est,
2267 5010 2390 5059 qua:
2413 4994 2596 5060 genuit
2625 5009 2740 5063 vos.
2780 5060 2802 5063 ᾗ
2823 4994 2900 5062 (π)
2933 4990 3016 5054 8.,
3045 4993 3334 5047 haesitabit.
3413 4995 3490 5063 (ω
3513 4994 3607 5055 Α..

2547 5063 2618 5131 (b)
2642 5061 2731 5128 Λ.,
2767 5060 2848 5124 8.,
2881 5060 3174 5116 vindictam
3208 5064 3406 5118 sumite
3424 5060 3495 5116 de
3518 5081 3606 5117 ea.

1615 5131 1772 5188 ebrii.
1806 5136 1871 5202 (‘)
1900 5132 2024 5202 Huic
2056 5149 2156 5187 vox
2190 5134 2278 5186 hic
2302 5134 2503 5202 omissa
2528 5133 2761 5202 videtur,
2790 5132 2990 5184 habent
3021 5132 3164 5202 enim
3194 5131 3363 5202 Hebr.
3390 5141 3444 5184 et
3475 5148 3604 5188 Lxx.

2081 5204 2263 5255 visito.
2346 5203 2423 5272 (h)
2452 5201 2540 5265 Α.,
2568 5200 2651 5264 8.,
2685 5202 2920 5256 visitavi.
2998 5202 3062 5270 (ἱ)
3091 5201 3179 5264 Α.,
3215 5201 3296 5264 8.,
3331 5212 3612 5272 quzveretnr

1861 5274 1922 5342 (I)
1954 5273 2092 5326 Dicit
2126 5269 2583 5342 Doniinus'supcr
2617 5281 2813 5342 terram
2878 5271 3231 5324 irritantium.
3276 5269 3370 5341 (ιη)
3401 5271 3491 5332 Α.,
3521 5269 3610 5336 8.,

2392 5341 2466 5411 (ρ)
2494 5339 2585 5406 ⁷Α.,
2633 5339 2724 5411 8.,
2765 5341 2886 5400 ΤΙι.,
2921 5351 2974 5394 ιιι
3008 5351 3188 5394 autem
3239 5339 3608 5395 nonnovisti.

363 5416 434 5484 (q)
467 5416 555 5479 Α.,
588 5410 840 5484 8.,ἰἰιεηι
873 5410 1107 5467 movisti.
1168 5415 1258 5484 7(r)
1291 5411 1439 5484 Deo._
1498 5413 1684 5484 (s)ﬂA.,
1721 5410 1910 5484 venite
1939 5436 1942 5459 ι

2039 5432 2046 5465 ι
2087 5410 2579 5484 consummatione.
2600 5410 2705 5484 8.,
2735 5411 2932 5464 intrate
2959 5426 3099 5473 eam,
3126 5425 3339 5484 omnes.
3419 5411 3604 5484 (ιλιι,

362 5481 586 5552 defigite
609 5499 750 5547 eam,
780 5481 1356 5538 sicutaccumulantes.
1400 5481 1484 5547 8.,
1507 5483 1677 5552 tollite
1699 5497 1840 5546 eam,
1872 5483 2013 5537 sicut
2040 5483 2394 5552 marsupium.

363 5563 416 5606 et
444 5551 777 5609 descendant
800 5553 866 5606 ad
892 5552 1298 5608 mactationem.
1383 5551 1462 5673 sic)
1494 5551 1583 5617 Α.,
1609 5553 1952 5606 visitationis.

364 5620 598 5673 lsraelis.
677 5620 1289 5673 lalS..obmuteSCent.
1366 5624 1382 5673 (
1428 5629 1439 5673 l
1504 5621 1594 5673 Α..
1657 5619 1740 5673 8..
1782 5623 1952 5673 sunerl

364 5620 598 5678 lsraelis.
677 5620 1289 5689 (a)S..obmutescent.
1366 5619 1439 5690 (b)
1504 5621 1594 5686 Α.,
1657 5619 1740 5684 8.,

363 5661 634 5759 ὲῖἱιῗὲἔίῆἒι.
677 5661 1258 5762 κ’ώῖἰζῖυ’ὖιιωῑνιιε
1291 5661 1439 5761 ejds.’
1508 5661 1823 5760 ([)Ἀῗ,’δῗ,
1851 5661 2029 5756 ’ἑιωιί
2067 5661 2404 5763 propinquus
2431 5661 2532 5746 eis‘.

366 5775 576 5816 eorum.

2470 5482 2548 5551 (ιι)
2575 5479 2640 5536 Α.
2661 5522 2675 5546 ,
2709 5491 3156 5551 vastateomnem
3186 5478 3438 5534 fructum'
3461 5478 3606 5545 ejus,

2034 5553 2108 5621 (υ)
2142 5547 2238 5615 Α.,’
2263 5549 2348 5616 8.,
2383 5547 2639 5621 superbe
2665 5551 2823 5621 egit.
2872 5549 2943 5621 (2.)
2978 5547 3066 5621 A_.,
3125 5547 3292 5621 Deum
3348 5560 3608 5621 sanetum

1782 5617 2055 5701 superbia.
2092 5617 2101 5621 ⁷
2134 5631 2216 5701 (ο).
2237 5624 2428 5676 Casus.
2454 5617 2476 5701 ί
2504 5621 2580 5690 (d)
2608 5617 3060 5701 d.‘,'r\‘tisitationisl
3083 5627 3216 5699 (me.
3344 5620 3613 5701 impinget

2616 5690 2688 5759 (g)
2713 5687 2796 5754 8.,
2823 5688 3102 5758 puniendo
3133 5688 3312 5759 exiget
3337 5689 3610 5760 judiciunt
