4102 6278
422 306 560 363 2389

1706 305 1779 361 Jlj
1789 304 1924 359 REM
1937 303 2024 359 ΙΑΞ
2064 300 2294 360 CAPUT
2331 300 2416 356 LI.

3517 297 3661 352 2590

422 425 623 488 virum,
650 432 704 477 et
740 423 1044 489 mulierem,
1085 432 1138 478 et
1185 423 1498 494 dispergam
1531 425 1584 477 in
1627 432 1678 478 tc
1723 438 1907 477 senem
1939 431 1991 475 et
2021 424 2066 481 Α
2095 421 2202 474 culi
2232 420 2284 474 in
2314 419 2684 474 habitaculum
2716 418 2794 488 (τι)
2826 418 3150 480 draconum,
3178 414 3230 469 in
3254 412 3502 478 exilium,
3523 420 3576 465 et
3606 412 3660 464 in

417 512 692 582 juvenem,
725 521 780 568 ct
821 515 1126 584 dispergam
1170 516 1223 569 in
1268 524 1320 571 te
1364 517 1594 571 electum
1618 524 1671 569 et
1704 512 1990 584 virginem,

420 604 512 660 25.
547 615 603 659 et
625 605 929 675 dispergam
962 607 1016 659 in
1068 613 1123 661 te
1171 618 1466 675 pastorem,
1515 617 1568 661 et
1605 620 1819 676 gregem
1851 604 1991 672 ejus,

422 704 476 751 ct
499 696 806 767 dispergam
850 698 903 751 in
935 707 986 753 te
1042 698 1360 768 agricolam,
1391 698 1468 767 (α)
1510 707 1563 753 et
1603 697 1991 765 agriculturam

421 786 640 853 ejus,et
666 789 974 858 dispergam
1013 789 1068 843 in
1100 798 1152 844 te
1179 789 1344 844 duces
1375 798 1427 843 et
1456 787 1764 858 praefectos.
1801 786 1892 840 24.
1929 784 1997 840 Ει

424 879 719 932 retribuam
757 878 1017 951 Babyloni
1076 889 1128 934 et
1182 880 1581 935 habitatoribus
1608 879 1682 950 (b)
1729 879 1995 933 Chaldaeis

425 970 609 1023 omnia
649 970 790 1023 mala
825 987 1037 1036 eorum,
1078 988 1200 1042 qua:
1229 971 1475 1027 fecerunt
1527 973 1579 1025 in
1613 970 1779 1026 Sione
1808 985 1992 1024 coram

423 1061 599 1116 oculis
656 1062 875 1129 vestris,
911 1064 1043 1118 dicit
1086 1064 1370 1120 Dominus.
1414 1064 1505 1118 25.
1537 1062 1677 1119 Ecce
1697 1079 1796 1132 ego
1820 1063 1886 1117 ad
1923 1072 1994 1126 te,

424 1163 664 1207 montem
702 1154 773 1224 (ε)
808 1168 1124 1226 corruptum
1153 1196 1168 1221 ,
1223 1157 1356 1211 dicit
1413 1156 1695 1222 Dominus,
1744 1170 1995 1210 corrum-

426 1256 641 1315 peutem
670 1262 885 1301 omnem
914 1258 1134 1314 terram,
1167 1258 1219 1303 et
1254 1249 1540 1303 extendam
1572 1264 1791 1302 manum
1821 1262 1995 1301 meam

426 1351 591 1406 super
624 1349 694 1401 te,
726 1347 780 1392 et
806 1338 1087 1393 devolvam
1128 1350 1177 1393 te
1216 1339 1283 1393 de
1319 1340 1521 1408 petris,
1565 1347 1620 1393 et
1667 1339 1810 1393 dabo
1854 1346 1904 1392 te
1940 1346 1999 1392 ut

427 1440 663 1483 montem
696 1431 1044 1485 combustum
1068 1450 1081 1485 :
1112 1431 1203 1485 26.
1231 1440 1284 1485 et
1313 1447 1418 1485 non
1447 1432 1660 1501 capient
1689 1431 1754 1485 de
1793 1440 1843 1485 te
1866 1430 2000 1500 lapi-

427 1520 548 1573 dent
577 1521 631 1574 in
657 1522 940 1590 angulum,
973 1531 1022 1576 et
1054 1522 1287 1591 lapidem
1325 1522 1378 1576 in
1411 1520 1849 1587 fundamentum,
1872 1522 1998 1590 quia

428 1612 507 1683 (ά)
562 1611 613 1666 in
662 1612 891 1667 exitium
945 1613 998 1667 in
1035 1623 1297 1669 attentum
1345 1614 1490 1677 eris,
1530 1612 1662 1667 dicit
1709 1613 1997 1668 Dominus.

424 1703 514 1758 27.
548 1702 743 1758 Tollite
772 1704 988 1773 signum
1025 1721 1187 1775 super
1223 1713 1386 1771 terra,
1413 1704 1652 1775 clangite
1684 1706 1755 1776 (ε)
1784 1707 1911 1760 tuba
1943 1705 1994 1759 in

2094 513 2339 578 sibilum,
2369 529 2474 567 non
2513 512 2865 568 habitabitur.
2896 514 2985 567 5S.
3008 509 3086 579 (ac)
3117 508 3289 564 Simul
3309 508 3448 563 sicut
3475 506 3663 561 leones

2092 603 2311 657 excitati
2341 613 2468 657 sunt
2490 602 2554 674 (‘)
2578 603 2718 658 servi
2747 618 2957 663 eorum,
2987 611 3043 656 et
3064 603 3206 655 sicut
3234 597 3399 654 catuli
3422 596 3661 650 leonum.

2095 694 2184 748 59.
2220 692 2276 746 In
2303 695 2485 749 calore
2509 710 2697 749 eorum
2728 695 2867 749 dabo
2893 695 2962 761 Χ
2988 693 3063 761 (y)
3088 692 3224 760 τὺνζ
3261 700 3447 759 potum
3481 687 3582 749 eis,
3613 692 3668 739 et

2096 785 2374 840 inebriabo
2387 800 2504 849 eos,
2539 792 2598 839 ut
2626 784 2701 854 (ι)
2729 802 2784 839 re
2807 785 2962 854 quasi
2994 781 3328 852 cauponaria
3352 787 3666 850 graventur,

2094 883 2147 930 ct
2175 877 2450 930 dormiant
2499 892 2752 931 somnum
2795 875 3206 945 sempiternum,
3256 879 3443 924 etnon
3483 883 3668 923 resur-

2093 978 2241 1039 gant,
2271 968 2402 1022 dicit
2446 968 2726 1023 Dominus.
2757 967 2847 1022 40.
2882 965 3216 1027 Descendcre
3251 962 3334 1017 fac
3375 977 3493 1026 eos,
3527 960 3669 1015 sicut

2095 1074 2267 1128 agnos
2301 1059 2365 1112 ad
2397 1060 2802 1125 mactationem,
2832 1068 2886 1113 et
2909 1059 3046 1114 sicut
3078 1058 3275 1111 arietes
3311 1054 3386 1123 (al
3413 1068 3537 1107 cum
3562 1053 3671 1105 lute-

2097 1148 2203 1204 dis.
2241 1149 2329 1202 tl.
2356 1148 2641 1215 Quomodo
2674 1160 2831 1217 capta
2880 1149 3048 1215 estx
3098 1148 3253 1202 Sisac
3281 1146 3339 1213 1,
3368 1153 3420 1200 et
3445 1157 3539 1213 per
3574 1156 3670 1196 ve-

2099 1240 2375 1294 nationem
2408 1250 2672 1308 oceupata
2696 1247 2779 1294 est
2802 1239 3058 1309 gloriatio
3098 1238 3276 1290 omnis
3304 1235 3499 1291 terrae?
3522 1234 3670 1301 Quo-

2100 1333 2262 1387 modo
2291 1330 2431 1386 l‘acta
2471 1318 2630 1385 estin
2663 1330 2890 1385 exitium
2923 1329 3086 1384 Babel
3136 1329 3189 1382 in
3219 1327 3474 1383 omnibus
3495 1327 3673 1398 genti-

2099 1422 2235 1477 bus?
2257 1422 2344 1475 42.
2368 1422 2625 1476 Ascendit
2651 1436 2814 1491 super
2852 1420 3181 1491 Babylonem
3212 1434 3380 1483 mare,
3409 1417 3463 1472 in
3489 1417 3672 1479 sonitu

2101 1511 2363 1567 ﬂuctuum
2398 1511 2518 1582 ejus
2585 1512 2799 1566 obtecta
2845 1520 2947 1566 est.
2999 1510 3091 1564 45.
3120 1507 3300 1568 Factae
3343 1516 3472 1564 sunt
3510 1506 3675 1561 urbes

2102 1601 2222 1671 ejus
2250 1603 2320 1670 χ
2352 1600 2424 1673 ψ)
2467 1601 2520 1655 in
2552 1601 2956 1670 corruptionem
2994 1601 3053 1669 1,
3094 1609 3234 1653 terra
3281 1601 3399 1653 sine
3421 1612 3586 1667 aqua,
3621 1604 3676 1650 et

2107 1707 2215 1745 non
2245 1692 2474 1759 calcata,
2504 1693 2571 1760 Χ
2595 1700 2737 1745 terra
2770 1691 2793 1759 1
2819 1731 2832 1754 ,
2862 1706 2969 1761 qua
2997 1705 3101 1744 non
3138 1690 3403 1744 habitabit
3434 1689 3488 1743 in
3519 1704 3583 1742 ea
3606 1702 3677 1743 ne

428 1755 513 1758 e-
560 1755 575 1756 κ
774 1755 987 1773 -.σή-η,
1025 1755 1177 1775 --τῇ
1420 1755 1648 1775 --ποίη
1687 1755 1751 1776 1,,
1787 1755 1911 1760 --η

427 1797 701 1866 gentibus,
747 1796 1086 1852 sanctiﬁcatc
1133 1813 1298 1866 super
1333 1812 1452 1852 eam
1490 1807 1701 1868 gentes,
1736 1798 1998 1868 imper-ate

2105 1798 2245 1837 unus
2274 1782 2493 1852 quidem
2516 1785 2585 1850 Ξ(
2612 1783 2777 1837 homo
2806 1781 2864 1850 1,
2892 1797 3066 1852 neque
3093 1782 3324 1836 divertet
3359 1782 3411 1834 in
3436 1778 3677 1855 eislilius

427 1902 589 1956 super
609 1902 729 1942 eam
763 1902 923 1958 regna
961 1886 1027 1957 (Γ)
1060 1887 1293 1943 Ararath
1317 1904 1346 1943 a
1376 1904 1481 1953 me,
1514 1905 1545 1944 e
1571 1889 1646 1960 (ει)
1682 1890 1994 1944 Canazaais:

427 1977 741 2032 constituite
776 1992 941 2048 super
973 1993 1092 2033 eam
1144 1981 1435 2035 stationem
1477 1980 1839 2049 jaeulantium
1868 1980 1996 2045 tela,

433 2067 722 2123 ascendere
753 2065 913 2122 facite
939 2082 1003 2123 -ι-
1037 2083 1202 2137 super
1226 2083 1345 2122 eam
1375 2070 1397 2138 1
1437 2083 1631 2138 equos,
1654 2069 1797 2123 sicut
1823 2069 2003 2124 multi-

431 2157 673 2213 tudinem
705 2158 781 2229 (It)
812 2160 1170 2215 locustarum.
1194 2159 1284 2214 28.
1315 2158 1659 2215 Sanctiﬁcate
1685 2175 1851 2230 super
1878 2175 1998 2216 eam

429 2257 614 2317 gentes
642 2247 948 2312 Medorum,
975 2247 1037 2318 (ί)
1073 2248 1342 2317 principes
1372 2246 1513 2314 ejus,
1542 2257 1599 2302 et
1642 2263 1835 2302 omnes
1862 2263 2002 2317 pra:-

429 2338 600 2393 l‘ectos
615 2338 754 2408 ejus,
780 2348 834 2394 et
854 2340 1036 2394 omnis
1055 2347 1212 2393 terrae
1227 2338 1455 2393 dominii
1471 2338 1610 2408 ejus.
1640 2337 1729 2392 29.
1752 2337 1822 2409 (Ις)
1840 2338 2002 2393 Com-

431 2441 576 2484 mota
611 2439 695 2486 est
725 2442 890 2497 terra,
919 2441 974 2486 et
1010 2432 1199 2487 dolore
1226 2432 1416 2486 all‘ecta
1457 2439 1576 2498 est;
1607 2431 1736 2500 quia
1763 2432 2004 2486 surrexit

432 2540 596 2594 super
634 2522 963 2596 Babylonem
1009 2522 1269 2595 cogitatio
1313 2521 1551 2588 Domini,
1600 2524 1665 2578 ad
1694 2524 2000 2592 ponendum

434 2625 630 2671 terram
680 2617 975 2688 Babylonis
1024 2617 1077 2671 in
1137 2618 1389 2682 exitium,
1428 2624 1481 2671 et
1510 2632 1618 2671 non
1649 2613 1999 2670 habitabitur.

431 2707 520 2762 50.
548 2707 751 2763 Deiecit
782 2718 1052 2777 pugnator
1089 2706 1381 2778 Babylonis
1438 2722 1467 2761 a
1520 2706 1807 2762 bellando:
1850 2709 2004 2761 sede-

433 2801 567 2856 bunt
609 2800 665 2853 in
723 2800 994 2855 claustro:
1051 2814 1313 2869 percussa
1351 2810 1436 2855 est
1486 2800 1727 2870 potentia
1779 2814 2000 2854 eorum:

429 2889 557 2946 lacti
589 2900 736 2957 sunt,
763 2891 907 2946 sicut
933 2892 1226 2947 mulieres:
1261 2893 1546 2948 combusta
1587 2901 1716 2948 sunt
1751 2893 2005 2947 taberna-

432 2982 549 3034 cula
567 2982 687 3052 ejus
709 3003 721 3038 :
750 2984 998 3040 contrita:
1018 2994 1145 3039 sunt
1173 2994 1351 3041 vestes
1378 2985 1518 3056 ejus.
1541 2986 1630 3040 5-l.
1664 2985 2005 3056 Pet-sequens

2098 1873 2361 1928 hominis.
2387 1873 2477 1927 44.
2518 1872 2585 1928 Ει
2614 1866 2846 1931 ulciscar
2872 1889 3034 1943 super
3071 1873 3165 1928 Bel
3208 1872 3259 1927 in
3310 1870 3599 1943 Babylone,
3623 1878 3679 1925 et

2098 1964 2182 2024 eﬂ‘:
2204 1980 2317 2018 ram
2346 1963 2416 2034 (ο)
2434 1980 2557 2034 quae
2572 1965 2848 2035 absorpsit
2868 1980 2932 2019 ex
2957 1981 3052 2019 ore
3075 1965 3214 2034 ejus,
3235 1973 3289 2018 et
3315 1980 3423 2018 non
3447 1964 3522 2032 (dt
3548 1977 3679 2016 con—

2100 2055 2547 2127 gregabunturad
2566 2071 2685 2111 eam
2707 2057 2941 2125 amplius
2955 2063 3164 2125 gentes;
3181 2064 3234 2110 et
3248 2058 3317 2123 Ἀ(
3333 2055 3549 2124 quidem
3567 2068 3681 2106 mu-

2102 2160 2198 2200 rus
2216 2143 2511 2216 Babylonis
2530 2146 2708 2201 cadet.
2728 2146 2818 2200 45.
2844 2144 3000 2200 Exite
3023 2161 3053 2200 e
3089 2144 3267 2200 medio
3299 2145 3440 2213 ejus,
3484 2144 3682 2214 popule

2102 2236 2199 2301 mi,
2217 2246 2270 2291 et
2287 2237 2494 2293 salvate
2513 2237 2890 2307 unusquisque
2906 2237 3144 2291 animant
3164 2251 3318 2291 suam
3339 2252 3368 2290 a
3385 2235 3437 2290 l‘u
3447 2250 3568 2290 rore
3590 2235 3683 2289 ira:

2105 2327 2512 2393 Domini,46.ne
2530 2328 2665 2383 forte
2682 2335 3064 2382 conssternetur
3081 2342 3176 2382 cor
3189 2335 3448 2391 vestrum,
3462 2335 3516 2381 et
3528 2326 3684 2381 time-

2103 2425 2210 2495 atis
2233 2423 2304 2478 ob
2321 2424 2681 2491 lamam,qua3
2699 2419 3024 2475 audieturin
3063 2427 3206 2475 terra
3230 2429 3316 2475 :et
3344 2420 3683 2491 ingredietur

2105 2514 2157 2568 in
2176 2530 2321 2568 anno
2337 2514 2562 2581 fama,et
2578 2520 2696 2582 post
2710 2526 2913 2567 annum
2930 2509 3431 2581 fama,etinjustitia
3446 2513 3500 2565 in
3517 2520 3681 2575 terra,

2104 2606 2440 2677 (ejpatabola
2476 2622 2640 2676 super
2672 2605 3006 2674 parabolam.
3050 2605 3140 2658 47.
3169 2603 3395 2673 Propter
3429 2604 3533 2658 hoc
3557 2618 3685 2657 ecce

2106 2697 2229 2753 dies
2262 2698 2507 2762 veniunt,
2541 2699 2611 2765 )s(
2639 2697 2770 2752 dicit
2809 2696 3070 2750 Dominus
3101 2694 3124 2764 1
3149 2734 3166 2762 ,
3195 2706 3250 2750 et
3270 2695 3502 2750 visitabo
3522 2710 3686 2764 super

2104 2788 2377 2858 sculptilia
2421 2789 2759 2859 Babylonis:
2809 2797 2863 2843 et
2906 2788 3089 2843 omnis
3134 2795 3276 2841 terra
3320 2786 3441 2857 ejus
3476 2786 3687 2857 pudore

2105 2879 2387 2947 aﬂicietur,
2410 2889 2463 2935 et
2489 2896 2682 2938 omnes
2704 2880 2870 2936 occisi
2895 2879 3016 2950 ejus
3044 2879 3243 2936 cadent
3273 2879 3326 2932 in
3352 2879 3684 2949 medioejus.

2105 2973 2195 3028 48.
2217 2972 2281 3028 Et
2298 2973 2365 3046 (Ῑ)
2384 2974 2713 3030 laetabuntur
2742 2987 2906 3043 super
2934 2969 3264 3045 Babylonem
3283 2970 3407 3027 cmli
3433 2980 3487 3026 et
3520 2980 3685 3037 terra,

431 3073 485 3126 in
521 3086 810 3128 occursum
860 3073 1241 3142 persequentis
1288 3083 1666 3143 persequetur,
1705 3083 1761 3128 et
1791 3089 2007 3128 animn-
2032 3090 2076 3149 ο
2108 3074 2163 3120 et
2184 3066 2391 3131 omnia,
2416 3081 2540 3137 quae
2583 3065 2637 3120 in
2665 3067 2785 3132 eis;
2811 3065 2937 3135 quia
2988 3081 3020 3120 a
3070 3065 3439 3134 septentrione
3471 3065 3690 3119 venient

435 3161 577 3216 tians
612 3161 666 3215 in
723 3177 1015 3218 occursum
1055 3163 1397 3218 annuntiatis
1449 3163 1514 3217 ad
1563 3164 2004 3220 annuntiandum

435 3253 545 3322 regi
566 3252 876 3323 Babylonis,
900 3253 1044 3322 quod
1075 3254 1366 3324 subjugata
1395 3255 1467 3309 sit
1497 3255 1626 3310 urbs
1661 3255 1802 3323 ejus,
1828 3256 1917 3310 5i.
1940 3255 2010 3310 ab

433 3352 678 3398 extremo
710 3342 773 3415 (ι)
800 3344 1126 3399 transituum
1153 3343 1273 3413 ejus
1302 3343 1445 3414 capti
1476 3342 1606 3407 sint,
1635 3349 1690 3398 et
1712 3357 2010 3412 congrega-

437 3433 615 3489 tiones
642 3448 831 3488 eorum
864 3432 1226 3488 incendantur
1253 3433 1307 3486 in
1343 3432 1487 3502 igne,
1512 3441 1565 3486 et
1585 3431 1685 3487 viri
1706 3431 1826 3501 ejus
1848 3431 2010 3487 bella-

436 3533 585 3580 tores
616 3523 712 3595 (nt)
737 3523 1106 3593 egrediantur.
1143 3524 1232 3579 55.
1268 3521 1405 3589 Quia
1439 3523 1552 3578 haec
1583 3523 1716 3587 dicit
1744 3521 2010 3579 Dominus

437 3617 700 3670 virtutum
741 3613 880 3668 Deus
911 3614 1124 3670 Israelis
1157 3632 1171 3669 :
1210 3613 1287 3686 (η)
1316 3615 1520 3670 Domus
1543 3614 1833 3686 Babylonis
1870 3614 2012 3670 sicut

437 3721 564 3762 area
597 3704 670 3776 (ο)
701 3704 919 3774 pinguis
945 3704 1375 3760 triturabuntur:
1400 3704 1579 3759 adhuc
1602 3719 1817 3774 parum,
1844 3713 1897 3760 et
1926 3720 2014 3760 ve-

439 3799 551 3853 niet
571 3799 645 3869 (p)
686 3797 880 3852 messis
903 3796 1043 3866 ejus.
1071 3795 1162 3851 54.
1198 3795 1445 3850 Comedit
1481 3811 1587 3861 me,
1618 3811 1681 3853 -t—
1708 3798 2014 3867 apprehen-

438 3890 519 3946 dit
550 3890 810 3960 me1(q),
852 3888 922 3959 (ν)
966 3887 1154 3942 divisit
1194 3903 1282 3943 me
1319 3906 1332 3943 :
1365 3886 1869 3944 Nabuchodonosor
1914 3903 2012 3943 rex

440 3983 732 4055 Babylonis
770 3981 1052 4038 constituit
1092 3996 1178 4036 me
1226 3981 1368 4036 sicut
1401 3995 1497 4036 vas
1539 3994 1797 4046 vacuum,
1828 3980 2014 4050 deglu-

444 4077 563 4132 tivit
590 4091 696 4140 me,
727 4076 872 4130 sicut
900 4075 1087 4137 draco,
1110 4071 1352 4142 implevit
1397 4079 1641 4126 ventrem
1687 4083 1847 4127 suum
1876 4071 2014 4127 deli-

444 4168 545 4222 ciis
581 4166 752 4221 meis:
789 4166 882 4220 55.
918 4163 1244 4235 expulerunt
1290 4177 1378 4217 me
1428 4162 1643 4217 labores
1688 4163 1794 4217 mei
1839 4170 1893 4217 et
1942 4162 2012 4231 (ε)

445 4257 785 4312 calamitates
840 4271 975 4311 mete
1029 4256 1085 4310 in
1135 4253 1488 4326 Babylonem,
1535 4253 1669 4307 dicit
1721 4253 2012 4308 babitatrix

447 4347 669 4402 Sionis:
716 4356 771 4401 et
817 4345 1041 4417 sanguis
1079 4360 1234 4400 meus
1274 4360 1440 4414 super
1479 4344 1809 4399 habitatores
1856 4343 2017 4398 Chal-

2108 3155 2176 3211 ad
2214 3171 2333 3211 eam
2369 3156 2447 3227 (g)
2468 3166 2748 3223 vexantes,
2777 3155 2909 3211 dicit
2936 3154 3201 3210 Dominus
3232 3174 3245 3211 :
3279 3164 3335 3210 et
3377 3155 3600 3225 quidem
3632 3155 3688 3209 iu

2109 3245 2384 3318 Babylone
2406 3246 2474 3301 ad
2492 3246 2795 3303 cadendum
2809 3245 3022 3302 occisos
3039 3244 3259 3300 lsraeiis
3283 3245 3331 3313 1,
3348 3244 3607 3300 49.etiam
3634 3244 3689 3298 in

2108 3338 2382 3409 Babylone
2411 3339 2607 3393 cadent
2632 3338 2799 3393 occisi
2835 3336 3015 3401 omnis
3055 3346 3233 3392 terrae.
3259 3337 3350 3391 50.
3381 3335 3531 3391 Salvi
3554 3351 3585 3390 a
3610 3335 3688 3406 (Ιι)

2109 3431 2311 3502 gladio,
2354 3430 2450 3497 ite,
2485 3438 2539 3485 et
2564 3444 2634 3485 ne
2671 3429 3032 3486 consistatis:
3072 3427 3463 3494 recordamini,
3503 3426 3595 3498 qui
3624 3426 3693 3482 de

2109 3521 2429 3593 longinquo,
2459 3519 2679 3577 Domini
2716 3537 2730 3575 :
2774 3530 2827 3577 et
2872 3519 3177 3579 Jerusalem
3228 3520 3488 3577 ascendat
3529 3534 3694 3590 super

2111 3626 2207 3668 eor
2233 3623 2499 3668 vestrum.
2542 3612 2634 3669 51.
2670 3611 3034 3679 Erubuimus,
3087 3612 3215 3682 quia
3261 3612 3571 3667 audivimus
3599 3627 3696 3681 op-

2110 3705 2392 3776 probrium
2448 3702 2972 3761 nostrumzobtexit
3024 3702 3321 3772 ignominia
3360 3699 3552 3756 faciem
3597 3717 3696 3755 no-

2112 3804 2327 3864 stram;
2394 3794 2524 3866 quia
2574 3795 2850 3851 intrarunt
2910 3793 3225 3863 alienigenae
3264 3793 3320 3846 in
3385 3791 3695 3848 sanctuaria

2112 3896 2327 3953 nostra,
2365 3886 2419 3940 in
2457 3885 2681 3942 domum
2736 3883 2977 3940 Domini.
3001 3885 3092 3940 52.
3138 3882 3369 3954 Propter
3412 3884 3518 3940 hoc
3568 3897 3698 3937 cere

2114 3977 2228 4033 dies
2259 3977 2505 4045 veniunt,
2536 3976 2672 4033 dicit
2700 3974 2986 4040 Dominus,
3024 3986 3078 4032 et
3108 3976 3344 4032 ulciscar
3372 3990 3533 4040 super
3548 3974 3699 4030 scul-

2113 4070 2264 4138 ptilia
2286 4068 2428 4138 ejus,
2483 4080 2538 4124 et
2578 4070 2633 4123 in
2664 4070 2814 4124 omni
2849 4077 2990 4125 terra
3019 4068 3138 4138 ejus
3184 4067 3248 4138 (ἱ)
3282 4069 3477 4123 cadent
3506 4065 3696 4121 occisi.

2124 4162 2217 4217 55.
2252 4160 2388 4227 Quia
2422 4160 2469 4215 si
2511 4160 2822 4216 ascenderit
2876 4160 3061 4225 Babel,
3128 4161 3272 4216 sicut
3320 4160 3542 4223 cmlum,
3565 4165 3620 4212 ct
3652 4157 3700 4211 si

2118 4250 2417 4305 muniverit
2440 4249 2714 4305 excelsum
2746 4249 3084 4305 fortitudinis
3113 4265 3262 4316 suae;
3308 4264 3338 4302 a
3366 4264 3449 4304 me
3480 4248 3703 4303 venient

2116 4341 2165 4395 ei
2199 4341 2488 4403 deletores.
2532 4340 2666 4396 dicit
2718 4339 3004 4396 Dominus.
3053 4342 3143 4397 54.
3193 4340 3307 4396 Vox
3360 4340 3617 4396 clamoris
3642 4340 3698 4394 in

445 4439 614 4502 datos,
644 4439 778 4493 dicit
837 4437 1162 4494 Jerusalem.
1194 4436 1283 4492 56.
1333 4435 1562 4507 Propter
1602 4436 1707 4491 hoc
1734 4435 1851 4491 haec
1888 4436 2021 4490 dicit
2050 4431 2094 4486 D
2123 4431 2418 4503 Babylone,
2445 4443 2498 4489 et
2518 4432 2823 4488 contractio
2845 4449 3040 4502 magna
3058 4434 3112 4488 in
3136 4442 3280 4489 terra
3300 4432 3698 4498 Chaldaeorum;

448 4529 713 4584 Dominus
740 4547 752 4583 :
785 4529 924 4585 Ecce
944 4545 1045 4601 ego
1073 4529 1330 4598 judicabo
1352 4529 1416 4601 (ι)
1451 4527 1822 4583 adversariam
1844 4537 2016 4594 tuam,

448 4628 504 4675 et
531 4620 765 4675 ulciscar
788 4620 1048 4676 ultionem
1099 4629 1270 4686 tuam,
1311 4629 1366 4675 et
1394 4619 1655 4676 desolabo
1697 4633 1846 4674 mare
1875 4618 2015 4688 ejus,

448 4721 504 4766 et
529 4711 824 4767 arefaciam
855 4711 1059 4767 fontem
1084 4713 1204 4783 ejus
1233 4731 1249 4768 :
1300 4712 1389 4767 57.
1421 4720 1476 4767 et
1514 4712 1620 4767 erit
1662 4710 1825 4767 Babel
1853 4710 2021 4767 fonti-

521 4868 600 4940 (α)
628 4866 716 4936 Α.,
743 4866 825 4934 8.,
847 4876 900 4922 et
924 4867 1113 4993 jugum
1135 4867 1275 4938 ejus.
1318 4868 1393 4941 (b)
1414 4869 1501 4937 Α.,
1526 4866 1608 4936 8.,
1639 4867 1923 4923 Ωιιδιάωαι.

453 4938 563 4993 lum
580 4939 708 4993 eris.
745 4939 814 5008 (e)
850 4937 937 5003 A.,
1022 4979 1057 5003 .,
1092 4938 1144 4991 in
1177 4953 1368 4993 cornu.
1411 4941 1477 5008 (Γ)
1502 4939 1589 5005 Α.,
1624 4940 1836 5008 Ararat,
1861 4937 1923 4991 Illi

2124 4525 2215 4580 55.
2253 4524 2383 4595 quia
2410 4525 2610 4581 delevit
2642 4524 2907 4582 Dominus
2934 4525 3282 4599 Babylonem,
3303 4533 3357 4579 et
3379 4522 3613 4594 perdidit
3633 4538 3702 4577 ex

2124 4634 2187 4674 ea
2222 4634 2410 4674 vocem
2445 4633 2698 4690 magnam
2734 4619 3153 4674 tumultuantem
3179 4618 3247 4684 >κ
3269 4613 3466 4670 ﬂuctus
3495 4613 3614 4684 ejus
3638 4616 3701 4685 1,

2131 4712 2275 4768 sicut
2303 4726 2458 4781 aquas
2496 4710 2704 4777 multat,
2765 4711 3029 4767 dederunt
3051 4708 3123 4781 (Ic)
3156 4708 3482 4765 deletionem
3514 4724 3702 4765 vocem

1092 4867 1275 4950 pejus.
1318 4868 1393 4941 (b)
1414 4869 1501 4950 4.,
1525 4866 1608 4950 8.,
1639 4867 1928 4950 ριιδιᾴωεε.
1977 4865 2003 4938 (ι

2105 4866 2169 4950 l.,
2203 4874 2601 4950 corrpptorem.
2654 4863 2733 4950 (εξ)
2877 4863 2956 4932 8.,
2999 4865 3054 4921 in
3078 4865 3265 4950 exitia,
3284 4879 3414 4950 quae
3443 4864 3498 4950 in
3530 4880 3706 4950 sectu-

1022 4979 1057 5003 .,
1092 4938 1144 4991 in
1165 4934 1385 4993 eorum
1411 4934 1603 5009 (ΠΛ,
1624 4940 1836 5009 Ararat,
1861 4934 2050 5004 Minui,
2069 4946 2122 4992 et
2142 4934 2496 4993 Asebchcnaz
2530 4955 2542 4990 :
2571 4937 2827 5006 prtelicite
2859 4951 3021 5005 super
3040 4950 3183 4990 eam.
3227 4935 3301 5007 (g)
3325 4934 3591 5006 Tapbsar.
3620 4934 3702 5000 8.,

452 5020 677 5089 electos.
707 5001 993 5089 (Ιι’)’ᾼ.,8.,
1016 5001 1303 5089 bruchum.
1342 5019 1400 5089 (ἱ)
1419 5001 1515 5083 ’Ᾰη
1533 5001 1717 5077 ῠῆῐεκθ
1731 5001 1829 5071 vos
1856 5016 1989 5089 mihi

2108 5025 2216 5082 ota,
2244 5015 2495 5089 _quam,s_i
2515 5001 2707 5089 placet,
2738 5001 2993 5089 conferas
3007 5030 3129 5069 cum
3144 5001 3308 5089 Duas,
3335 5001 3533 5089 ᾼῴτός,
3563 5014 3707 5089 apud

457 5084 772 5144 Castellum.
803 5087 1058 5159 [Liquido
1102 5097 1246 5158 patet
1273 5084 1469 5159 Syrum
1512 5089 1796 5142 librarium
1831 5084 2094 5142 meudoSe
2151 5084 2436 5159 scripsisse
2459 5084 2612 5156 syris
2644 5085 2931 5139 elementis
2953 5084 3202 5140 Graecum
3240 5086 3449 5155 Aquilae
3478 5085 3706 5138 verbum

457 5150 1033 5239 ἁριστεῑς,ορῖἱηιᾶιςδ.
1056 5150 1121 5239 In
1141 5177 1283 5221 textu
1314 5150 1484 5239 igitur
1509 5166 1711 5239 codicis
1732 5165 1903 5220 nostri
1934 5179 2152 5231 repone,
2177 5150 2465 5239 pttépjts‘z,
2490 5150 2543 5219 et
2564 5164 2745 5218 omnia
2780 5165 2950 5239 probe
2979 5150 3340 5239 quadrabunt.
3362 5163 3704 5239 puscu.]_S.,

459 5232 903 5307 commotionem.
946 5236 1033 5307 (Ir),
1056 5235 1139 5302 8.,
1193 5246 1248 5290 et
1283 5232 1667 5307 contremiscet
1705 5245 1869 5307 terra,
1906 5243 1961 5291 et
1991 5236 2273 5307 parturiet.
2316 5234 2378 5304 (ι)
2410 5234 2497 5301 A.,
2529 5246 2584 5289 et
2622 5232 2884 5307 transitus
2915 5232 3164 5305 occupati
3192 5236 3325 5307 Asint.
3353 5232 3435 5307 S_.,
3460 5232 3704 5304 paludes.

461 5306 557 5378 (m)
589 5305 679 5372 A.,
714 5303 796 5372 8.,
836 5303 1134 5376 perturbati
1170 5316 1316 5361 sunt.
1394 5306 1471 5378 (η)
1503 5305 1592 5369 Α.,
1620 5304 1703 5372 8.,
1735 5305 1868 5359 ﬁlia.

469 5378 685 5429 messis.
762 5376 837 5429 (al
894 5375 983 5429 Α..
1034 5375 1201 5429 erosit
1254 5392 1357 5429 me.
1438 5379 1508 5429 (τ)
1551 5376 1707 5429 Sicut
1744 5376 1868 5429 tene

469 5392 685 5430 messu.

1944 5303 2017 5375 (oi)
2058 5303 2146 5371 A.,
2192 5303 2404 5374 tempus
2433 5307 2499 5359 ad
2551 5305 2872 5360 calcandum
2919 5303 3072 5360 eam;
3110 5305 3210 5375 7(p)
3251 5303 3339 5375 Α.,
3373 5303 3709 5372 8.,Ίεηὶριιε

762 5374 849 5445 (ιι)⁷
894 5375 983 5443 Α.,
1034 5375 1201 5432 erosit
1254 5392 1357 5431 me.
1404 5374 1508 5445 '(r)
1551 5376 1707 5431 Sicut
1744 5374 2278 5445 tenebrzesubtiles.
2337 5376 2427 5445 Δ(ε)
2459 5374 2548 5441 Α.,
2594 5389 2724 5445 caro
2786 5390 2928 5429 mea.
3004 5374 3179 5444 (t)S.,
3216 5374 3484 5443 judicium
3530 5385 3707 5427 tuum.

463 5446 542 5512 (α)
568 5443 1071 5519 ΔΑ.,,8.,ίαεῑίιξίεηιιηιμ.
1114 5450 1191 5516 (ω)
1220 5445 1308 5512 Α.,
1340 5461 1399 5503 se
1426 5443 1642 5519 acuent,
1666 5454 1738 5519 ut
1773 5445 1957 5519 catuli,
1984 5460 2003 5519 r

2105 5443 2530 5519 eritservi_ejus.
2566 5444 2629 5515 (‘)
2659 5443 3161 5519 τυνηηκρεπὶιαιί
3187 5454 3328 5519 guilt,
3363 5459 3471 5519 ρτᾳ
3485 5451 3712 5519 771mm

461 5515 722 5567 excitatus
748 5526 845 5579 est,
874 5515 1157 5587 legendum
1192 5527 1345 5587 puto.
1425 5516 1499 5587 (y)
1540 5515 1628 5582 A.,
1659 5515 1905 5587 ﬂumina.

469 5731 568 5776 tes.
645 5724 721 5795 (It)
749 5723 938 5779 Terra.
1013 5727 1075 5797 (ξ)
1132 5726 1221 5793 A.,
1290 5723 1468 5797 gemet
1503 5726 1633 5781 dum
1688 5725 1974 5781 occiditur.

1981 5512 2170 5584 (z)’S.,
2210 5512 2583 5571 debilitentur.

463 5587 902 5658 contemtionem.
931 5583 949 5585 ν
980 5589 1050 5657 (c)
1084 5585 1171 5652 Α.,
1196 5583 1286 5658 8.,
1315 5583 1716 5658 abso'rptiouem
1738 5586 1878 5654 ejus.
1957 5583 2003 5654 (α

2105 5624 2165 5658 ..,_
2189 5585 2482 5640 conﬂuent.
2513 5584 2595 5658 S._,

464 5663 579 5705 star
604 5654 837 5725 [luminis
870 5654 1200 5710 concurrent.
1279 5659 1349 5725 te)
1386 5654 1804 5722 A.,'domiuator
1837 5668 1999 5723 super
2021 5654 2448 5725 dominatorem.
2527 5654 2594 5723 (f)

2663 5508 2765 5584 (a):
2786 5508 2873 5579 Α.,
2900 5512 3121 5579 S.,eum
3152 5508 3379 5581 pilosis:
3434 5514 3507 5584 (b)
3540 5513 3626 5579 A.,
3657 5515 3712 5566 in

2685 5582 2893 5638 roﬂuet.
2940 5582 3592 5648 ΠυΤΑΜΩΘΗΣΟΝΤΔΙ,
3632 5584 3715 5638 itt-

2677 5664 2966 5725 .,_c_anent.
3045 5654 3120 5725 (g)
3154 5653 3243 5721 A.,
3269 5655 3507 5725 praedam
3545 5669 3714 5722 agen—

2054 5723 2127 5796 (k)
2156 5723 2245 5792 A.,
2276 5723 2359 5794 8.,
2407 5726 2694 5780 tumultus.
2727 5723 2844 5792 Tlt.,
2874 5725 3053 5780 elatio.
