  <div class='ocr_page' id='page_1' title='image "/cluster/home/n/w/nwhite01/storage/ocr_20150623/16 pt.2/nnc1.0046978739/032.png"; bbox 0 0 3884 6216; ppageno 0'>
   <div class='ocr_carea' id='block_1_1' title="bbox 161 313 1708 383">
    <p class='ocr_par' dir='ltr' id='par_1_1' title="bbox 161 313 1706 377">
     <span class='ocr_line' id='line_1_1' title="bbox 161 313 1706 377; baseline 0.006 -11"><span class='ocrx_word' id='word_1_1' title='bbox 161 313 306 370; x_wconf 63' lang='grc'><strong>1515</strong></span> <span class='ocrx_word' id='word_1_2' title='bbox 1257 326 1262 336; x_wconf 87' lang='grc'><strong>’</strong></span> <span class='ocrx_word' id='word_1_3' title='bbox 1306 319 1706 377; x_wconf 77' lang='lat' dir='ltr'><strong>PROVERBIO</strong></span> 
     </span>
    </p>
   </div>
   <div class='ocr_carea' id='block_1_2' title="bbox 1834 313 2254 383">
    <p class='ocr_par' dir='ltr' id='par_1_2' title="bbox 1834 322 2254 383">
     <span class='ocr_line' id='line_1_2' title="bbox 1834 322 2254 383; baseline 0.017 -8"><span class='ocrx_word' id='word_1_4' title='bbox 1834 322 1858 375; x_wconf 78' lang='grc'><strong>1</strong></span> <span class='ocrx_word' id='word_1_5' title='bbox 1896 322 2125 379; x_wconf 81' lang='lat' dir='ltr'><strong>CAPUT</strong></span> <span class='ocrx_word' id='word_1_6' title='bbox 2161 323 2254 383; x_wconf 82' lang='lat' dir='ltr'><strong>VI.</strong></span> 
     </span>
    </p>
   </div>
   <div class='ocr_carea' id='block_1_3' title="bbox 475 433 1853 499">
    <p class='ocr_par' dir='ltr' id='par_1_3' title="bbox 475 433 1853 499">
     <span class='ocr_line' id='line_1_3' title="bbox 475 433 1853 499; baseline 0.005 -8"><span class='ocrx_word' id='word_1_7' title='bbox 475 433 880 492; x_wconf 61' lang='lat' dir='ltr'><strong>muas.</strong></span> <span class='ocrx_word' id='word_1_8' title='bbox 1777 447 1853 499; x_wconf 85' lang='lat'><strong>0’.</strong></span> 
     </span>
    </p>
   </div>
   <div class='ocr_carea' id='block_1_4' title="bbox 1351 603 2024 674">
    <p class='ocr_par' dir='ltr' id='par_1_4' title="bbox 1351 603 2024 674">
     <span class='ocr_line' id='line_1_4' title="bbox 1351 603 2024 674; baseline 0.007 -18"><span class='ocrx_word' id='word_1_9' title='bbox 1351 604 1438 657; x_wconf 81' lang='grc'><strong>15.</strong></span> <span class='ocrx_word' id='word_1_10' title='bbox 1481 603 1616 656; x_wconf 81' lang='grc' dir='ltr'>Ἀπὸ</span> <span class='ocrx_word' id='word_1_11' title='bbox 1642 605 1749 657; x_wconf 99' lang='grc' dir='ltr'><strong>σῶν</strong></span> <span class='ocrx_word' id='word_1_12' title='bbox 1773 605 2024 674; x_wconf 82' lang='grc' dir='ltr'><strong>ἀγγείων.</strong></span> 
     </span>
    </p>
   </div>
   <div class='ocr_carea' id='block_1_5' title="bbox 1347 693 2123 764">
    <p class='ocr_par' dir='ltr' id='par_1_5' title="bbox 1347 693 2123 764">
     <span class='ocr_line' id='line_1_5' title="bbox 1347 693 2123 764; baseline 0.006 -19"><span class='ocrx_word' id='word_1_13' title='bbox 1347 693 1621 764; x_wconf 82' lang='grc' dir='ltr'><strong>Φρεάτων.</strong></span> <span class='ocrx_word' id='word_1_14' title='bbox 1661 696 1863 762; x_wconf 76' lang='grc' dir='ltr'><strong>Ἀλλ.,</strong></span> <span class='ocrx_word' id='word_1_15' title='bbox 1893 696 2123 750; x_wconf 83' lang='grc' dir='ltr'><strong>ὑδάτων.</strong></span> 
     </span>
    </p>
   </div>
   <div class='ocr_carea' id='block_1_6' title="bbox 227 775 2330 868">
    <p class='ocr_par' dir='ltr' id='par_1_6' title="bbox 227 775 2330 868">
     <span class='ocr_line' id='line_1_6' title="bbox 227 775 2330 868; baseline 0.007 -38"><span class='ocrx_word' id='word_1_16' title='bbox 227 775 312 830; x_wconf 85' lang='grc'><strong>16.</strong></span> <span class='ocrx_word' id='word_1_17' title='bbox 1279 857 1292 868; x_wconf 46' lang='lat'><em>.</em></span> <span class='ocrx_word' id='word_1_18' title='bbox 1350 788 1437 868; x_wconf 59' lang='lat'><strong>16:.</strong></span> <span class='ocrx_word' id='word_1_19' title='bbox 1469 787 1563 867; x_wconf 70' lang='grc' dir='ltr'><strong>Μῂ</strong></span> <span class='ocrx_word' id='word_1_20' title='bbox 1598 787 2011 868; x_wconf 66' lang='grc' dir='ltr'>ὑπερεκχείσθω</span> <span class='ocrx_word' id='word_1_21' title='bbox 2042 806 2124 842; x_wconf 87' lang='grc' dir='ltr'><strong>σοι</strong></span> <span class='ocrx_word' id='word_1_22' title='bbox 2159 789 2330 846; x_wconf 74' lang='grc' dir='ltr'>ὕδατα</span> 
     </span>
    </p>
   </div>
   <div class='ocr_carea' id='block_1_7' title="bbox 1275 856 1834 926">
    <p class='ocr_par' dir='ltr' id='par_1_7' title="bbox 1275 856 1834 926">
     <span class='ocr_line' id='line_1_7' title="bbox 1275 856 1834 926; baseline 0.005 -19"><span class='ocrx_word' id='word_1_23' title='bbox 1275 857 1342 909; x_wconf 82' lang='grc' dir='ltr'>ὲκ</span> <span class='ocrx_word' id='word_1_24' title='bbox 1370 857 1470 926; x_wconf 82' lang='grc' dir='ltr'><strong>τῆς</strong></span> <span class='ocrx_word' id='word_1_25' title='bbox 1494 856 1597 925; x_wconf 83' lang='grc' dir='ltr'><strong>σῆς</strong></span> <span class='ocrx_word' id='word_1_26' title='bbox 1631 856 1834 926; x_wconf 78' lang='grc' dir='ltr'>πηγῆς.</span> 
     </span>
    </p>
   </div>
   <div class='ocr_carea' id='block_1_8' title="bbox 226 937 715 1012">
    <p class='ocr_par' dir='ltr' id='par_1_8' title="bbox 226 937 715 1012">
     <span class='ocr_line' id='line_1_8' title="bbox 226 937 715 1012; baseline 0.006 -21"><span class='ocrx_word' id='word_1_27' title='bbox 226 937 312 992; x_wconf 94' lang='grc'><strong>18.</strong></span> <span class='ocrx_word' id='word_1_28' title='bbox 339 939 550 1008; x_wconf 81' lang='grc' dir='ltr'><strong>Εὐλογη</strong></span> <span class='ocrx_word' id='word_1_29' title='bbox 560 941 693 1012; x_wconf 82' lang='grc' dir='ltr'>μένη</span> <span class='ocrx_word' id='word_1_30' title='bbox 702 982 715 994; x_wconf 96' lang='grc'>.</span> 
     </span>
    </p>
   </div>
   <div class='ocr_carea' id='block_1_9' title="bbox 1348 951 1713 1006">
    <p class='ocr_par' dir='ltr' id='par_1_9' title="bbox 1348 951 1713 1006">
     <span class='ocr_line' id='line_1_9' title="bbox 1348 951 1713 1006; baseline 0 -2"><span class='ocrx_word' id='word_1_31' title='bbox 1348 951 1435 1006; x_wconf 93' lang='grc'><strong>18.</strong></span> <span class='ocrx_word' id='word_1_32' title='bbox 1468 951 1559 1004; x_wconf 73' lang='grc' dir='ltr'><strong>Σοὶ</strong></span> <span class='ocrx_word' id='word_1_33' title='bbox 1587 951 1713 1004; x_wconf 77' lang='grc' dir='ltr'>ἰδία.</span> 
     </span>
    </p>
   </div>
   <div class='ocr_carea' id='block_1_10' title="bbox 219 1028 2219 1116">
    <p class='ocr_par' dir='ltr' id='par_1_10' title="bbox 219 1028 2219 1116">
     <span class='ocr_line' id='line_1_10' title="bbox 219 1028 2219 1116; baseline 0.01 -34"><span class='ocrx_word' id='word_1_34' title='bbox 219 1028 306 1085; x_wconf 81' lang='grc'><strong>19.</strong></span> <span class='ocrx_word' id='word_1_35' title='bbox 346 1030 458 1083; x_wconf 81' lang='grc' dir='ltr'>Καὶ</span> <span class='ocrx_word' id='word_1_36' title='bbox 488 1031 686 1099; x_wconf 77' lang='grc' dir='ltr'><strong>ἔλαφος</strong></span> <span class='ocrx_word' id='word_1_37' title='bbox 711 1033 931 1104; x_wconf 85' lang='grc' dir='ltr'>χάριτος</span> <span class='ocrx_word' id='word_1_38' title='bbox 1349 1041 1436 1096; x_wconf 92' lang='grc'><strong>19.</strong></span> <span class='ocrx_word' id='word_1_39' title='bbox 1472 1042 1580 1095; x_wconf 82' lang='grc' dir='ltr'><strong>Καὶ</strong></span> <span class='ocrx_word' id='word_1_40' title='bbox 1614 1042 1791 1105; x_wconf 84' lang='grc' dir='ltr'>πῶλος</span> <span class='ocrx_word' id='word_1_41' title='bbox 1824 1043 1932 1096; x_wconf 87' lang='grc' dir='ltr'><strong>σῶν</strong></span> <span class='ocrx_word' id='word_1_42' title='bbox 1960 1045 2219 1116; x_wconf 85' lang='grc' dir='ltr'>χαρίτων.</span> 
     </span>
    </p>
   </div>
   <div class='ocr_carea' id='block_1_11' title="bbox 1335 1133 2324 1255">
    <p class='ocr_par' dir='ltr' id='par_1_11' title="bbox 1335 1133 2324 1255">
     <span class='ocr_line' id='line_1_11' title="bbox 1335 1133 2324 1255; baseline 0.005 -69"><span class='ocrx_word' id='word_1_43' title='bbox 1335 1133 1419 1255; x_wconf 43' lang='lat' dir='ltr'><strong>{III</strong></span> <span class='ocrx_word' id='word_1_44' title='bbox 1444 1133 1500 1186; x_wconf 78' lang='grc' dir='ltr'>δὲ</span> <span class='ocrx_word' id='word_1_45' title='bbox 1526 1133 1630 1187; x_wconf 74' lang='grc' dir='ltr'>ἰδία</span> <span class='ocrx_word' id='word_1_46' title='bbox 1654 1133 1895 1204; x_wconf 80' lang='grc' dir='ltr'>ἡγείσθω</span> <span class='ocrx_word' id='word_1_47' title='bbox 1925 1153 2038 1189; x_wconf 85' lang='grc' dir='ltr'>σου.</span> <span class='ocrx_word' id='word_1_48' title='bbox 2082 1139 2324 1207; x_wconf 73' lang='grc' dir='ltr'><strong>Ἀλλος,</strong></span> 
     </span>
     <span class='ocr_line' id='line_1_12' title="bbox 1390 1221 1446 1255; baseline 0 0"><span class='ocrx_word' id='word_1_49' title='bbox 1390 1221 1446 1255; x_wconf 89' lang='grc' dir='ltr'><strong>α.</strong></span> 
     </span>
    </p>
   </div>
   <div class='ocr_carea' id='block_1_12' title="bbox 1274 1220 1446 1270">
    <p class='ocr_par' dir='ltr' id='par_1_12' title="bbox 1274 1220 1446 1270">
     <span class='ocr_line' id='line_1_13' title="bbox 1274 1220 1446 1270; baseline 0.012 -15"><span class='ocrx_word' id='word_1_50' title='bbox 1274 1220 1446 1270; x_wconf 71' lang='grc' dir='ltr'>φιλια.</span> 
     </span>
    </p>
   </div>
   <div class='ocr_carea' id='block_1_13' title="bbox 1341 1293 1752 1350">
    <p class='ocr_par' dir='ltr' id='par_1_13' title="bbox 1341 1293 1752 1350">
     <span class='ocr_line' id='line_1_14' title="bbox 1341 1293 1752 1350; baseline 0.01 -4"><span class='ocrx_word' id='word_1_51' title='bbox 1341 1293 1432 1347; x_wconf 89' lang='grc'><strong>21.</strong></span> <span class='ocrx_word' id='word_1_52' title='bbox 1473 1294 1752 1350; x_wconf 84' lang='grc' dir='ltr'>Ἐνώπιον.</span> 
     </span>
    </p>
   </div>
   <div class='ocr_carea' id='block_1_14' title="bbox 227 595 830 655">
    <p class='ocr_par' dir='ltr' id='par_1_14' title="bbox 227 595 830 655">
     <span class='ocr_line' id='line_1_15' title="bbox 227 595 830 655; baseline 0.003 -3"><span class='ocrx_word' id='word_1_53' title='bbox 227 595 316 652; x_wconf 75' lang='grc'><strong>15.</strong></span> <span class='ocrx_word' id='word_1_54' title='bbox 360 598 454 650; x_wconf 85' lang='grc' dir='ltr'>Ἐκ</span> <span class='ocrx_word' id='word_1_55' title='bbox 474 598 681 654; x_wconf 82' lang='grc' dir='ltr'><strong>λάκκου</strong></span> <span class='ocrx_word' id='word_1_56' title='bbox 714 617 830 655; x_wconf 88' lang='grc' dir='ltr'>σου.</span> 
     </span>
    </p>
   </div>
   <div class='ocr_carea' id='block_1_15' title="bbox 224 1279 664 1335">
    <p class='ocr_par' dir='ltr' id='par_1_15' title="bbox 224 1279 664 1335">
     <span class='ocr_line' id='line_1_16' title="bbox 224 1279 664 1335; baseline 0.007 -3"><span class='ocrx_word' id='word_1_57' title='bbox 224 1279 286 1333; x_wconf 87' lang='grc'><strong>21</strong></span> <span class='ocrx_word' id='word_1_58' title='bbox 301 1321 316 1334; x_wconf 93' lang='grc'><strong>.</strong></span> <span class='ocrx_word' id='word_1_59' title='bbox 341 1280 664 1335; x_wconf 85' lang='grc' dir='ltr'>Κατέναντι.</span> 
     </span>
    </p>
   </div>
   <div class='ocr_carea' id='block_1_16' title="bbox 228 1371 668 1442">
    <p class='ocr_par' dir='ltr' id='par_1_16' title="bbox 228 1371 668 1442">
     <span class='ocr_line' id='line_1_17' title="bbox 228 1371 668 1442; baseline 0.007 -20"><span class='ocrx_word' id='word_1_60' title='bbox 228 1371 668 1442; x_wconf 81' lang='grc' dir='ltr'>Ἐπικυλισμούς.</span> 
     </span>
    </p>
   </div>
   <div class='ocr_carea' id='block_1_17' title="bbox 216 1459 950 1531">
    <p class='ocr_par' dir='ltr' id='par_1_17' title="bbox 216 1459 950 1531">
     <span class='ocr_line' id='line_1_18' title="bbox 216 1459 950 1531; baseline 0.003 -18"><span class='ocrx_word' id='word_1_61' title='bbox 216 1459 307 1513; x_wconf 83' lang='lat'><strong>22.</strong></span> <span class='ocrx_word' id='word_1_62' title='bbox 358 1462 603 1531; x_wconf 80' lang='grc' dir='ltr'>Ἀνομίαι</span> <span class='ocrx_word' id='word_1_63' title='bbox 641 1460 831 1516; x_wconf 80' lang='grc' dir='ltr'>αὑτοῦ.</span> <span class='ocrx_word' id='word_1_64' title='bbox 945 1479 950 1484; x_wconf 74' lang='lat'><strong>‘</strong></span> 
     </span>
    </p>
   </div>
   <div class='ocr_carea' id='block_1_18' title="bbox 1341 1383 1596 1453">
    <p class='ocr_par' dir='ltr' id='par_1_18' title="bbox 1341 1383 1596 1453">
     <span class='ocr_line' id='line_1_19' title="bbox 1341 1383 1596 1453; baseline -0.004 -17"><span class='ocrx_word' id='word_1_65' title='bbox 1341 1383 1596 1453; x_wconf 81' lang='grc' dir='ltr'><strong>Τροχιάς.</strong></span> 
     </span>
    </p>
   </div>
   <div class='ocr_carea' id='block_1_19' title="bbox 1339 1472 1834 1544">
    <p class='ocr_par' dir='ltr' id='par_1_19' title="bbox 1339 1472 1834 1544">
     <span class='ocr_line' id='line_1_20' title="bbox 1339 1472 1834 1544; baseline -0.002 -18"><span class='ocrx_word' id='word_1_66' title='bbox 1339 1472 1432 1527; x_wconf 87' lang='grc'><strong>22.</strong></span> <span class='ocrx_word' id='word_1_67' title='bbox 1468 1473 1834 1544; x_wconf 84' lang='grc' dir='ltr'>Παρανομίαι.</span> 
     </span>
    </p>
   </div>
   <div class='ocr_carea' id='block_1_20' title="bbox 1339 1561 2322 1635">
    <p class='ocr_par' dir='ltr' id='par_1_20' title="bbox 1339 1561 2322 1635">
     <span class='ocr_line' id='line_1_21' title="bbox 1339 1561 2322 1635; baseline 0.005 -22"><span class='ocrx_word' id='word_1_68' title='bbox 1339 1562 1556 1632; x_wconf 88' lang='grc' dir='ltr'>Σειραῖς</span> <span class='ocrx_word' id='word_1_69' title='bbox 1587 1561 1645 1635; x_wconf 83' lang='grc' dir='ltr'>δὲ</span> <span class='ocrx_word' id='word_1_70' title='bbox 1672 1561 1778 1615; x_wconf 89' lang='grc' dir='ltr'>τῶν</span> <span class='ocrx_word' id='word_1_71' title='bbox 1819 1561 2012 1617; x_wconf 82' lang='grc' dir='ltr'>ἑαυτοῦ</span> <span class='ocrx_word' id='word_1_72' title='bbox 2038 1563 2322 1635; x_wconf 83' lang='grc' dir='ltr'>ἁμαρτιῶν</span> 
     </span>
    </p>
   </div>
   <div class='ocr_carea' id='block_1_21' title="bbox 1267 1629 1839 1699">
    <p class='ocr_par' dir='ltr' id='par_1_21' title="bbox 1267 1629 1839 1699">
     <span class='ocr_line' id='line_1_22' title="bbox 1267 1629 1839 1699; baseline 0.002 -15"><span class='ocrx_word' id='word_1_73' title='bbox 1267 1629 1500 1694; x_wconf 76' lang='grc' dir='ltr'>ἕκαστος</span> <span class='ocrx_word' id='word_1_74' title='bbox 1529 1630 1839 1699; x_wconf 80' lang='grc' dir='ltr'><strong>σφίγγεται.</strong></span> 
     </span>
    </p>
   </div>
   <div class='ocr_carea' id='block_1_22' title="bbox 1336 1723 1996 1778">
    <p class='ocr_par' dir='ltr' id='par_1_22' title="bbox 1336 1723 1996 1778">
     <span class='ocr_line' id='line_1_23' title="bbox 1336 1723 1996 1778; baseline 0.002 -1"><span class='ocrx_word' id='word_1_75' title='bbox 1336 1723 1427 1778; x_wconf 89' lang='grc'><strong>25.</strong></span> <span class='ocrx_word' id='word_1_76' title='bbox 1458 1723 1609 1777; x_wconf 84' lang='grc' dir='ltr'><strong>Μετὰ</strong></span> <span class='ocrx_word' id='word_1_77' title='bbox 1635 1725 1996 1778; x_wconf 82' lang='grc' dir='ltr'><strong>ἀπαιδεύτων.</strong></span> 
     </span>
    </p>
   </div>
   <div class='ocr_carea' id='block_1_23' title="bbox 1336 1814 2314 1887">
    <p class='ocr_par' dir='ltr' id='par_1_23' title="bbox 1336 1814 2314 1887">
     <span class='ocr_line' id='line_1_24' title="bbox 1336 1814 2314 1887; baseline 0 0"><span class='ocrx_word' id='word_1_78' title='bbox 1336 1815 1450 1887; x_wconf 72' lang='grc' dir='ltr'><strong>Τῆς</strong></span> <span class='ocrx_word' id='word_1_79' title='bbox 1483 1814 1720 1887; x_wconf 54' lang='grc' dir='ltr'><strong>,ἐαυτῷ</strong></span> <span class='ocrx_word' id='word_1_80' title='bbox 1756 1814 2002 1887; x_wconf 76' lang='grc' dir='ltr'><strong>βιότητος</strong></span> <span class='ocrx_word' id='word_1_81' title='bbox 2031 1815 2314 1887; x_wconf 58' lang='grc' dir='ltr'><strong>ἐξερρίφη.</strong></span> 
     </span>
    </p>
   </div>
   <div class='ocr_carea' id='block_1_24' title="bbox 1265 1882 2078 1954">
    <p class='ocr_par' dir='ltr' id='par_1_24' title="bbox 1265 1882 2078 1954">
     <span class='ocr_line' id='line_1_25' title="bbox 1265 1882 2078 1954; baseline 0.001 -16"><span class='ocrx_word' id='word_1_82' title='bbox 1265 1884 1360 1938; x_wconf 57' lang='grc' dir='ltr'><strong>καλ¹</strong></span> <span class='ocrx_word' id='word_1_83' title='bbox 1381 1882 1630 1938; x_wconf 73' lang='grc' dir='ltr'>ἀπώλετο</span> <span class='ocrx_word' id='word_1_84' title='bbox 1656 1882 1721 1936; x_wconf 89' lang='grc' dir='ltr'><strong>δι’</strong></span> <span class='ocrx_word' id='word_1_85' title='bbox 1746 1882 2078 1954; x_wconf 82' lang='grc' dir='ltr'>ἀφροσύνην.</span> 
     </span>
    </p>
   </div>
   <div class='ocr_carea' id='block_1_25' title="bbox 1443 1972 2124 2030">
    <p class='ocr_par' dir='ltr' id='par_1_25' title="bbox 1443 1972 2124 2030">
     <span class='ocr_line' id='line_1_26' title="bbox 1443 1972 2124 2030; baseline 0.006 -4"><span class='ocrx_word' id='word_1_86' title='bbox 1443 1973 1586 2027; x_wconf 78' lang='lat' dir='ltr'><strong>LXX</strong></span> <span class='ocrx_word' id='word_1_87' title='bbox 1616 1972 2124 2030; x_wconf 80' lang='lat' dir='ltr'><strong>INTERPRETES.</strong></span> 
     </span>
    </p>
   </div>
   <div class='ocr_carea' id='block_1_26' title="bbox 1339 2067 1869 2123">
    <p class='ocr_par' dir='ltr' id='par_1_26' title="bbox 1339 2067 1869 2123">
     <span class='ocr_line' id='line_1_27' title="bbox 1339 2067 1869 2123; baseline 0.006 -3"><span class='ocrx_word' id='word_1_88' title='bbox 1339 2067 1427 2121; x_wconf 82' lang='grc'><strong>15.</strong></span> <span class='ocrx_word' id='word_1_89' title='bbox 1454 2067 1530 2123; x_wconf 87' lang='lat' dir='ltr'><strong>De</strong></span> <span class='ocrx_word' id='word_1_90' title='bbox 1567 2069 1676 2123; x_wconf 85' lang='lat' dir='ltr'><strong>luis</strong></span> <span class='ocrx_word' id='word_1_91' title='bbox 1701 2070 1869 2123; x_wconf 81' lang='lat' dir='ltr'><strong>vasis.</strong></span> 
     </span>
    </p>
   </div>
   <div class='ocr_carea' id='block_1_27' title="bbox 1337 2153 2202 2224">
    <p class='ocr_par' dir='ltr' id='par_1_27' title="bbox 1337 2153 2202 2224">
     <span class='ocr_line' id='line_1_28' title="bbox 1337 2153 2202 2224; baseline 0.001 -16"><span class='ocrx_word' id='word_1_92' title='bbox 1337 2153 1654 2209; x_wconf 87' lang='lat' dir='ltr'><strong>Puteorum.</strong></span> <span class='ocrx_word' id='word_1_93' title='bbox 1697 2155 1872 2218; x_wconf 78' lang='lat' dir='ltr'><strong>Alius,</strong></span> <span class='ocrx_word' id='word_1_94' title='bbox 1911 2170 2202 2224; x_wconf 85' lang='lat' dir='ltr'><strong>aquarum.</strong></span> 
     </span>
    </p>
   </div>
   <div class='ocr_carea' id='block_1_28' title="bbox 216 2243 2312 2314">
    <p class='ocr_par' dir='ltr' id='par_1_28' title="bbox 216 2243 2312 2314">
     <span class='ocr_line' id='line_1_29' title="bbox 216 2243 2312 2314; baseline -0.001 -16"><span class='ocrx_word' id='word_1_95' title='bbox 216 2245 304 2298; x_wconf 88' lang='grc'><strong>16.</strong></span> <span class='ocrx_word' id='word_1_96' title='bbox 1340 2245 1427 2300; x_wconf 88' lang='grc'><strong>16.</strong></span> <span class='ocrx_word' id='word_1_97' title='bbox 1483 2243 1603 2299; x_wconf 85' lang='grc' dir='ltr'><strong>Νοη</strong></span> <span class='ocrx_word' id='word_1_98' title='bbox 1651 2244 2168 2314; x_wconf 68' lang='grc' dir='ltr'>ειιροτθπυιιὰιιηιυτ</span> <span class='ocrx_word' id='word_1_99' title='bbox 2213 2243 2312 2297; x_wconf 91' lang='lat' dir='ltr'><strong>tibi</strong></span> 
     </span>
    </p>
   </div>
   <div class='ocr_carea' id='block_1_29' title="bbox 1265 2314 2047 2385">
    <p class='ocr_par' dir='ltr' id='par_1_29' title="bbox 1265 2314 2047 2385">
     <span class='ocr_line' id='line_1_30' title="bbox 1265 2314 2047 2385; baseline -0.003 -17"><span class='ocrx_word' id='word_1_100' title='bbox 1265 2330 1422 2385; x_wconf 63' lang='lat' dir='ltr'><strong>aquae</strong></span> <span class='ocrx_word' id='word_1_101' title='bbox 1448 2322 1601 2370; x_wconf 80' lang='lat' dir='ltr'><strong>extra</strong></span> <span class='ocrx_word' id='word_1_102' title='bbox 1633 2325 1784 2368; x_wconf 88' lang='lat' dir='ltr'><strong>tuum</strong></span> <span class='ocrx_word' id='word_1_103' title='bbox 1822 2314 2047 2369; x_wconf 81' lang='lat' dir='ltr'><strong>fontem.</strong></span> 
     </span>
    </p>
   </div>
   <div class='ocr_carea' id='block_1_30' title="bbox 1341 2404 1887 2475">
    <p class='ocr_par' dir='ltr' id='par_1_30' title="bbox 1341 2404 1887 2475">
     <span class='ocr_line' id='line_1_31' title="bbox 1341 2404 1887 2475; baseline -0.004 -16"><span class='ocrx_word' id='word_1_104' title='bbox 1341 2406 1426 2460; x_wconf 88' lang='grc'><strong>18.</strong></span> <span class='ocrx_word' id='word_1_105' title='bbox 1458 2404 1580 2458; x_wconf 88' lang='lat' dir='ltr'><strong>Tibi</strong></span> <span class='ocrx_word' id='word_1_106' title='bbox 1613 2405 1887 2475; x_wconf 88' lang='lat' dir='ltr'><strong>proprius.</strong></span> 
     </span>
    </p>
   </div>
   <div class='ocr_carea' id='block_1_31' title="bbox 1337 2494 2308 2565">
    <p class='ocr_par' dir='ltr' id='par_1_31' title="bbox 1337 2494 2308 2565">
     <span class='ocr_line' id='line_1_32' title="bbox 1337 2494 2308 2565; baseline -0.003 -17"><span class='ocrx_word' id='word_1_107' title='bbox 1337 2496 1424 2551; x_wconf 85' lang='grc'><strong>19.</strong></span> <span class='ocrx_word' id='word_1_108' title='bbox 1452 2494 1517 2549; x_wconf 85' lang='grc' dir='ltr'>Ει</span> <span class='ocrx_word' id='word_1_109' title='bbox 1543 2496 1722 2564; x_wconf 87' lang='lat' dir='ltr'><strong>pullus</strong></span> <span class='ocrx_word' id='word_1_110' title='bbox 1751 2495 2045 2565; x_wconf 85' lang='lat' dir='ltr'><strong>gratiarum</strong></span> <span class='ocrx_word' id='word_1_111' title='bbox 2072 2502 2308 2548; x_wconf 86' lang='lat' dir='ltr'><strong>tuarum.</strong></span> 
     </span>
    </p>
   </div>
   <div class='ocr_carea' id='block_1_32' title="bbox 1337 2585 2312 2656">
    <p class='ocr_par' dir='ltr' id='par_1_32' title="bbox 1337 2585 2312 2656">
     <span class='ocr_line' id='line_1_33' title="bbox 1337 2585 2312 2656; baseline -0.002 -17"><span class='ocrx_word' id='word_1_112' title='bbox 1337 2585 1404 2641; x_wconf 90' lang='lat' dir='ltr'><strong>Et</strong></span> <span class='ocrx_word' id='word_1_113' title='bbox 1431 2587 1649 2656; x_wconf 89' lang='lat' dir='ltr'><strong>propria</strong></span> <span class='ocrx_word' id='word_1_114' title='bbox 1699 2585 1866 2639; x_wconf 87' lang='lat' dir='ltr'><strong>ducat</strong></span> <span class='ocrx_word' id='word_1_115' title='bbox 1896 2593 1968 2640; x_wconf 91' lang='lat' dir='ltr'><strong>te.</strong></span> <span class='ocrx_word' id='word_1_116' title='bbox 2007 2585 2118 2649; x_wconf 79' lang='lat' dir='ltr'><strong>AL,</strong></span> <span class='ocrx_word' id='word_1_117' title='bbox 2175 2585 2312 2638; x_wconf 85' lang='lat' dir='ltr'><strong>ami-</strong></span> 
     </span>
    </p>
   </div>
   <div class='ocr_carea' id='block_1_33' title="bbox 214 1557 678 1630">
    <p class='ocr_par' dir='ltr' id='par_1_33' title="bbox 214 1557 678 1630">
     <span class='ocr_line' id='line_1_34' title="bbox 214 1557 678 1630; baseline 0.009 -22"><span class='ocrx_word' id='word_1_118' title='bbox 214 1557 678 1630; x_wconf 74' lang='grc' dir='ltr'>Συλληφοήσεται.</span> 
     </span>
    </p>
   </div>
   <div class='ocr_carea' id='block_1_34' title="bbox 210 1723 830 1778">
    <p class='ocr_par' dir='ltr' id='par_1_34' title="bbox 210 1723 830 1778">
     <span class='ocr_line' id='line_1_35' title="bbox 210 1723 830 1778; baseline 0.003 -2"><span class='ocrx_word' id='word_1_119' title='bbox 210 1723 304 1776; x_wconf 79' lang='grc'><strong>25.</strong></span> <span class='ocrx_word' id='word_1_120' title='bbox 330 1725 430 1776; x_wconf 78' lang='grc' dir='ltr'>Διὰ</span> <span class='ocrx_word' id='word_1_121' title='bbox 456 1723 830 1778; x_wconf 83' lang='grc' dir='ltr'>ἀπαιδευσίαν.</span> 
     </span>
    </p>
   </div>
   <div class='ocr_carea' id='block_1_35' title="bbox 224 1812 1188 1884">
    <p class='ocr_par' dir='ltr' id='par_1_35' title="bbox 224 1812 1188 1884">
     <span class='ocr_line' id='line_1_36' title="bbox 224 1812 1188 1884; baseline 0.001 -17"><span class='ocrx_word' id='word_1_122' title='bbox 224 1812 561 1883; x_wconf 82' lang='grc' dir='ltr'>Ἀφροσύνης</span> <span class='ocrx_word' id='word_1_123' title='bbox 576 1815 740 1867; x_wconf 81' lang='grc' dir='ltr'>αὑτοῦ</span> <span class='ocrx_word' id='word_1_124' title='bbox 764 1814 1188 1884; x_wconf 80' lang='grc' dir='ltr'>πλανηθήσεται.</span> 
     </span>
    </p>
   </div>
   <div class='ocr_carea' id='block_1_36' title="bbox 140 1883 1186 1953">
    <p class='ocr_par' dir='ltr' id='par_1_36' title="bbox 140 1883 1186 1953">
     <span class='ocr_line' id='line_1_37' title="bbox 140 1883 1186 1953; baseline 0.005 -18"><span class='ocrx_word' id='word_1_125' title='bbox 140 1883 332 1946; x_wconf 77' lang='lat' dir='ltr'><strong>Aliter,</strong></span> <span class='ocrx_word' id='word_1_126' title='bbox 367 1885 425 1936; x_wconf 80' lang='grc' dir='ltr'>ἐν</span> <span class='ocrx_word' id='word_1_127' title='bbox 450 1884 528 1953; x_wconf 88' lang='grc' dir='ltr'>τῷ</span> <span class='ocrx_word' id='word_1_128' title='bbox 564 1885 640 1952; x_wconf 82' lang='grc' dir='ltr'><strong>μὴ</strong></span> <span class='ocrx_word' id='word_1_129' title='bbox 679 1884 874 1937; x_wconf 74' lang='grc' dir='ltr'>ειδέναι</span> <span class='ocrx_word' id='word_1_130' title='bbox 915 1883 1186 1940; x_wconf 73' lang='grc' dir='ltr'>παιδείαν.</span> 
     </span>
    </p>
   </div>
   <div class='ocr_carea' id='block_1_37' title="bbox 451 1972 897 2030">
    <p class='ocr_par' dir='ltr' id='par_1_37' title="bbox 451 1972 897 2030">
     <span class='ocr_line' id='line_1_38' title="bbox 451 1972 897 2030; baseline 0 -2"><span class='ocrx_word' id='word_1_131' title='bbox 451 1972 897 2030; x_wconf 79' lang='lat' dir='ltr'><strong>SYMMACIIUS.</strong></span> 
     </span>
    </p>
   </div>
   <div class='ocr_carea' id='block_1_38' title="bbox 215 2065 772 2123">
    <p class='ocr_par' dir='ltr' id='par_1_38' title="bbox 215 2065 772 2123">
     <span class='ocr_line' id='line_1_39' title="bbox 215 2065 772 2123; baseline 0.004 -3"><span class='ocrx_word' id='word_1_132' title='bbox 215 2068 302 2122; x_wconf 77' lang='grc'><strong>15.</strong></span> <span class='ocrx_word' id='word_1_133' title='bbox 338 2065 414 2123; x_wconf 83' lang='lat' dir='ltr'><strong>De</strong></span> <span class='ocrx_word' id='word_1_134' title='bbox 444 2067 564 2122; x_wconf 86' lang='lat' dir='ltr'><strong>lacu</strong></span> <span class='ocrx_word' id='word_1_135' title='bbox 601 2076 717 2122; x_wconf 90' lang='lat' dir='ltr'><strong>tuo.</strong></span> <span class='ocrx_word' id='word_1_136' title='bbox 765 2097 772 2104; x_wconf 66' lang='grc' dir='ltr'><strong><em>ο</em></strong></span> 
     </span>
    </p>
   </div>
   <div class='ocr_carea' id='block_1_39' title="bbox 211 2407 644 2462">
    <p class='ocr_par' dir='ltr' id='par_1_39' title="bbox 211 2407 644 2462">
     <span class='ocr_line' id='line_1_40' title="bbox 211 2407 644 2462; baseline 0.005 -2"><span class='ocrx_word' id='word_1_137' title='bbox 211 2408 300 2461; x_wconf 87' lang='grc'><strong>18.</strong></span> <span class='ocrx_word' id='word_1_138' title='bbox 331 2407 644 2462; x_wconf 78' lang='lat' dir='ltr'><strong>Benedicta.</strong></span> 
     </span>
    </p>
   </div>
   <div class='ocr_carea' id='block_1_40' title="bbox 201 2499 866 2569">
    <p class='ocr_par' dir='ltr' id='par_1_40' title="bbox 201 2499 866 2569">
     <span class='ocr_line' id='line_1_41' title="bbox 201 2499 866 2569; baseline -0.003 -15"><span class='ocrx_word' id='word_1_139' title='bbox 201 2499 303 2554; x_wconf 71' lang='lat'><strong>~19.</strong></span> <span class='ocrx_word' id='word_1_140' title='bbox 337 2499 401 2555; x_wconf 85' lang='lat' dir='ltr'><strong>Et</strong></span> <span class='ocrx_word' id='word_1_141' title='bbox 434 2514 630 2554; x_wconf 86' lang='lat' dir='ltr'><strong>cervus</strong></span> <span class='ocrx_word' id='word_1_142' title='bbox 660 2500 866 2569; x_wconf 73' lang='lat' dir='ltr'><strong>gratim.</strong></span> 
     </span>
    </p>
   </div>
   <div class='ocr_carea' id='block_1_41' title="bbox 1261 2657 1411 2714">
    <p class='ocr_par' dir='ltr' id='par_1_41' title="bbox 1261 2657 1411 2714">
     <span class='ocr_line' id='line_1_42' title="bbox 1261 2657 1411 2714; baseline 0.02 -3"><span class='ocrx_word' id='word_1_143' title='bbox 1261 2657 1411 2714; x_wconf 82' lang='lat' dir='ltr'><strong>cilia.</strong></span> 
     </span>
    </p>
   </div>
   <div class='ocr_carea' id='block_1_42' title="bbox 204 2747 1676 2828">
    <p class='ocr_par' dir='ltr' id='par_1_42' title="bbox 204 2747 1676 2828">
     <span class='ocr_line' id='line_1_43' title="bbox 204 2747 1676 2828; baseline -0.009 -15"><span class='ocrx_word' id='word_1_144' title='bbox 204 2760 300 2814; x_wconf 85' lang='grc'><strong>21.</strong></span> <span class='ocrx_word' id='word_1_145' title='bbox 330 2759 389 2813; x_wconf 92' lang='lat' dir='ltr'><strong>In</strong></span> <span class='ocrx_word' id='word_1_146' title='bbox 423 2768 714 2828; x_wconf 83' lang='lat' dir='ltr'><strong>conspectu</strong></span> <span class='ocrx_word' id='word_1_147' title='bbox 1334 2749 1425 2803; x_wconf 92' lang='grc'><strong>21.</strong></span> <span class='ocrx_word' id='word_1_148' title='bbox 1457 2747 1676 2803; x_wconf 91' lang='lat' dir='ltr'><strong>Coram.</strong></span> 
     </span>
    </p>
   </div>
   <div class='ocr_carea' id='block_1_43' title="bbox 200 2839 1573 2907">
    <p class='ocr_par' dir='ltr' id='par_1_43' title="bbox 200 2839 1573 2907">
     <span class='ocr_line' id='line_1_44' title="bbox 200 2839 1573 2907; baseline -0.008 0"><span class='ocrx_word' id='word_1_149' title='bbox 200 2851 446 2907; x_wconf 86' lang='lat' dir='ltr'><strong>Orbitas.</strong></span> <span class='ocrx_word' id='word_1_150' title='bbox 1335 2839 1573 2896; x_wconf 86' lang='lat' dir='ltr'><strong>Orbitas.</strong></span> 
     </span>
    </p>
   </div>
   <div class='ocr_carea' id='block_1_44' title="bbox 1336 2930 1806 2999">
    <p class='ocr_par' dir='ltr' id='par_1_44' title="bbox 1336 2930 1806 2999">
     <span class='ocr_line' id='line_1_45' title="bbox 1336 2930 1806 2999; baseline -0.006 -15"><span class='ocrx_word' id='word_1_151' title='bbox 1336 2932 1426 2988; x_wconf 83' lang='lat'><strong>22.</strong></span> <span class='ocrx_word' id='word_1_152' title='bbox 1462 2930 1806 2999; x_wconf 84' lang='lat' dir='ltr'><strong>Iniquitates.</strong></span> 
     </span>
    </p>
   </div>
   <div class='ocr_carea' id='block_1_45' title="bbox 1336 3025 2307 3100">
    <p class='ocr_par' dir='ltr' id='par_1_45' title="bbox 1336 3025 2307 3100">
     <span class='ocr_line' id='line_1_46' title="bbox 1336 3025 2307 3100; baseline -0.01 -18"><span class='ocrx_word' id='word_1_153' title='bbox 1336 3025 1560 3082; x_wconf 82' lang='lat' dir='ltr'><strong>Catenis</strong></span> <span class='ocrx_word' id='word_1_154' title='bbox 1607 3033 1790 3100; x_wconf 69' lang='lat' dir='ltr'><strong>autem</strong></span> <span class='ocrx_word' id='word_1_155' title='bbox 1841 3033 2307 3100; x_wconf 42' lang='lat' dir='ltr'><strong>suorum.pc.cca-</strong></span> 
     </span>
    </p>
   </div>
   <div class='ocr_carea' id='block_1_46' title="bbox 1265 3094 2302 3164">
    <p class='ocr_par' dir='ltr' id='par_1_46' title="bbox 1265 3094 2302 3164">
     <span class='ocr_line' id='line_1_47' title="bbox 1265 3094 2302 3164; baseline -0.013 -11"><span class='ocrx_word' id='word_1_156' title='bbox 1265 3110 1444 3153; x_wconf 91' lang='lat' dir='ltr'><strong>torum</strong></span> <span class='ocrx_word' id='word_1_157' title='bbox 1472 3094 1851 3164; x_wconf 87' lang='lat' dir='ltr'><strong>unusquisque</strong></span> <span class='ocrx_word' id='word_1_158' title='bbox 1890 3094 2302 3160; x_wconf 82' lang='lat' dir='ltr'><strong>constringitur.</strong></span> 
     </span>
    </p>
   </div>
   <div class='ocr_carea' id='block_1_47' title="bbox 1323 3185 1919 3245">
    <p class='ocr_par' dir='ltr' id='par_1_47' title="bbox 1323 3185 1919 3245">
     <span class='ocr_line' id='line_1_48' title="bbox 1323 3185 1919 3245; baseline -0.008 -2"><span class='ocrx_word' id='word_1_159' title='bbox 1323 3189 1417 3245; x_wconf 81' lang='grc'><strong>25.</strong></span> <span class='ocrx_word' id='word_1_160' title='bbox 1445 3187 1582 3244; x_wconf 91' lang='lat' dir='ltr'><strong>Cum</strong></span> <span class='ocrx_word' id='word_1_161' title='bbox 1614 3185 1919 3241; x_wconf 88' lang='lat' dir='ltr'><strong>ineruditis.</strong></span> 
     </span>
    </p>
   </div>
   <div class='ocr_carea' id='block_1_48' title="bbox 199 2941 825 3012">
    <p class='ocr_par' dir='ltr' id='par_1_48' title="bbox 199 2941 825 3012">
     <span class='ocr_line' id='line_1_49' title="bbox 199 2941 825 3012; baseline -0.003 -16"><span class='ocrx_word' id='word_1_162' title='bbox 199 2943 296 2996; x_wconf 84' lang='lat'><strong>22.</strong></span> <span class='ocrx_word' id='word_1_163' title='bbox 331 2941 655 3012; x_wconf 88' lang='lat' dir='ltr'><strong>Iniquitates</strong></span> <span class='ocrx_word' id='word_1_164' title='bbox 691 2955 825 2996; x_wconf 67' lang='lat' dir='ltr'><strong>sure.</strong></span> 
     </span>
    </p>
   </div>
   <div class='ocr_carea' id='block_1_49' title="bbox 203 3032 734 3104">
    <p class='ocr_par' dir='ltr' id='par_1_49' title="bbox 203 3032 734 3104">
     <span class='ocr_line' id='line_1_50' title="bbox 203 3032 734 3104; baseline -0.008 -15"><span class='ocrx_word' id='word_1_165' title='bbox 203 3032 734 3104; x_wconf 80' lang='lat' dir='ltr'><strong>Comprehendetur.</strong></span> 
     </span>
    </p>
   </div>
   <div class='ocr_carea' id='block_1_50' title="bbox 196 3195 882 3264">
    <p class='ocr_par' dir='ltr' id='par_1_50' title="bbox 196 3195 882 3264">
     <span class='ocr_line' id='line_1_51' title="bbox 196 3195 882 3264; baseline -0.006 -12"><span class='ocrx_word' id='word_1_166' title='bbox 196 3197 293 3252; x_wconf 88' lang='grc'><strong>25.</strong></span> <span class='ocrx_word' id='word_1_167' title='bbox 333 3195 559 3264; x_wconf 81' lang='lat' dir='ltr'><strong>Pmpter</strong></span> <span class='ocrx_word' id='word_1_168' title='bbox 585 3196 882 3250; x_wconf 87' lang='lat' dir='ltr'><strong>inscitiam.</strong></span> 
     </span>
    </p>
   </div>
   <div class='ocr_carea' id='block_1_51' title="bbox 1339 3342 2308 3417">
    <p class='ocr_par' dir='ltr' id='par_1_51' title="bbox 1339 3342 2308 3417">
     <span class='ocr_line' id='line_1_52' title="bbox 1339 3342 2308 3417; baseline -0.012 -10"><span class='ocrx_word' id='word_1_169' title='bbox 1339 3351 1473 3406; x_wconf 76' lang='lat' dir='ltr'><strong>Vitae</strong></span> <span class='ocrx_word' id='word_1_170' title='bbox 1505 3363 1618 3404; x_wconf 79' lang='lat' dir='ltr'><strong>suae</strong></span> <span class='ocrx_word' id='word_1_171' title='bbox 1650 3347 1894 3417; x_wconf 74' lang='lat' dir='ltr'><strong>deiectus</strong></span> <span class='ocrx_word' id='word_1_172' title='bbox 1930 3353 2035 3410; x_wconf 88' lang='lat' dir='ltr'><strong>est,</strong></span> <span class='ocrx_word' id='word_1_173' title='bbox 2061 3352 2116 3397; x_wconf 92' lang='lat' dir='ltr'><strong>et</strong></span> <span class='ocrx_word' id='word_1_174' title='bbox 2148 3342 2308 3412; x_wconf 87' lang='lat' dir='ltr'><strong>periit</strong></span> 
     </span>
    </p>
   </div>
   <div class='ocr_carea' id='block_1_52' title="bbox 210 3355 1182 3422">
    <p class='ocr_par' dir='ltr' id='par_1_52' title="bbox 210 3355 1182 3422">
     <span class='ocr_line' id='line_1_53' title="bbox 210 3355 1182 3422; baseline -0.005 -9"><span class='ocrx_word' id='word_1_175' title='bbox 210 3357 470 3414; x_wconf 74' lang='lat' dir='ltr'><strong>Stultitize</strong></span> <span class='ocrx_word' id='word_1_176' title='bbox 519 3372 634 3412; x_wconf 83' lang='lat' dir='ltr'><strong>suae</strong></span> <span class='ocrx_word' id='word_1_177' title='bbox 697 3355 924 3412; x_wconf 86' lang='lat' dir='ltr'><strong>errabit.</strong></span> <span class='ocrx_word' id='word_1_178' title='bbox 971 3355 1182 3422; x_wconf 80' lang='lat' dir='ltr'><strong>Aliter,</strong></span> 
     </span>
    </p>
   </div>
   <div class='ocr_carea' id='block_1_53' title="bbox 1261 3418 1818 3493">
    <p class='ocr_par' dir='ltr' id='par_1_53' title="bbox 1261 3418 1818 3493">
     <span class='ocr_line' id='line_1_54' title="bbox 1261 3418 1818 3493; baseline -0.014 -15"><span class='ocrx_word' id='word_1_179' title='bbox 1261 3431 1484 3493; x_wconf 85' lang='lat' dir='ltr'><strong>propter</strong></span> <span class='ocrx_word' id='word_1_180' title='bbox 1511 3418 1818 3473; x_wconf 83' lang='lat' dir='ltr'><strong>stultitiam.</strong></span> 
     </span>
    </p>
   </div>
   <div class='ocr_carea' id='block_1_54' title="bbox 128 3425 962 3500">
    <p class='ocr_par' dir='ltr' id='par_1_54' title="bbox 128 3425 962 3500">
     <span class='ocr_line' id='line_1_55' title="bbox 128 3425 962 3500; baseline -0.004 -17"><span class='ocrx_word' id='word_1_181' title='bbox 128 3429 265 3500; x_wconf 81' lang='lat' dir='ltr'><strong>quia</strong></span> <span class='ocrx_word' id='word_1_182' title='bbox 295 3443 406 3482; x_wconf 91' lang='lat' dir='ltr'><strong>non</strong></span> <span class='ocrx_word' id='word_1_183' title='bbox 423 3427 573 3481; x_wconf 78' lang='lat' dir='ltr'><strong>novit</strong></span> <span class='ocrx_word' id='word_1_184' title='bbox 599 3425 962 3496; x_wconf 87' lang='lat' dir='ltr'><strong>disciplinam.</strong></span> 
     </span>
    </p>
   </div>
   <div class='ocr_carea' id='block_1_55' title="bbox 3319 327 3456 386">
    <p class='ocr_par' dir='ltr' id='par_1_55' title="bbox 3319 327 3456 386">
     <span class='ocr_line' id='line_1_56' title="bbox 3319 327 3456 386; baseline -0.022 -2"><span class='ocrx_word' id='word_1_185' title='bbox 3319 327 3456 386; x_wconf 71' lang='grc'><strong>1511</strong></span> 
     </span>
    </p>
   </div>
   <div class='ocr_carea' id='block_1_56' title="bbox 2722 449 3121 508">
    <p class='ocr_par' dir='ltr' id='par_1_56' title="bbox 2722 449 3121 508">
     <span class='ocr_line' id='line_1_57' title="bbox 2722 449 3121 508; baseline 0.013 -5"><span class='ocrx_word' id='word_1_186' title='bbox 2722 449 3121 508; x_wconf 81' lang='grc' dir='ltr'><strong>ΘΕΟΔΟΤῙΩΝ.</strong></span> 
     </span>
    </p>
   </div>
   <div class='ocr_carea' id='block_1_57' title="bbox 2478 607 3084 668">
    <p class='ocr_par' dir='ltr' id='par_1_57' title="bbox 2478 607 3084 668">
     <span class='ocr_line' id='line_1_58' title="bbox 2478 607 3084 668; baseline 0.01 -7"><span class='ocrx_word' id='word_1_187' title='bbox 2478 607 2566 664; x_wconf 84' lang='grc'><strong>15.</strong></span> <span class='ocrx_word' id='word_1_188' title='bbox 2613 609 2706 663; x_wconf 83' lang='grc' dir='ltr'>Ἐκ</span> <span class='ocrx_word' id='word_1_189' title='bbox 2739 610 2943 665; x_wconf 83' lang='grc' dir='ltr'>λάκκου</span> <span class='ocrx_word' id='word_1_190' title='bbox 2969 629 3084 668; x_wconf 89' lang='grc' dir='ltr'>σου.</span> 
     </span>
    </p>
   </div>
   <div class='ocr_carea' id='block_1_58' title="bbox 2477 787 2563 843">
    <p class='ocr_par' dir='ltr' id='par_1_58' title="bbox 2477 787 2563 843">
     <span class='ocr_line' id='line_1_59' title="bbox 2477 787 2563 843; baseline 0 0"><span class='ocrx_word' id='word_1_191' title='bbox 2477 787 2563 843; x_wconf 70' lang='grc'><strong>16.</strong></span> 
     </span>
    </p>
   </div>
   <div class='ocr_carea' id='block_1_59' title="bbox 2474 947 2969 1024">
    <p class='ocr_par' dir='ltr' id='par_1_59' title="bbox 2474 947 2969 1024">
     <span class='ocr_line' id='line_1_60' title="bbox 2474 947 2969 1024; baseline 0.012 -22"><span class='ocrx_word' id='word_1_192' title='bbox 2474 947 2564 1004; x_wconf 91' lang='grc'><strong>18.</strong></span> <span class='ocrx_word' id='word_1_193' title='bbox 2591 949 2969 1024; x_wconf 82' lang='grc' dir='ltr'><strong>Εὐλογημένη.</strong></span> 
     </span>
    </p>
   </div>
   <div class='ocr_carea' id='block_1_60' title="bbox 2473 1039 3198 1116">
    <p class='ocr_par' dir='ltr' id='par_1_60' title="bbox 2473 1039 3198 1116">
     <span class='ocr_line' id='line_1_61' title="bbox 2473 1039 3198 1116; baseline 0.007 -24"><span class='ocrx_word' id='word_1_194' title='bbox 2473 1039 2559 1093; x_wconf 89' lang='grc'><strong>19.</strong></span> <span class='ocrx_word' id='word_1_195' title='bbox 2593 1041 2702 1096; x_wconf 77' lang='grc' dir='ltr'><strong>Καὶ</strong></span> <span class='ocrx_word' id='word_1_196' title='bbox 2735 1040 2932 1112; x_wconf 71' lang='grc' dir='ltr'>ἔλαφος</span> <span class='ocrx_word' id='word_1_197' title='bbox 2958 1043 3198 1116; x_wconf 87' lang='grc' dir='ltr'><strong>χάριτος.</strong></span> 
     </span>
    </p>
   </div>
   <div class='ocr_carea' id='block_1_61' title="bbox 2468 1293 2920 1350">
    <p class='ocr_par' dir='ltr' id='par_1_61' title="bbox 2468 1293 2920 1350">
     <span class='ocr_line' id='line_1_62' title="bbox 2468 1293 2920 1350; baseline 0.007 -4"><span class='ocrx_word' id='word_1_198' title='bbox 2468 1293 2532 1346; x_wconf 89' lang='grc'><strong>21</strong></span> <span class='ocrx_word' id='word_1_199' title='bbox 2547 1334 2561 1349; x_wconf 94' lang='grc'><strong>.</strong></span> <span class='ocrx_word' id='word_1_200' title='bbox 2594 1293 2920 1350; x_wconf 79' lang='grc' dir='ltr'>Κατέναντι.</span> 
     </span>
    </p>
   </div>
   <div class='ocr_carea' id='block_1_62' title="bbox 2465 1473 3069 1547">
    <p class='ocr_par' dir='ltr' id='par_1_62' title="bbox 2465 1473 3069 1547">
     <span class='ocr_line' id='line_1_63' title="bbox 2465 1473 3069 1547; baseline 0.002 -18"><span class='ocrx_word' id='word_1_201' title='bbox 2465 1473 2555 1529; x_wconf 88' lang='lat'><strong>22.</strong></span> <span class='ocrx_word' id='word_1_202' title='bbox 2599 1475 2846 1547; x_wconf 85' lang='grc' dir='ltr'>Ἀνομίαι</span> <span class='ocrx_word' id='word_1_203' title='bbox 2879 1474 3069 1530; x_wconf 79' lang='grc' dir='ltr'>αὐτοῦ.</span> 
     </span>
    </p>
   </div>
   <div class='ocr_carea' id='block_1_63' title="bbox 2463 1725 2560 1779">
    <p class='ocr_par' dir='ltr' id='par_1_63' title="bbox 2463 1725 2560 1779">
     <span class='ocr_line' id='line_1_64' title="bbox 2463 1725 2560 1779; baseline 0.01 -2"><span class='ocrx_word' id='word_1_204' title='bbox 2463 1725 2560 1779; x_wconf 76' lang='grc'><strong>25.</strong></span> 
     </span>
    </p>
   </div>
   <div class='ocr_carea' id='block_1_64' title="bbox 2471 1813 3325 1885">
    <p class='ocr_par' dir='ltr' id='par_1_64' title="bbox 2471 1813 3325 1885">
     <span class='ocr_line' id='line_1_65' title="bbox 2471 1813 3325 1885; baseline 0.006 -19"><span class='ocrx_word' id='word_1_205' title='bbox 2471 1813 2561 1866; x_wconf 85' lang='grc' dir='ltr'>Ἐν</span> <span class='ocrx_word' id='word_1_206' title='bbox 2589 1813 2668 1883; x_wconf 82' lang='grc' dir='ltr'>τῷ</span> <span class='ocrx_word' id='word_1_207' title='bbox 2708 1814 2782 1885; x_wconf 86' lang='grc' dir='ltr'><strong>μὴ</strong></span> <span class='ocrx_word' id='word_1_208' title='bbox 2825 1813 3023 1869; x_wconf 83' lang='grc' dir='ltr'>εἰδέναι</span> <span class='ocrx_word' id='word_1_209' title='bbox 3059 1815 3325 1871; x_wconf 82' lang='grc' dir='ltr'>παιδείαν.</span> 
     </span>
    </p>
   </div>
   <div class='ocr_carea' id='block_1_65' title="bbox 2690 1972 3103 2030">
    <p class='ocr_par' dir='ltr' id='par_1_65' title="bbox 2690 1972 3103 2030">
     <span class='ocr_line' id='line_1_66' title="bbox 2690 1972 3103 2030; baseline 0 -3"><span class='ocrx_word' id='word_1_210' title='bbox 2690 1972 3103 2030; x_wconf 82' lang='lat' dir='ltr'><strong>THEODOTIO.</strong></span> 
     </span>
    </p>
   </div>
   <div class='ocr_carea' id='block_1_66' title="bbox 2465 2065 2955 2123">
    <p class='ocr_par' dir='ltr' id='par_1_66' title="bbox 2465 2065 2955 2123">
     <span class='ocr_line' id='line_1_67' title="bbox 2465 2065 2955 2123; baseline 0.004 -5"><span class='ocrx_word' id='word_1_211' title='bbox 2465 2065 2554 2119; x_wconf 88' lang='grc'><strong>15.</strong></span> <span class='ocrx_word' id='word_1_212' title='bbox 2582 2065 2658 2122; x_wconf 89' lang='lat' dir='ltr'><strong>De</strong></span> <span class='ocrx_word' id='word_1_213' title='bbox 2690 2067 2810 2123; x_wconf 90' lang='lat' dir='ltr'><strong>lacu</strong></span> <span class='ocrx_word' id='word_1_214' title='bbox 2839 2076 2955 2123; x_wconf 93' lang='lat' dir='ltr'><strong>tuo.</strong></span> 
     </span>
    </p>
   </div>
   <div class='ocr_carea' id='block_1_67' title="bbox 2461 2235 2549 2338">
    <p class='ocr_par' dir='ltr' id='par_1_67' title="bbox 2461 2235 2549 2338">
     <span class='ocr_line' id='line_1_68' title="bbox 2461 2235 2549 2338; baseline 0.057 -37"><span class='ocrx_word' id='word_1_215' title='bbox 2461 2235 2549 2338; x_wconf 55' lang='lat' dir='ltr'><strong>t6.</strong></span> 
     </span>
    </p>
   </div>
   <div class='ocr_carea' id='block_1_68' title="bbox 2457 2403 2894 2460">
    <p class='ocr_par' dir='ltr' id='par_1_68' title="bbox 2457 2403 2894 2460">
     <span class='ocr_line' id='line_1_69' title="bbox 2457 2403 2894 2460; baseline 0.002 -1"><span class='ocrx_word' id='word_1_216' title='bbox 2457 2405 2543 2459; x_wconf 90' lang='grc'><strong>18.</strong></span> <span class='ocrx_word' id='word_1_217' title='bbox 2580 2403 2894 2460; x_wconf 86' lang='lat' dir='ltr'><strong>Benedicta.</strong></span> 
     </span>
    </p>
   </div>
   <div class='ocr_carea' id='block_1_69' title="bbox 2457 2495 3108 2566">
    <p class='ocr_par' dir='ltr' id='par_1_69' title="bbox 2457 2495 3108 2566">
     <span class='ocr_line' id='line_1_70' title="bbox 2457 2495 3108 2566; baseline 0.011 -18"><span class='ocrx_word' id='word_1_218' title='bbox 2457 2495 2544 2549; x_wconf 86' lang='grc'><strong>19.</strong></span> <span class='ocrx_word' id='word_1_219' title='bbox 2579 2495 2645 2551; x_wconf 85' lang='grc' dir='ltr'>Ει</span> <span class='ocrx_word' id='word_1_220' title='bbox 2675 2511 2872 2552; x_wconf 85' lang='lat' dir='ltr'><strong>cervus</strong></span> <span class='ocrx_word' id='word_1_221' title='bbox 2901 2497 3108 2566; x_wconf 69' lang='lat' dir='ltr'><strong>gratiae.</strong></span> 
     </span>
    </p>
   </div>
   <div class='ocr_carea' id='block_1_70' title="bbox 2450 2747 2981 2818">
    <p class='ocr_par' dir='ltr' id='par_1_70' title="bbox 2450 2747 2981 2818">
     <span class='ocr_line' id='line_1_71' title="bbox 2450 2747 2981 2818; baseline 0.004 -17"><span class='ocrx_word' id='word_1_222' title='bbox 2450 2747 2514 2801; x_wconf 88' lang='grc'><strong>21</strong></span> <span class='ocrx_word' id='word_1_223' title='bbox 2527 2785 2542 2801; x_wconf 95' lang='grc'>.</span> <span class='ocrx_word' id='word_1_224' title='bbox 2579 2747 2636 2802; x_wconf 91' lang='lat' dir='ltr'><strong>In</strong></span> <span class='ocrx_word' id='word_1_225' title='bbox 2665 2756 2981 2818; x_wconf 87' lang='lat' dir='ltr'><strong>conspectu.</strong></span> 
     </span>
    </p>
   </div>
   <div class='ocr_carea' id='block_1_71' title="bbox 2449 2926 3051 2998">
    <p class='ocr_par' dir='ltr' id='par_1_71' title="bbox 2449 2926 3051 2998">
     <span class='ocr_line' id='line_1_72' title="bbox 2449 2926 3051 2998; baseline 0.002 -17"><span class='ocrx_word' id='word_1_226' title='bbox 2449 2927 2541 2981; x_wconf 87' lang='lat'><strong>22.</strong></span> <span class='ocrx_word' id='word_1_227' title='bbox 2573 2926 2891 2998; x_wconf 70' lang='lat' dir='ltr'><strong>[iniquitates</strong></span> <span class='ocrx_word' id='word_1_228' title='bbox 2920 2944 3051 2984; x_wconf 62' lang='lat' dir='ltr'><strong>suae.</strong></span> 
     </span>
    </p>
   </div>
   <div class='ocr_carea' id='block_1_72' title="bbox 2451 3180 2546 3236">
    <p class='ocr_par' dir='ltr' id='par_1_72' title="bbox 2451 3180 2546 3236">
     <span class='ocr_line' id='line_1_73' title="bbox 2451 3180 2546 3236; baseline -0.042 0"><span class='ocrx_word' id='word_1_229' title='bbox 2451 3180 2546 3236; x_wconf 86' lang='grc'><strong>25.</strong></span> 
     </span>
    </p>
   </div>
   <div class='ocr_carea' id='block_1_73' title="bbox 2455 3340 3306 3413">
    <p class='ocr_par' dir='ltr' id='par_1_73' title="bbox 2455 3340 3306 3413">
     <span class='ocr_line' id='line_1_74' title="bbox 2455 3340 3306 3413; baseline 0.005 -19"><span class='ocrx_word' id='word_1_230' title='bbox 2455 3340 2594 3407; x_wconf 83' lang='lat' dir='ltr'><strong>Quia</strong></span> <span class='ocrx_word' id='word_1_231' title='bbox 2624 3356 2730 3396; x_wconf 92' lang='lat' dir='ltr'><strong>non</strong></span> <span class='ocrx_word' id='word_1_232' title='bbox 2763 3343 2915 3397; x_wconf 87' lang='lat' dir='ltr'><strong>novit</strong></span> <span class='ocrx_word' id='word_1_233' title='bbox 2943 3342 3306 3413; x_wconf 82' lang='lat' dir='ltr'><strong>disciplinam.</strong></span> 
     </span>
    </p>
   </div>
   <div class='ocr_carea' id='block_1_74' title="bbox 861 3503 2661 3582">
    <p class='ocr_par' dir='ltr' id='par_1_74' title="bbox 861 3503 2661 3582">
     <span class='ocr_line' id='line_1_75' title="bbox 861 3503 2661 3582; baseline -0.005 -7"><span class='ocrx_word' id='word_1_234' title='bbox 861 3517 1037 3578; x_wconf 81' lang='lat' dir='ltr'><strong>Notae</strong></span> <span class='ocrx_word' id='word_1_235' title='bbox 1069 3520 1128 3577; x_wconf 93' lang='lat' dir='ltr'><strong>et</strong></span> <span class='ocrx_word' id='word_1_236' title='bbox 1163 3515 1350 3575; x_wconf 75' lang='lat' dir='ltr'><strong>varim</strong></span> <span class='ocrx_word' id='word_1_237' title='bbox 1401 3513 1714 3574; x_wconf 83' lang='lat' dir='ltr'><strong>lectiones</strong></span> <span class='ocrx_word' id='word_1_238' title='bbox 1751 3507 1824 3569; x_wconf 87' lang='lat' dir='ltr'><strong>ad</strong></span> <span class='ocrx_word' id='word_1_239' title='bbox 1873 3520 2007 3582; x_wconf 87' lang='lat' dir='ltr'><strong>cap.</strong></span> <span class='ocrx_word' id='word_1_240' title='bbox 2053 3506 2106 3564; x_wconf 89' lang='lat' dir='ltr'><strong>V</strong></span> <span class='ocrx_word' id='word_1_241' title='bbox 2137 3503 2661 3566; x_wconf 87' lang='lat' dir='ltr'><strong>Proverbiorum.</strong></span> 
     </span>
    </p>
   </div>
   <div class='ocr_carea' id='block_1_75' title="bbox 129 3614 1612 3708">
    <p class='ocr_par' dir='ltr' id='par_1_75' title="bbox 129 3614 1612 3708">
     <span class='ocr_line' id='line_1_76' title="bbox 129 3614 1612 3708; baseline -0.005 -36"><span class='ocrx_word' id='word_1_242' title='bbox 129 3619 314 3686; x_wconf 80' lang='grc' dir='ltr'>ξυνον.</span> <span class='ocrx_word' id='word_1_243' title='bbox 348 3619 394 3672; x_wconf 93' lang='lat' dir='ltr'><strong>Il</strong></span> <span class='ocrx_word' id='word_1_244' title='bbox 424 3618 574 3673; x_wconf 85' lang='lat' dir='ltr'><strong>Sam.</strong></span> <span class='ocrx_word' id='word_1_245' title='bbox 611 3634 709 3685; x_wconf 81' lang='lat' dir='ltr'><strong>xu,</strong></span> <span class='ocrx_word' id='word_1_246' title='bbox 755 3618 840 3684; x_wconf 71' lang='lat' dir='ltr'><strong>III,</strong></span> <span class='ocrx_word' id='word_1_247' title='bbox 1065 3618 1156 3682; x_wconf 87' lang='lat' dir='ltr'><strong>A.,</strong></span> <span class='ocrx_word' id='word_1_248' title='bbox 1195 3614 1544 3687; x_wconf 86' lang='grc' dir='ltr'>παρώξυνας.</span> <span class='ocrx_word' id='word_1_249' title='bbox 1593 3631 1612 3664; x_wconf 76' lang='grc' dir='ltr'><strong>ι</strong></span> 
     </span>
    </p>
   </div>
   <div class='ocr_carea' id='block_1_76' title="bbox 205 3719 1454 3790">
    <p class='ocr_par' dir='ltr' id='par_1_76' title="bbox 205 3719 1454 3790">
     <span class='ocr_line' id='line_1_77' title="bbox 205 3719 1454 3790; baseline -0.004 -12"><span class='ocrx_word' id='word_1_250' title='bbox 205 3723 275 3778; x_wconf 75' lang='grc' dir='ltr'>ν.</span> <span class='ocrx_word' id='word_1_251' title='bbox 308 3726 398 3780; x_wconf 90' lang='grc'><strong>15.</strong></span> <span class='ocrx_word' id='word_1_252' title='bbox 436 3725 540 3786; x_wconf 82' lang='grc' dir='ltr'><strong>’Δ.,</strong></span> <span class='ocrx_word' id='word_1_253' title='bbox 575 3724 658 3786; x_wconf 86' lang='grc' dir='ltr'><strong>Σ.,</strong></span> <span class='ocrx_word' id='word_1_254' title='bbox 687 3723 776 3786; x_wconf 92' lang='grc' dir='ltr'><strong>Θ.,</strong></span> <span class='ocrx_word' id='word_1_255' title='bbox 808 3721 1172 3790; x_wconf 76' lang='grc' dir='ltr'><strong>φωτιζόντων.</strong></span> <span class='ocrx_word' id='word_1_256' title='bbox 1208 3719 1454 3775; x_wconf 85' lang='lat' dir='ltr'><strong>Drusius.</strong></span> 
     </span>
    </p>
   </div>
   <div class='ocr_carea' id='block_1_77' title="bbox 204 3792 1142 3859">
    <p class='ocr_par' dir='ltr' id='par_1_77' title="bbox 204 3792 1142 3859">
     <span class='ocr_line' id='line_1_78' title="bbox 204 3792 1142 3859; baseline -0.006 -10"><span class='ocrx_word' id='word_1_257' title='bbox 204 3794 345 3849; x_wconf 90' lang='lat' dir='ltr'><strong>Ibid.</strong></span> <span class='ocrx_word' id='word_1_258' title='bbox 388 3795 492 3859; x_wconf 81' lang='lat' dir='ltr'><strong>’A.,</strong></span> <span class='ocrx_word' id='word_1_259' title='bbox 525 3794 610 3856; x_wconf 91' lang='lat'><strong>2.,</strong></span> <span class='ocrx_word' id='word_1_260' title='bbox 646 3793 732 3857; x_wconf 87' lang='grc' dir='ltr'><strong>Θ.,</strong></span> <span class='ocrx_word' id='word_1_261' title='bbox 765 3793 970 3846; x_wconf 78' lang='grc' dir='ltr'>ἐκλινα.</span> <span class='ocrx_word' id='word_1_262' title='bbox 999 3792 1142 3846; x_wconf 91' lang='lat' dir='ltr'><strong>Idem</strong></span> 
     </span>
    </p>
   </div>
   <div class='ocr_carea' id='block_1_78' title="bbox 207 3856 1726 3929">
    <p class='ocr_par' dir='ltr' id='par_1_78' title="bbox 207 3856 1726 3929">
     <span class='ocr_line' id='line_1_79' title="bbox 207 3856 1726 3929; baseline -0.005 -12"><span class='ocrx_word' id='word_1_263' title='bbox 207 3863 280 3920; x_wconf 74' lang='grc' dir='ltr'><strong>ν.</strong></span> <span class='ocrx_word' id='word_1_264' title='bbox 301 3863 389 3917; x_wconf 74' lang='grc'><strong>14.</strong></span> <span class='ocrx_word' id='word_1_265' title='bbox 409 3856 512 3927; x_wconf 57' lang='lat' dir='ltr'><strong>‘AL,</strong></span> <span class='ocrx_word' id='word_1_266' title='bbox 528 3863 604 3925; x_wconf 82' lang='grc' dir='ltr'><strong>ὡς</strong></span> <span class='ocrx_word' id='word_1_267' title='bbox 625 3856 805 3929; x_wconf 81' lang='grc' dir='ltr'>ὀλίγον</span> <span class='ocrx_word' id='word_1_268' title='bbox 821 3870 927 3917; x_wconf 86' lang='lat' dir='ltr'><strong>etc.</strong></span> <span class='ocrx_word' id='word_1_269' title='bbox 953 3861 1129 3924; x_wconf 70' lang='lat' dir='ltr'><strong>ldem,’</strong></span> <span class='ocrx_word' id='word_1_270' title='bbox 1145 3859 1237 3929; x_wconf 91' lang='lat' dir='ltr'><strong>qui</strong></span> <span class='ocrx_word' id='word_1_271' title='bbox 1271 3858 1437 3913; x_wconf 89' lang='lat' dir='ltr'><strong>etiam</strong></span> <span class='ocrx_word' id='word_1_272' title='bbox 1479 3856 1726 3929; x_wconf 84' lang='lat' dir='ltr'><strong>scholion</strong></span> 
     </span>
    </p>
   </div>
   <div class='ocr_carea' id='block_1_79' title="bbox 127 3926 1721 3997">
    <p class='ocr_par' dir='ltr' id='par_1_79' title="bbox 127 3926 1721 3997">
     <span class='ocr_line' id='line_1_80' title="bbox 127 3926 1721 3997; baseline -0.006 -6"><span class='ocrx_word' id='word_1_273' title='bbox 127 3933 334 3991; x_wconf 80' lang='lat' dir='ltr'><strong>adfert.</strong></span> <span class='ocrx_word' id='word_1_274' title='bbox 392 3926 736 3994; x_wconf 19' lang='lat' dir='ltr'><strong>Est’autem&#39;,</strong></span> <span class='ocrx_word' id='word_1_275' title='bbox 781 3941 842 3985; x_wconf 90' lang='lat' dir='ltr'><strong>ut</strong></span> <span class='ocrx_word' id='word_1_276' title='bbox 871 3931 1109 3996; x_wconf 87' lang='lat' dir='ltr'><strong>videtur,</strong></span> <span class='ocrx_word' id='word_1_277' title='bbox 1142 3926 1292 3983; x_wconf 71' lang='lat' dir='ltr'><strong>v&#39;aria</strong></span> <span class='ocrx_word' id='word_1_278' title='bbox 1325 3926 1721 3997; x_wconf 87' lang='lat' dir='ltr'><strong>interpretatio.</strong></span> 
     </span>
    </p>
   </div>
   <div class='ocr_carea' id='block_1_80' title="bbox 203 4018 1557 4086">
    <p class='ocr_par' dir='ltr' id='par_1_80' title="bbox 203 4018 1557 4086">
     <span class='ocr_line' id='line_1_81' title="bbox 203 4018 1557 4086; baseline -0.003 -10"><span class='ocrx_word' id='word_1_279' title='bbox 203 4022 274 4077; x_wconf 70' lang='grc' dir='ltr'>ν.</span> <span class='ocrx_word' id='word_1_280' title='bbox 307 4023 395 4077; x_wconf 86' lang='grc'><strong>15.</strong></span> <span class='ocrx_word' id='word_1_281' title='bbox 440 4021 545 4084; x_wconf 80' lang='grc' dir='ltr'><strong>Ἀ.,</strong></span> <span class='ocrx_word' id='word_1_282' title='bbox 581 4021 665 4085; x_wconf 87' lang='grc' dir='ltr'><strong>Σ.,</strong></span> <span class='ocrx_word' id='word_1_283' title='bbox 696 4021 784 4086; x_wconf 83' lang='grc' dir='ltr'><strong>Θ.,</strong></span> <span class='ocrx_word' id='word_1_284' title='bbox 817 4023 882 4074; x_wconf 82' lang='grc' dir='ltr'>ὲκ</span> <span class='ocrx_word' id='word_1_285' title='bbox 911 4021 1117 4074; x_wconf 87' lang='grc' dir='ltr'><strong>λάκκου</strong></span> <span class='ocrx_word' id='word_1_286' title='bbox 1151 4038 1268 4074; x_wconf 91' lang='grc' dir='ltr'>σου.</span> <span class='ocrx_word' id='word_1_287' title='bbox 1304 4018 1557 4074; x_wconf 90' lang='lat' dir='ltr'><strong>Drusius.</strong></span> 
     </span>
    </p>
   </div>
   <div class='ocr_carea' id='block_1_81' title="bbox 203 4091 1198 4161">
    <p class='ocr_par' dir='ltr' id='par_1_81' title="bbox 203 4091 1198 4161">
     <span class='ocr_line' id='line_1_82' title="bbox 203 4091 1198 4161; baseline -0.004 -15"><span class='ocrx_word' id='word_1_288' title='bbox 203 4091 346 4161; x_wconf 81' lang='lat' dir='ltr'><strong>Ibid.</strong></span> <span class='ocrx_word' id='word_1_289' title='bbox 385 4092 632 4155; x_wconf 71' lang='grc' dir='ltr'><strong>Ἀλλος,</strong></span> <span class='ocrx_word' id='word_1_290' title='bbox 673 4091 901 4161; x_wconf 84' lang='grc' dir='ltr'><strong>ὑδάτων.</strong></span> <span class='ocrx_word' id='word_1_291' title='bbox 930 4092 1198 4161; x_wconf 49' lang='grc' dir='ltr'><strong>Νίκης).</strong></span> 
     </span>
    </p>
   </div>
   <div class='ocr_carea' id='block_1_82' title="bbox 207 4156 1727 4231">
    <p class='ocr_par' dir='ltr' id='par_1_82' title="bbox 207 4156 1727 4231">
     <span class='ocr_line' id='line_1_83' title="bbox 207 4156 1727 4231; baseline -0.001 -17"><span class='ocrx_word' id='word_1_292' title='bbox 207 4158 273 4214; x_wconf 84' lang='lat' dir='ltr'><strong>V.</strong></span> <span class='ocrx_word' id='word_1_293' title='bbox 310 4161 398 4215; x_wconf 87' lang='lat' dir='ltr'><strong>I6.</strong></span> <span class='ocrx_word' id='word_1_294' title='bbox 442 4161 545 4223; x_wconf 83' lang='lat' dir='ltr'><strong>&#39;A.,</strong></span> <span class='ocrx_word' id='word_1_295' title='bbox 586 4161 660 4231; x_wconf 78' lang='grc' dir='ltr'><strong>μὴ</strong></span> <span class='ocrx_word' id='word_1_296' title='bbox 690 4156 1266 4231; x_wconf 73' lang='grc' dir='ltr'>διασκορπιςέσθὼσαν</span> <span class='ocrx_word' id='word_1_297' title='bbox 1294 4168 1399 4214; x_wconf 88' lang='lat' dir='ltr'><strong>etc.</strong></span> <span class='ocrx_word' id='word_1_298' title='bbox 1435 4157 1602 4231; x_wconf 84' lang='lat' dir='ltr'><strong>Idem.</strong></span> <span class='ocrx_word' id='word_1_299' title='bbox 1629 4156 1727 4212; x_wconf 84' lang='lat' dir='ltr'><strong>Hic</strong></span> 
     </span>
    </p>
   </div>
   <div class='ocr_carea' id='block_1_83' title="bbox 128 4227 1729 4311">
    <p class='ocr_par' dir='ltr' id='par_1_83' title="bbox 128 4227 1729 4311">
     <span class='ocr_line' id='line_1_84' title="bbox 128 4227 1729 4311; baseline -0.004 -25"><span class='ocrx_word' id='word_1_300' title='bbox 128 4232 418 4311; x_wconf 44' lang='lat' dir='ltr'><strong>Drusius.;</strong></span> <span class='ocrx_word' id='word_1_301' title='bbox 450 4250 468 4282; x_wconf 73' lang='grc' dir='ltr'><strong>ι</strong></span> <span class='ocrx_word' id='word_1_302' title='bbox 498 4227 694 4311; x_wconf 70' lang='lat' dir='ltr'><strong>Aquila</strong></span> <span class='ocrx_word' id='word_1_303' title='bbox 747 4231 835 4311; x_wconf 44' lang='grc' dir='ltr'><strong>μή,</strong></span> <span class='ocrx_word' id='word_1_304' title='bbox 866 4227 1062 4298; x_wconf 77' lang='lat' dir='ltr'><strong>adjecit</strong></span> <span class='ocrx_word' id='word_1_305' title='bbox 1082 4232 1160 4311; x_wconf 66' lang='lat' dir='ltr'><strong>de</strong></span> <span class='ocrx_word' id='word_1_306' title='bbox 1192 4244 1324 4294; x_wconf 89' lang='lat' dir='ltr'><strong>suo,</strong></span> <span class='ocrx_word' id='word_1_307' title='bbox 1355 4243 1424 4308; x_wconf 64' lang='lat' dir='ltr'><strong>an</strong></span> <span class='ocrx_word' id='word_1_308' title='bbox 1455 4227 1729 4311; x_wconf 60' lang='lat' dir='ltr'><strong>potius_iit</strong></span> 
     </span>
    </p>
   </div>
   <div class='ocr_carea' id='block_1_84' title="bbox 127 4296 1730 4356">
    <p class='ocr_par' dir='ltr' id='par_1_84' title="bbox 127 4296 1730 4356">
     <span class='ocr_line' id='line_1_85' title="bbox 127 4296 1730 4356; baseline -0.002 0"><span class='ocrx_word' id='word_1_309' title='bbox 127 4304 205 4356; x_wconf 84' lang='lat' dir='ltr'><strong>sit</strong></span> <span class='ocrx_word' id='word_1_310' title='bbox 263 4301 515 4355; x_wconf 89' lang='lat' dir='ltr'><strong>additum</strong></span> <span class='ocrx_word' id='word_1_311' title='bbox 560 4296 590 4354; x_wconf 59' lang='grc' dir='ltr'>ὁ</span> <span class='ocrx_word' id='word_1_312' title='bbox 628 4296 870 4354; x_wconf 80' lang='lat' dir='ltr'><strong>librariis</strong></span> <span class='ocrx_word' id='word_1_313' title='bbox 917 4296 981 4353; x_wconf 79' lang='lat' dir='ltr'><strong>ex</strong></span> <span class='ocrx_word' id='word_1_314' title='bbox 1031 4300 1269 4354; x_wconf 85' lang='lat' dir='ltr'><strong>editione</strong></span> <span class='ocrx_word' id='word_1_315' title='bbox 1312 4297 1421 4350; x_wconf 87' lang='grc' dir='ltr'>τῶν</span> <span class='ocrx_word' id='word_1_316' title='bbox 1464 4298 1564 4349; x_wconf 81' lang='lat'><strong>0&#39;?</strong></span> <span class='ocrx_word' id='word_1_317' title='bbox 1617 4296 1730 4352; x_wconf 87' lang='lat' dir='ltr'><strong>Hoc</strong></span> 
     </span>
    </p>
   </div>
   <div class='ocr_carea' id='block_1_85' title="bbox 125 4365 1728 4440">
    <p class='ocr_par' dir='ltr' id='par_1_85' title="bbox 125 4365 1728 4440">
     <span class='ocr_line' id='line_1_86' title="bbox 125 4365 1728 4440; baseline -0.004 -15"><span class='ocrx_word' id='word_1_318' title='bbox 125 4381 478 4440; x_wconf 85' lang='lat' dir='ltr'><strong>postremum</strong></span> <span class='ocrx_word' id='word_1_319' title='bbox 531 4370 869 4440; x_wconf 73' lang='lat' dir='ltr'><strong>probabilius</strong></span> <span class='ocrx_word' id='word_1_320' title='bbox 935 4369 1068 4423; x_wconf 90' lang='lat' dir='ltr'><strong>mihi</strong></span> <span class='ocrx_word' id='word_1_321' title='bbox 1125 4370 1356 4440; x_wconf 61' lang='lat' dir='ltr'><strong>videtur.</strong></span> <span class='ocrx_word' id='word_1_322' title='bbox 1407 4365 1526 4440; x_wconf 71' lang='lat' dir='ltr'><strong>Non</strong></span> <span class='ocrx_word' id='word_1_323' title='bbox 1583 4368 1728 4440; x_wconf 83' lang='lat' dir='ltr'><strong>enim</strong></span> 
     </span>
    </p>
   </div>
   <div class='ocr_carea' id='block_1_86' title="bbox 123 4437 1727 4510">
    <p class='ocr_par' dir='ltr' id='par_1_86' title="bbox 123 4437 1727 4510">
     <span class='ocr_line' id='line_1_87' title="bbox 123 4437 1727 4510; baseline -0.005 -14"><span class='ocrx_word' id='word_1_324' title='bbox 123 4437 283 4496; x_wconf 60' lang='lat' dir='ltr'><strong>bene</strong></span> <span class='ocrx_word' id='word_1_325' title='bbox 334 4437 545 4510; x_wconf 80' lang='lat' dir='ltr'><strong>legitur</strong></span> <span class='ocrx_word' id='word_1_326' title='bbox 569 4440 626 4493; x_wconf 90' lang='lat' dir='ltr'><strong>in</strong></span> <span class='ocrx_word' id='word_1_327' title='bbox 683 4437 926 4510; x_wconf 66' lang='lat' dir='ltr'><strong>Hebraeo.</strong></span> <span class='ocrx_word' id='word_1_328' title='bbox 953 4459 988 4510; x_wconf 57' lang='lat'>3</span> <span class='ocrx_word' id='word_1_329' title='bbox 1024 4440 1093 4492; x_wconf 89' lang='lat' dir='ltr'><strong>At</strong></span> <span class='ocrx_word' id='word_1_330' title='bbox 1125 4439 1250 4510; x_wconf 83' lang='lat' dir='ltr'><strong>licet</strong></span> <span class='ocrx_word' id='word_1_331' title='bbox 1281 4453 1386 4490; x_wconf 89' lang='lat' dir='ltr'><strong>non</strong></span> <span class='ocrx_word' id='word_1_332' title='bbox 1423 4437 1727 4510; x_wconf 14' lang='lat' dir='ltr'><strong>Ieg‘atur‘in</strong></span> 
     </span>
    </p>
   </div>
   <div class='ocr_carea' id='block_1_87' title="bbox 1909 3882 2096 3937">
    <p class='ocr_par' dir='ltr' id='par_1_87' title="bbox 1909 3882 2096 3937">
     <span class='ocr_line' id='line_1_88' title="bbox 1909 3882 2096 3937; baseline 0.005 -1"><span class='ocrx_word' id='word_1_333' title='bbox 1909 3882 1974 3937; x_wconf 83' lang='lat' dir='ltr'><strong>V.</strong></span> <span class='ocrx_word' id='word_1_334' title='bbox 2010 3883 2096 3937; x_wconf 91' lang='grc'><strong>18.</strong></span> 
     </span>
    </p>
   </div>
   <div class='ocr_carea' id='block_1_88' title="bbox 1834 3603 3421 3669">
    <p class='ocr_par' dir='ltr' id='par_1_88' title="bbox 1834 3603 3421 3669">
     <span class='ocr_line' id='line_1_89' title="bbox 1834 3603 3421 3669; baseline 0.001 -8"><span class='ocrx_word' id='word_1_335' title='bbox 1834 3605 2207 3661; x_wconf 89' lang='lat' dir='ltr'><strong>necessarium</strong></span> <span class='ocrx_word' id='word_1_336' title='bbox 2238 3605 2477 3669; x_wconf 85' lang='lat' dir='ltr'><strong>videtur,</strong></span> <span class='ocrx_word' id='word_1_337' title='bbox 2512 3613 2572 3658; x_wconf 82' lang='lat' dir='ltr'><strong>ut</strong></span> <span class='ocrx_word' id='word_1_338' title='bbox 2597 3604 2677 3657; x_wconf 76' lang='lat' dir='ltr'><strong>vel</strong></span> <span class='ocrx_word' id='word_1_339' title='bbox 2708 3603 3005 3668; x_wconf 83' lang='lat' dir='ltr'><strong>exciderit,</strong></span> <span class='ocrx_word' id='word_1_340' title='bbox 3035 3605 3119 3658; x_wconf 89' lang='lat' dir='ltr'><strong>vel</strong></span> <span class='ocrx_word' id='word_1_341' title='bbox 3155 3606 3421 3662; x_wconf 84' lang='lat' dir='ltr'><strong>subintel-</strong></span> 
     </span>
    </p>
   </div>
   <div class='ocr_carea' id='block_1_89' title="bbox 1833 3671 3422 3753">
    <p class='ocr_par' dir='ltr' id='par_1_89' title="bbox 1833 3671 3422 3753">
     <span class='ocr_line' id='line_1_90' title="bbox 1833 3671 3422 3753; baseline 0 -23"><span class='ocrx_word' id='word_1_342' title='bbox 1833 3677 2072 3753; x_wconf 45' lang='lat' dir='ltr'><strong>ligatnr,</strong></span> <span class='ocrx_word' id='word_1_343' title='bbox 2101 3684 2368 3753; x_wconf 82' lang='lat' dir='ltr'><strong>oporteat.</strong></span> <span class='ocrx_word' id='word_1_344' title='bbox 2417 3671 2766 3753; x_wconf 64' lang='lat' dir='ltr'><strong>Certe_I.X)_(_</strong></span> <span class='ocrx_word' id='word_1_345' title='bbox 2801 3671 3128 3753; x_wconf 70' lang='lat' dir='ltr'><strong>Interprctes</strong></span> <span class='ocrx_word' id='word_1_346' title='bbox 3176 3677 3422 3753; x_wconf 80' lang='lat' dir='ltr'><strong>negatio-</strong></span> 
     </span>
    </p>
   </div>
   <div class='ocr_carea' id='block_1_90' title="bbox 1837 3741 3419 3831">
    <p class='ocr_par' dir='ltr' id='par_1_90' title="bbox 1837 3741 3419 3831">
     <span class='ocr_line' id='line_1_91' title="bbox 1837 3741 3419 3831; baseline 0 -32"><span class='ocrx_word' id='word_1_347' title='bbox 1837 3741 1960 3799; x_wconf 83' lang='lat' dir='ltr'><strong>ném</strong></span> <span class='ocrx_word' id='word_1_348' title='bbox 1992 3745 2076 3799; x_wconf 82' lang='lat' dir='ltr'><strong>vel</strong></span> <span class='ocrx_word' id='word_1_349' title='bbox 2105 3741 2370 3831; x_wconf 54' lang='lat' dir='ltr'><strong>legerunt,</strong></span> <span class='ocrx_word' id='word_1_350' title='bbox 2396 3741 3018 3831; x_wconf 49' lang='lat' dir='ltr'><strong>vcl&#39;subintellexerunt,</strong></span> <span class='ocrx_word' id='word_1_351' title='bbox 3037 3757 3162 3798; x_wconf 94' lang='lat' dir='ltr'><strong>cum</strong></span> <span class='ocrx_word' id='word_1_352' title='bbox 3194 3741 3271 3798; x_wconf 72' lang='lat' dir='ltr'><strong>ita</strong></span> <span class='ocrx_word' id='word_1_353' title='bbox 3297 3760 3419 3799; x_wconf 89' lang='lat' dir='ltr'><strong>ver-</strong></span> 
     </span>
    </p>
   </div>
   <div class='ocr_carea' id='block_1_91' title="bbox 1837 3813 3151 3951">
    <p class='ocr_par' dir='ltr' id='par_1_91' title="bbox 1837 3813 3151 3951">
     <span class='ocr_line' id='line_1_92' title="bbox 1837 3813 3056 3935; baseline -0.003 -66"><span class='ocrx_word' id='word_1_354' title='bbox 1837 3824 2022 3869; x_wconf 91' lang='lat' dir='ltr'><strong>terunt</strong></span> <span class='ocrx_word' id='word_1_355' title='bbox 2051 3830 2064 3865; x_wconf 88' lang='lat'><strong>:</strong></span> <span class='ocrx_word' id='word_1_356' title='bbox 2104 3813 2194 3935; x_wconf 56' lang='grc' dir='ltr'>μιἎ</span> <span class='ocrx_word' id='word_1_357' title='bbox 2213 3813 2642 3897; x_wconf 54' lang='grc' dir='ltr'>ὑπερεκχείσρω.</span> <span class='ocrx_word' id='word_1_358' title='bbox 3011 3875 3015 3879; x_wconf 28' lang='grc' dir='ltr'>η</span> <span class='ocrx_word' id='word_1_359' title='bbox 3045 3883 3056 3893; x_wconf 42' lang='grc'><strong>.</strong></span> 
     </span>
     <span class='ocr_line' id='line_1_93' title="bbox 1909 3880 3151 3951; baseline -0.001 -14"><span class='ocrx_word' id='word_1_360' title='bbox 1909 3882 1974 3937; x_wconf 83' lang='lat' dir='ltr'><strong>V.</strong></span> <span class='ocrx_word' id='word_1_361' title='bbox 2010 3883 2096 3937; x_wconf 90' lang='grc'><strong>18.</strong></span> <span class='ocrx_word' id='word_1_362' title='bbox 2134 3884 2147 3904; x_wconf 92' lang='grc'>’</span> <span class='ocrx_word' id='word_1_363' title='bbox 2201 3922 2238 3946; x_wconf 84' lang='grc'><strong>.,</strong></span> <span class='ocrx_word' id='word_1_364' title='bbox 2267 3883 2349 3947; x_wconf 87' lang='grc' dir='ltr'><strong>Σ.,</strong></span> <span class='ocrx_word' id='word_1_365' title='bbox 2382 3884 2471 3945; x_wconf 87' lang='grc' dir='ltr'><strong>Θ.,</strong></span> <span class='ocrx_word' id='word_1_366' title='bbox 2505 3880 2866 3951; x_wconf 78' lang='grc' dir='ltr'><strong>ευΛογημένη.</strong></span> <span class='ocrx_word' id='word_1_367' title='bbox 2901 3881 3151 3937; x_wconf 72' lang='lat' dir='ltr'><strong>Drusrus.</strong></span> 
     </span>
    </p>
   </div>
   <div class='ocr_carea' id='block_1_92' title="bbox 1911 3950 3136 4021">
    <p class='ocr_par' dir='ltr' id='par_1_92' title="bbox 1911 3950 3136 4021">
     <span class='ocr_line' id='line_1_94' title="bbox 1911 3950 3136 4021; baseline 0.002 -17"><span class='ocrx_word' id='word_1_368' title='bbox 1911 3952 1972 4005; x_wconf 88' lang='lat' dir='ltr'><strong>V.</strong></span> <span class='ocrx_word' id='word_1_369' title='bbox 2006 3953 2092 4007; x_wconf 85' lang='lat' dir='ltr'><strong>I9.</strong></span> <span class='ocrx_word' id='word_1_370' title='bbox 2122 3952 2204 4015; x_wconf 83' lang='lat'><strong>2.,</strong></span> <span class='ocrx_word' id='word_1_371' title='bbox 2236 3951 2323 4013; x_wconf 89' lang='grc' dir='ltr'><strong>Θ.,</strong></span> <span class='ocrx_word' id='word_1_372' title='bbox 2353 3953 2447 4021; x_wconf 81' lang='grc' dir='ltr'>καὶ</span> <span class='ocrx_word' id='word_1_373' title='bbox 2475 3951 2671 4020; x_wconf 72' lang='grc' dir='ltr'>ἔλαφος</span> <span class='ocrx_word' id='word_1_374' title='bbox 2695 3950 2933 4021; x_wconf 83' lang='grc' dir='ltr'>χάριτος.</span> <span class='ocrx_word' id='word_1_375' title='bbox 2967 3951 3136 4006; x_wconf 84' lang='lat' dir='ltr'><strong>Idem.</strong></span> 
     </span>
    </p>
   </div>
   <div class='ocr_carea' id='block_1_93' title="bbox 1907 4020 2717 4082">
    <p class='ocr_par' dir='ltr' id='par_1_93' title="bbox 1907 4020 2717 4082">
     <span class='ocr_line' id='line_1_95' title="bbox 1907 4020 2717 4082; baseline -0.004 -7"><span class='ocrx_word' id='word_1_376' title='bbox 1907 4022 2043 4076; x_wconf 84' lang='lat' dir='ltr'><strong>Ibid.</strong></span> <span class='ocrx_word' id='word_1_377' title='bbox 2087 4026 2180 4082; x_wconf 85' lang='lat' dir='ltr'><strong>A.,</strong></span> <span class='ocrx_word' id='word_1_378' title='bbox 2210 4020 2383 4073; x_wconf 76' lang='grc' dir='ltr'>τιτθοὶ</span> <span class='ocrx_word' id='word_1_379' title='bbox 2414 4028 2521 4074; x_wconf 61' lang='lat' dir='ltr'><strong>etc.</strong></span> <span class='ocrx_word' id='word_1_380' title='bbox 2549 4021 2717 4075; x_wconf 92' lang='lat' dir='ltr'><strong>Idem.</strong></span> 
     </span>
    </p>
   </div>
   <div class='ocr_carea' id='block_1_94' title="bbox 1906 4088 3017 4154">
    <p class='ocr_par' dir='ltr' id='par_1_94' title="bbox 1906 4088 3017 4154">
     <span class='ocr_line' id='line_1_96' title="bbox 1906 4088 3017 4154; baseline 0.001 -11"><span class='ocrx_word' id='word_1_381' title='bbox 1906 4090 1973 4144; x_wconf 82' lang='lat' dir='ltr'><strong>V.</strong></span> <span class='ocrx_word' id='word_1_382' title='bbox 2001 4093 2090 4145; x_wconf 89' lang='grc'><strong>21.</strong></span> <span class='ocrx_word' id='word_1_383' title='bbox 2125 4092 2209 4154; x_wconf 90' lang='lat'><strong>2.,</strong></span> <span class='ocrx_word' id='word_1_384' title='bbox 2241 4091 2329 4154; x_wconf 88' lang='grc' dir='ltr'><strong>Θ.,</strong></span> <span class='ocrx_word' id='word_1_385' title='bbox 2363 4089 2667 4144; x_wconf 84' lang='grc' dir='ltr'>κατέναντι.</span> <span class='ocrx_word' id='word_1_386' title='bbox 2705 4088 2870 4144; x_wconf 82' lang='lat' dir='ltr'><strong>Idem.</strong></span> <span class='ocrx_word' id='word_1_387' title='bbox 3015 4131 3017 4133; x_wconf 60' lang='grc' dir='ltr'><strong>ι</strong></span> 
     </span>
    </p>
   </div>
   <div class='ocr_carea' id='block_1_95' title="bbox 1907 4159 3227 4230">
    <p class='ocr_par' dir='ltr' id='par_1_95' title="bbox 1907 4159 3227 4230">
     <span class='ocr_line' id='line_1_97' title="bbox 1907 4159 3227 4230; baseline 0.002 -16"><span class='ocrx_word' id='word_1_388' title='bbox 1907 4159 2042 4230; x_wconf 81' lang='lat' dir='ltr'><strong>Ibid.</strong></span> <span class='ocrx_word' id='word_1_389' title='bbox 2085 4162 2189 4221; x_wconf 83' lang='lat' dir='ltr'><strong>’A.,</strong></span> <span class='ocrx_word' id='word_1_390' title='bbox 2218 4159 2466 4230; x_wconf 75' lang='grc' dir='ltr'>καμπᾲς.</span> <span class='ocrx_word' id='word_1_391' title='bbox 2497 4161 2581 4230; x_wconf 68' lang='lat'><strong>2..</strong></span> <span class='ocrx_word' id='word_1_392' title='bbox 2615 4160 3027 4230; x_wconf 81' lang='grc' dir='ltr'>ὲπικυλισμούς.</span> <span class='ocrx_word' id='word_1_393' title='bbox 3058 4160 3227 4217; x_wconf 85' lang='lat' dir='ltr'><strong>Idem.</strong></span> 
     </span>
    </p>
   </div>
   <div class='ocr_carea' id='block_1_96' title="bbox 1911 4228 2944 4299">
    <p class='ocr_par' dir='ltr' id='par_1_96' title="bbox 1911 4228 2944 4299">
     <span class='ocr_line' id='line_1_98' title="bbox 1911 4228 2944 4299; baseline 0.002 -18"><span class='ocrx_word' id='word_1_394' title='bbox 1911 4228 1974 4282; x_wconf 84' lang='lat' dir='ltr'><strong>V.</strong></span> <span class='ocrx_word' id='word_1_395' title='bbox 2004 4231 2094 4284; x_wconf 85' lang='lat'><strong>22.</strong></span> <span class='ocrx_word' id='word_1_396' title='bbox 2139 4228 2358 4299; x_wconf 73' lang='lat' dir='ltr'><strong>’A.,2.,</strong></span> <span class='ocrx_word' id='word_1_397' title='bbox 2383 4228 2468 4291; x_wconf 85' lang='grc' dir='ltr'><strong>Θ.,</strong></span> <span class='ocrx_word' id='word_1_398' title='bbox 2497 4228 2739 4299; x_wconf 75' lang='grc' dir='ltr'>ᾁνομίαι.</span> <span class='ocrx_word' id='word_1_399' title='bbox 2776 4228 2944 4285; x_wconf 85' lang='lat' dir='ltr'><strong>Idem.</strong></span> 
     </span>
    </p>
   </div>
   <div class='ocr_carea' id='block_1_97' title="bbox 1912 4297 3062 4361">
    <p class='ocr_par' dir='ltr' id='par_1_97' title="bbox 1912 4297 3062 4361">
     <span class='ocr_line' id='line_1_99' title="bbox 1912 4297 3062 4361; baseline 0.003 -9"><span class='ocrx_word' id='word_1_400' title='bbox 1912 4299 1977 4352; x_wconf 82' lang='lat' dir='ltr'><strong>V.</strong></span> <span class='ocrx_word' id='word_1_401' title='bbox 2009 4301 2098 4353; x_wconf 84' lang='grc'><strong>25.</strong></span> <span class='ocrx_word' id='word_1_402' title='bbox 2132 4300 2215 4361; x_wconf 90' lang='lat'><strong>2.,</strong></span> <span class='ocrx_word' id='word_1_403' title='bbox 2247 4298 2334 4350; x_wconf 81' lang='grc' dir='ltr'>διὰ</span> <span class='ocrx_word' id='word_1_404' title='bbox 2370 4297 2727 4351; x_wconf 81' lang='grc' dir='ltr'>ἀπαιδευσίαν</span> <span class='ocrx_word' id='word_1_405' title='bbox 2755 4308 2861 4353; x_wconf 89' lang='lat' dir='ltr'><strong>etc.</strong></span> <span class='ocrx_word' id='word_1_406' title='bbox 2898 4299 3062 4355; x_wconf 89' lang='lat' dir='ltr'><strong>Idem.</strong></span> 
     </span>
    </p>
   </div>
   <div class='ocr_carea' id='block_1_98' title="bbox 1909 4367 2842 4449">
    <p class='ocr_par' dir='ltr' id='par_1_98' title="bbox 1909 4367 2842 4449">
     <span class='ocr_line' id='line_1_100' title="bbox 1909 4367 2842 4449; baseline 0 0"><span class='ocrx_word' id='word_1_407' title='bbox 1909 4369 2042 4449; x_wconf 58' lang='lat' dir='ltr'><strong>Md.-</strong></span> <span class='ocrx_word' id='word_1_408' title='bbox 2078 4371 2162 4449; x_wconf 74' lang='grc' dir='ltr'><strong>ἓον</strong></span> <span class='ocrx_word' id='word_1_409' title='bbox 2189 4367 2499 4449; x_wconf 48' lang='lat' dir='ltr'><strong>aeracius</strong></span> <span class='ocrx_word' id='word_1_410' title='bbox 2531 4376 2635 4449; x_wconf 61' lang='grc' dir='ltr'>εξε-</span> <span class='ocrx_word' id='word_1_411' title='bbox 2669 4367 2842 4449; x_wconf 58' lang='lat'><strong>.1119!&quot;-</strong></span> 
     </span>
    </p>
   </div>
   <div class='ocr_carea' id='block_1_99' title="bbox 1909 4438 2490 4507">
    <p class='ocr_par' dir='ltr' id='par_1_99' title="bbox 1909 4438 2490 4507">
     <span class='ocr_line' id='line_1_101' title="bbox 1909 4438 2490 4507; baseline -0.002 -17"><span class='ocrx_word' id='word_1_412' title='bbox 1909 4438 2044 4492; x_wconf 89' lang='lat' dir='ltr'><strong>Ibid.</strong></span> <span class='ocrx_word' id='word_1_413' title='bbox 2079 4440 2161 4500; x_wconf 89' lang='lat'><strong>2.,</strong></span> <span class='ocrx_word' id='word_1_414' title='bbox 2192 4438 2278 4497; x_wconf 82' lang='grc' dir='ltr'><strong>Θ.,</strong></span> <span class='ocrx_word' id='word_1_415' title='bbox 2317 4439 2375 4488; x_wconf 86' lang='grc' dir='ltr'>ὲν</span> <span class='ocrx_word' id='word_1_416' title='bbox 2411 4438 2490 4507; x_wconf 77' lang='grc' dir='ltr'>τῷ</span> 
     </span>
    </p>
   </div>
   <div class='ocr_carea' id='block_1_100' title="bbox 2568 4437 3436 4509">
    <p class='ocr_par' dir='ltr' id='par_1_100' title="bbox 2568 4437 3436 4509">
     <span class='ocr_line' id='line_1_102' title="bbox 2568 4437 3436 4509; baseline 0.006 -20"><span class='ocrx_word' id='word_1_417' title='bbox 2568 4437 2602 4507; x_wconf 78' lang='grc' dir='ltr'><strong>ἡ</strong></span> <span class='ocrx_word' id='word_1_418' title='bbox 2634 4437 2832 4490; x_wconf 81' lang='grc' dir='ltr'>εἰδέναι</span> <span class='ocrx_word' id='word_1_419' title='bbox 2865 4438 3135 4494; x_wconf 88' lang='grc' dir='ltr'>παιδείαν.</span> <span class='ocrx_word' id='word_1_420' title='bbox 3163 4439 3256 4496; x_wconf 81' lang='lat' dir='ltr'><strong>Sic</strong></span> <span class='ocrx_word' id='word_1_421' title='bbox 3294 4440 3436 4509; x_wconf 41' lang='lat' dir='ltr'><strong>quit</strong></span> 
     </span>
    </p>
   </div>
   <div class='ocr_carea' id='block_1_101' title="bbox 125 4506 3414 4575">
    <p class='ocr_par' dir='ltr' id='par_1_101' title="bbox 125 4506 3414 4575">
     <span class='ocr_line' id='line_1_103' title="bbox 125 4506 3414 4575; baseline -0.001 -12"><span class='ocrx_word' id='word_1_422' title='bbox 125 4509 366 4565; x_wconf 66' lang='lat' dir='ltr'><strong>Hebraeo</strong></span> <span class='ocrx_word' id='word_1_423' title='bbox 392 4506 414 4575; x_wconf 69' lang='grc' dir='ltr'><em>ζ</em></span> <span class='ocrx_word' id='word_1_424' title='bbox 445 4510 512 4564; x_wconf 88' lang='lat' dir='ltr'><strong>ad</strong></span> <span class='ocrx_word' id='word_1_425' title='bbox 543 4509 871 4563; x_wconf 88' lang='lat' dir='ltr'><strong>concinnam</strong></span> <span class='ocrx_word' id='word_1_426' title='bbox 909 4507 1235 4563; x_wconf 69' lang='lat' dir='ltr'><strong>cﬂ‘ercndam</strong></span> <span class='ocrx_word' id='word_1_427' title='bbox 1284 4507 1610 4561; x_wconf 84' lang='lat' dir='ltr'><strong>sentenliam</strong></span> <span class='ocrx_word' id='word_1_428' title='bbox 1655 4506 1728 4559; x_wconf 87' lang='lat' dir='ltr'><strong>ita</strong></span> <span class='ocrx_word' id='word_1_429' title='bbox 1837 4508 1964 4562; x_wconf 88' lang='lat' dir='ltr'><strong>dam</strong></span> <span class='ocrx_word' id='word_1_430' title='bbox 1999 4523 2129 4562; x_wconf 87' lang='lat' dir='ltr'><strong>mss.</strong></span> <span class='ocrx_word' id='word_1_431' title='bbox 2161 4507 2254 4560; x_wconf 89' lang='lat' dir='ltr'><strong>sed</strong></span> <span class='ocrx_word' id='word_1_432' title='bbox 2291 4507 2406 4561; x_wconf 56' lang='lat' dir='ltr'><strong>haec</strong></span> <span class='ocrx_word' id='word_1_433' title='bbox 2448 4506 2706 4562; x_wconf 61' lang='lat' dir='ltr'><strong>Videntur</strong></span> <span class='ocrx_word' id='word_1_434' title='bbox 2751 4523 2875 4564; x_wconf 87' lang='lat' dir='ltr'><strong>esse</strong></span> <span class='ocrx_word' id='word_1_435' title='bbox 2921 4509 3192 4566; x_wconf 85' lang='lat' dir='ltr'><strong>scholion.</strong></span> <span class='ocrx_word' id='word_1_436' title='bbox 3243 4506 3414 4566; x_wconf 71' lang='lat' dir='ltr'><strong>Idem.</strong></span> 
     </span>
    </p>
   </div>
   <div class='ocr_carea' id='block_1_102' title="bbox 207 4599 3376 4678">
    <p class='ocr_par' dir='ltr' id='par_1_102' title="bbox 207 4599 3376 4678">
     <span class='ocr_line' id='line_1_104' title="bbox 207 4599 3376 4678; baseline -0.003 -18"><span class='ocrx_word' id='word_1_437' title='bbox 207 4608 274 4678; x_wconf 86' lang='lat'><strong>(&#39;)</strong></span> <span class='ocrx_word' id='word_1_438' title='bbox 313 4606 387 4662; x_wconf 92' lang='lat' dir='ltr'><strong>De</strong></span> <span class='ocrx_word' id='word_1_439' title='bbox 412 4609 516 4662; x_wconf 89' lang='lat' dir='ltr'><strong>hoc</strong></span> <span class='ocrx_word' id='word_1_440' title='bbox 545 4605 796 4660; x_wconf 87' lang='lat' dir='ltr'><strong>absolute</strong></span> <span class='ocrx_word' id='word_1_441' title='bbox 827 4603 947 4658; x_wconf 88' lang='lat' dir='ltr'><strong>silet</strong></span> <span class='ocrx_word' id='word_1_442' title='bbox 975 4602 1223 4658; x_wconf 88' lang='lat' dir='ltr'><strong>Drusius.</strong></span> <span class='ocrx_word' id='word_1_443' title='bbox 1261 4599 1508 4654; x_wconf 87' lang='lat' dir='ltr'><strong>Nobilius</strong></span> <span class='ocrx_word' id='word_1_444' title='bbox 1534 4616 1666 4655; x_wconf 86' lang='lat' dir='ltr'><strong>vero</strong></span> <span class='ocrx_word' id='word_1_445' title='bbox 1695 4600 2220 4671; x_wconf 80' lang='lat' dir='ltr'><strong>tanquamscholion</strong></span> <span class='ocrx_word' id='word_1_446' title='bbox 2257 4600 2454 4655; x_wconf 80' lang='lat' dir='ltr'><strong>adfert.</strong></span> <span class='ocrx_word' id='word_1_447' title='bbox 2499 4599 2710 4656; x_wconf 70' lang='lat' dir='ltr'><strong>Dmcn.</strong></span> <span class='ocrx_word' id='word_1_448' title='bbox 3255 4649 3258 4652; x_wconf 82' lang='lat'><strong>.</strong></span> <span class='ocrx_word' id='word_1_449' title='bbox 3373 4609 3376 4612; x_wconf 76' lang='lat'><strong>‘</strong></span> 
     </span>
    </p>
   </div>
   <div class='ocr_carea' id='block_1_103' title="bbox 1220 4763 2331 4827">
    <p class='ocr_par' dir='ltr' id='par_1_103' title="bbox 1220 4763 2331 4827">
     <span class='ocr_line' id='line_1_105' title="bbox 1220 4763 2331 4827; baseline 0.002 -3"><span class='ocrx_word' id='word_1_450' title='bbox 1220 4763 1876 4827; x_wconf 78' lang='lat' dir='ltr'><strong>PROVERBIORUM</strong></span> <span class='ocrx_word' id='word_1_451' title='bbox 1921 4765 2179 4826; x_wconf 84' lang='lat' dir='ltr'><strong>CAPUT</strong></span> <span class='ocrx_word' id='word_1_452' title='bbox 2228 4766 2331 4826; x_wconf 90' lang='lat' dir='ltr'><strong>VI.</strong></span> 
     </span>
    </p>
   </div>
   <div class='ocr_carea' id='block_1_104' title="bbox 457 4867 1822 4924">
    <p class='ocr_par' dir='ltr' id='par_1_104' title="bbox 457 4867 1822 4924">
     <span class='ocr_line' id='line_1_106' title="bbox 457 4867 1822 4924; baseline -0.003 -2"><span class='ocrx_word' id='word_1_453' title='bbox 457 4869 864 4924; x_wconf 77' lang='grc' dir='ltr'><strong>ΣΥΜΜΑΧΟΣ.</strong></span> <span class='ocrx_word' id='word_1_454' title='bbox 1748 4867 1822 4919; x_wconf 90' lang='lat'><strong>0&#39;.</strong></span> 
     </span>
    </p>
   </div>
   <div class='ocr_carea' id='block_1_105' title="bbox 1336 5028 1711 5096">
    <p class='ocr_par' dir='ltr' id='par_1_105' title="bbox 1336 5028 1711 5096">
     <span class='ocr_line' id='line_1_107' title="bbox 1336 5028 1711 5096; baseline 0.003 -14"><span class='ocrx_word' id='word_1_455' title='bbox 1336 5031 1384 5087; x_wconf 90' lang='lat' dir='ltr'><strong>I.</strong></span> <span class='ocrx_word' id='word_1_456' title='bbox 1421 5029 1518 5081; x_wconf 84' lang='grc' dir='ltr'>Σὺν</span> <span class='ocrx_word' id='word_1_457' title='bbox 1541 5028 1711 5096; x_wconf 79' lang='grc' dir='ltr'>φίλον.</span> 
     </span>
    </p>
   </div>
   <div class='ocr_carea' id='block_1_106' title="bbox 1330 5117 2306 5191">
    <p class='ocr_par' dir='ltr' id='par_1_106' title="bbox 1330 5117 2306 5191">
     <span class='ocr_line' id='line_1_108' title="bbox 1330 5117 2306 5191; baseline 0.002 -19"><span class='ocrx_word' id='word_1_458' title='bbox 1330 5118 1678 5191; x_wconf 76' lang='grc' dir='ltr'>Παραδῴσεις</span> <span class='ocrx_word' id='word_1_459' title='bbox 1713 5117 1831 5191; x_wconf 38' lang='grc' dir='ltr'>-σὴν</span> <span class='ocrx_word' id='word_1_460' title='bbox 1871 5121 2042 5191; x_wconf 61' lang='grc' dir='ltr'>χεῖρα</span> <span class='ocrx_word' id='word_1_461' title='bbox 2106 5119 2306 5191; x_wconf 83' lang='grc' dir='ltr'><strong>ὲχορῷ.</strong></span> 
     </span>
    </p>
   </div>
   <div class='ocr_carea' id='block_1_107' title="bbox 1263 5189 2312 5259">
    <p class='ocr_par' dir='ltr' id='par_1_107' title="bbox 1263 5189 2312 5259">
     <span class='ocr_line' id='line_1_109' title="bbox 1263 5189 2312 5259; baseline 0.001 -18"><span class='ocrx_word' id='word_1_462' title='bbox 1263 5192 1503 5254; x_wconf 74' lang='grc' dir='ltr'><strong>Ἄλλος,</strong></span> <span class='ocrx_word' id='word_1_463' title='bbox 1537 5189 1802 5258; x_wconf 83' lang='grc' dir='ltr'><strong>ὲνέπηξας</strong></span> <span class='ocrx_word' id='word_1_464' title='bbox 1834 5190 1912 5250; x_wconf 79' lang='grc' dir='ltr'><strong>εἰς</strong></span> <span class='ocrx_word' id='word_1_465' title='bbox 1946 5189 2135 5242; x_wconf 79' lang='grc' dir='ltr'>ἆλυσιν</span> <span class='ocrx_word' id='word_1_466' title='bbox 2152 5189 2312 5259; x_wconf 74' lang='grc' dir='ltr'><strong>χεῖρά</strong></span> 
     </span>
    </p>
   </div>
   <div class='ocr_carea' id='block_1_108' title="bbox 1257 5276 1372 5312">
    <p class='ocr_par' dir='ltr' id='par_1_108' title="bbox 1257 5276 1372 5312">
     <span class='ocr_line' id='line_1_110' title="bbox 1257 5276 1372 5312; baseline 0.009 -1"><span class='ocrx_word' id='word_1_467' title='bbox 1257 5276 1372 5312; x_wconf 85' lang='grc' dir='ltr'>σου.</span> 
     </span>
    </p>
   </div>
   <div class='ocr_carea' id='block_1_109' title="bbox 202 5035 670 5103">
    <p class='ocr_par' dir='ltr' id='par_1_109' title="bbox 202 5035 670 5103">
     <span class='ocr_line' id='line_1_111' title="bbox 202 5035 670 5103; baseline -0.004 -15"><span class='ocrx_word' id='word_1_468' title='bbox 202 5039 255 5090; x_wconf 90' lang='grc'><strong>1.</strong></span> <span class='ocrx_word' id='word_1_469' title='bbox 293 5036 395 5089; x_wconf 70' lang='grc' dir='ltr'>Σὺν</span> <span class='ocrx_word' id='word_1_470' title='bbox 422 5035 670 5103; x_wconf 84' lang='grc' dir='ltr'>πλησίον.</span> 
     </span>
    </p>
   </div>
   <div class='ocr_carea' id='block_1_110' title="bbox 1435 5332 2125 5407">
    <p class='ocr_par' dir='ltr' id='par_1_110' title="bbox 1435 5332 2125 5407">
     <span class='ocr_line' id='line_1_112' title="bbox 1435 5332 2125 5407; baseline -0.004 0"><span class='ocrx_word' id='word_1_471' title='bbox 1435 5353 1578 5407; x_wconf 83' lang='lat' dir='ltr'><strong>Lxx</strong></span> <span class='ocrx_word' id='word_1_472' title='bbox 1622 5332 2125 5406; x_wconf 82' lang='lat' dir='ltr'><strong>INTERPRETES.</strong></span> 
     </span>
    </p>
   </div>
   <div class='ocr_carea' id='block_1_111' title="bbox 1331 5442 1878 5498">
    <p class='ocr_par' dir='ltr' id='par_1_111' title="bbox 1331 5442 1878 5498">
     <span class='ocr_line' id='line_1_113' title="bbox 1331 5442 1878 5498; baseline -0.002 -4"><span class='ocrx_word' id='word_1_473' title='bbox 1331 5443 1384 5498; x_wconf 88' lang='grc'><strong>1.</strong></span> <span class='ocrx_word' id='word_1_474' title='bbox 1415 5442 1667 5497; x_wconf 84' lang='lat' dir='ltr'><strong>Amicum</strong></span> <span class='ocrx_word' id='word_1_475' title='bbox 1702 5450 1878 5496; x_wconf 92' lang='lat' dir='ltr'><strong>tuum.</strong></span> 
     </span>
    </p>
   </div>
   <div class='ocr_carea' id='block_1_112' title="bbox 1329 5533 2301 5590">
    <p class='ocr_par' dir='ltr' id='par_1_112' title="bbox 1329 5533 2301 5590">
     <span class='ocr_line' id='line_1_114' title="bbox 1329 5533 2301 5590; baseline -0.001 -3"><span class='ocrx_word' id='word_1_476' title='bbox 1329 5534 1536 5590; x_wconf 87' lang='lat' dir='ltr'><strong>Trades</strong></span> <span class='ocrx_word' id='word_1_477' title='bbox 1569 5549 1794 5588; x_wconf 89' lang='lat' dir='ltr'><strong>manum</strong></span> <span class='ocrx_word' id='word_1_478' title='bbox 1853 5542 2001 5588; x_wconf 91' lang='lat' dir='ltr'><strong>tuam</strong></span> <span class='ocrx_word' id='word_1_479' title='bbox 2058 5533 2301 5588; x_wconf 85' lang='lat' dir='ltr'><strong>inimico.</strong></span> 
     </span>
    </p>
   </div>
   <div class='ocr_carea' id='block_1_113' title="bbox 434 5355 887 5413">
    <p class='ocr_par' dir='ltr' id='par_1_113' title="bbox 434 5355 887 5413">
     <span class='ocr_line' id='line_1_115' title="bbox 434 5355 887 5413; baseline -0.007 0"><span class='ocrx_word' id='word_1_480' title='bbox 434 5355 887 5413; x_wconf 76' lang='lat' dir='ltr'><strong>SYMMACHUS.</strong></span> 
     </span>
    </p>
   </div>
   <div class='ocr_carea' id='block_1_114' title="bbox 192 5450 821 5510">
    <p class='ocr_par' dir='ltr' id='par_1_114' title="bbox 192 5450 821 5510">
     <span class='ocr_line' id='line_1_116' title="bbox 192 5450 821 5510; baseline -0.013 -1"><span class='ocrx_word' id='word_1_481' title='bbox 192 5455 246 5509; x_wconf 88' lang='grc'><strong>1.</strong></span> <span class='ocrx_word' id='word_1_482' title='bbox 278 5450 601 5510; x_wconf 76' lang='lat' dir='ltr'><strong>Proximum</strong></span> <span class='ocrx_word' id='word_1_483' title='bbox 645 5457 821 5504; x_wconf 91' lang='lat' dir='ltr'><strong>tuum.</strong></span> 
     </span>
    </p>
   </div>
   <div class='ocr_carea' id='block_1_115' title="bbox 1255 5605 2302 5668">
    <p class='ocr_par' dir='ltr' id='par_1_115' title="bbox 1255 5605 2302 5668">
     <span class='ocr_line' id='line_1_117' title="bbox 1255 5605 2302 5668; baseline 0.001 -11"><span class='ocrx_word' id='word_1_484' title='bbox 1255 5605 1432 5668; x_wconf 78' lang='lat' dir='ltr'><strong>Alius,</strong></span> <span class='ocrx_word' id='word_1_485' title='bbox 1463 5605 1688 5660; x_wconf 83' lang='lat' dir='ltr'><strong>inlixisti</strong></span> <span class='ocrx_word' id='word_1_486' title='bbox 1716 5605 1769 5657; x_wconf 95' lang='lat' dir='ltr'><strong>in</strong></span> <span class='ocrx_word' id='word_1_487' title='bbox 1801 5613 2047 5659; x_wconf 86' lang='lat' dir='ltr'><strong>catenam</strong></span> <span class='ocrx_word' id='word_1_488' title='bbox 2079 5619 2302 5658; x_wconf 90' lang='lat' dir='ltr'><strong>manum</strong></span> 
     </span>
    </p>
   </div>
   <div class='ocr_carea' id='block_1_116' title="bbox 1252 5683 1424 5729">
    <p class='ocr_par' dir='ltr' id='par_1_116' title="bbox 1252 5683 1424 5729">
     <span class='ocr_line' id='line_1_118' title="bbox 1252 5683 1424 5729; baseline -0.006 0"><span class='ocrx_word' id='word_1_489' title='bbox 1252 5683 1424 5729; x_wconf 87' lang='lat' dir='ltr'><strong>tuam.</strong></span> 
     </span>
    </p>
   </div>
   <div class='ocr_carea' id='block_1_117' title="bbox 2583 4831 3092 4920">
    <p class='ocr_par' dir='ltr' id='par_1_117' title="bbox 2583 4831 3092 4920">
     <span class='ocr_line' id='line_1_119' title="bbox 2583 4831 3092 4920; baseline 0.004 -3"><span class='ocrx_word' id='word_1_490' title='bbox 2583 4831 2596 4836; x_wconf 69' lang='grc'><strong>’</strong></span> <span class='ocrx_word' id='word_1_491' title='bbox 2694 4865 3092 4920; x_wconf 76' lang='grc' dir='ltr'><strong>θΕοΑοΤιοΝ.</strong></span> 
     </span>
    </p>
   </div>
   <div class='ocr_carea' id='block_1_118' title="bbox 2455 5029 2920 5100">
    <p class='ocr_par' dir='ltr' id='par_1_118' title="bbox 2455 5029 2920 5100">
     <span class='ocr_line' id='line_1_120' title="bbox 2455 5029 2920 5100; baseline 0 -16"><span class='ocrx_word' id='word_1_492' title='bbox 2455 5031 2506 5084; x_wconf 93' lang='grc'><strong>1.</strong></span> <span class='ocrx_word' id='word_1_493' title='bbox 2539 5029 2638 5084; x_wconf 80' lang='grc' dir='ltr'><strong>Σὸν</strong></span> <span class='ocrx_word' id='word_1_494' title='bbox 2669 5030 2920 5100; x_wconf 83' lang='grc' dir='ltr'>πλησίον.</span> 
     </span>
    </p>
   </div>
   <div class='ocr_carea' id='block_1_119' title="bbox 2703 5347 3113 5406">
    <p class='ocr_par' dir='ltr' id='par_1_119' title="bbox 2703 5347 3113 5406">
     <span class='ocr_line' id='line_1_121' title="bbox 2703 5347 3113 5406; baseline -0.007 -1"><span class='ocrx_word' id='word_1_495' title='bbox 2703 5347 3113 5406; x_wconf 85' lang='lat' dir='ltr'><strong>&#39;I‘HEODOTIO.</strong></span> 
     </span>
    </p>
   </div>
   <div class='ocr_carea' id='block_1_120' title="bbox 2459 5443 3093 5500">
    <p class='ocr_par' dir='ltr' id='par_1_120' title="bbox 2459 5443 3093 5500">
     <span class='ocr_line' id='line_1_122' title="bbox 2459 5443 3093 5500; baseline -0.006 -2"><span class='ocrx_word' id='word_1_496' title='bbox 2459 5445 2504 5498; x_wconf 92' lang='lat' dir='ltr'><strong>I.</strong></span> <span class='ocrx_word' id='word_1_497' title='bbox 2540 5443 2854 5500; x_wconf 84' lang='lat' dir='ltr'><strong>Proximum</strong></span> <span class='ocrx_word' id='word_1_498' title='bbox 2888 5449 3064 5496; x_wconf 92' lang='lat' dir='ltr'><strong>tuum.</strong></span> <span class='ocrx_word' id='word_1_499' title='bbox 3087 5455 3093 5462; x_wconf 68' lang='lat'><strong>‘</strong></span> 
     </span>
    </p>
   </div>
  </div>
