3884 6216
269 241 419 300 1553
436 284 437 287 η

594 361 1000 419 ΣΥΜΜΑΧΟΣ.

336 517 392 571 8.
439 519 535 570 Ἐκ
563 518 799 589 θλίψεως
825 522 1088 595 ἐρῤύσθη.

338 606 393 684 9Σ
435 608 794 684 Ἠν-στόματι
847 614 1157 684 ὑποκριτῶν
1205 618 1319 670 δια-

269 676 480 748 φθείρει
503 678 597 732 τὸν
623 676 850 736 πλησίον
882 676 1067 737 αὐτοῦ.

348 928 434 980 10.

346 1087 364 1137 1
384 1086 431 1138 1.
476 1086 917 1156 Ἀγαλλιάσονται
952 1092 1157 1158 πόλεις.

340 1245 827 1318 Καθαιρεθήσεται.

344 1336 430 1389 12.
472 1338 783 1402 Ἐξουδενεῖ.

343 1428 429 1483 13.
463 1430 665 1494 Δόλιος.

340 1522 676 1593 Μυστήριον.

340 1613 540 1677 Πιστὸς
566 1614 623 1667 δὲ
655 1616 946 1688 πνεύματι.

341 1703 546 1756 Σκοπεῖ
576 1704 648 1775 (l.
680 1707 907 1781 σκέπει)
941 1709 1152 1779 λόγους.

346 1793 440 1847 14.

352 1952 442 2009 Ἐν
472 1956 808 2030 πολυϐούλῳ.

342 2049 429 2124 1_5.
483 2049 541 2104 Ὀ
571 2050 628 2104 δὲ
675 2051 850 2122 μισῶν
909 2053 1166 2124 ὲμπαγὰς
1221 2054 1319 2107 πέ·

264 2118 445 2172 ποιθε.

374 2207 429 2262 6.
452 2207 595 2280 Γυνὴ
620 2208 802 2280 ἀγαθὴ
828 2211 1108 2276 ἀνθέξεται
1141 2213 1318 2284 δόξης.

344 2526 431 2581 l7.
468 2526 765 2596 Εὑεργετεϊ
792 2528 968 2601 ψυχὴν
998 2530 1185 2586 αὐτοῦ.

346 2616 626 2689 Ταράσσει
664 2618 723 2672 δὲ
749 2619 933 2685 οἴκους
961 2621 1176 2676 ἑαυτοῦ.

341 2708 432 2765 19.
473 2710 585 2763 Καὶ
614 2711 970 2769 καταδιὼκων
994 2715 1212 2781 κακίαν,
1244 2720 1323 2779 είς

267 2780 502 2833 θάνατον
526 2781 743 2835 ἑαυτοῦ.

337 2869 412 2924 20
464 2856 936 2943 Στρεόλοκάρδιοι.

337 2961 565 3034 Θέλημα
594 2962 653 3016 δὲ
675 2963 864 3020 αὐτοῦ.

579 3073 962 3133 SYMMACHU
973 3076 1035 3131 S.

280 3242 285 3246 .
341 3192 399 3248 8.
441 3190 518 3248 De
545 3193 796 3264 angustia
823 3194 1089 3250 liberatus
1113 3203 1214 3249 cst.

336 3287 392 3342 9.
430 3284 489 3337 In
513 3300 610 3357 ore
641 3286 1052 3357 hypocritarum
1075 3303 1326 3344 corrum-

261 3355 340 3424 pit
378 3370 476 3425 pro
486 3354 694 3410 ximuni
718 3354 900 3412 Suum.

350 3604 445 3659 10.

351 3765 437 3819 11.
471 3763 839 3821 Exsultabunt
861 3765 1134 3822 civitates.

348 3920 657 3977 Evertetur.

351 4012 441 4065 12.
479 4011 737 4081 Despicit.

350 4102 441 4155 15.
471 4100 730 4158 Dolosus.

348 4192 693 4264 Mysterium.

348 4282 553 4339 Fidelis
582 4292 764 4339 autem
790 4284 1006 4356 spiritu.

352 4373 511 4444 Tegit
540 4375 727 4429 verba.

356 4467 446 4521 11.

354 4626 413 4679 In
445 4628 621 4682 multo
655 4628 906 4684 consilio.

356 4718 446 4773 15.
475 4718 580 4783 Qui
604 4733 787 4775 autem
821 4720 938 4775 odit
962 4721 1205 4792 laqueos,
1247 4738 1333 4780 se-

280 4803 454 4843 curus
480 4798 584 4844 est.

283 4872 449 4999 ﬁalis.
487 4872 681 4930 Mulier
727 4875 871 4930 bona
915 4876 1167 4931 retinebit
1219 4876 1334 4948 glo-

363 5196 453 5250 17.
484 5195 767 5252 Benefacit
797 5198 994 5252 animae
1023 5212 1157 5253 suae.

361 5284 573 5340 Turbat
602 5294 785 5341 autem
815 5286 1011 5342 domos
1046 5303 1195 5343 suas.

364 5380 457 5435 19.
517 5378 584 5432 Et
636 5381 729 5449 qui
774 5388 1015 5436 sectatur
1052 5381 1338 5446 malitiam,

285 5451 360 5506 ad
384 5459 615 5505 mortem
646 5465 824 5505 suam.

361 5543 454 5599 20.
486 5543 733 5599 Perversi
768 5543 952 5598 corde.

367 5631 636 5691 Voluntas
666 5639 849 5689 autem
881 5631 1023 5701 ejus.

1440 250 1989 309 PROVERBlOR‘UM
2024 253 2259 309 CAPUT
2293 254 2383 309 ΧΙ.

1896 367 1973 417 0'.

1464 524 1518 579 8.
1558 525 1655 577 Ἐκ
1676 523 1848 595 θήρας
1871 523 2104 576 ἐκδύνει.

1462 616 1516 670 9.
1564 617 1651 668 Ἐν
1675 617 1903 686 στόματι
1928 615 2142 669 ἀσεόῶν
2173 615 2338 681 παγὶς
2356 632 2445 666 πο-

1391 683 1584 746 λίταις.

1462 774 1725 844 Αἴσθησις
1751 776 1807 828 δὲ
1836 775 2059 827 δικαίων
2101 772 2300 836 εὔοδος.

1465 935 1553 989 10.
1590 934 1788 1004 Χ-Καὶ
1838 935 1897 986 ὲν
1942 932 2186 1004 ἀπωλείᾳ
2230 931 2445 986 ἀσεϐῶν

1395 1006 1462 1072 Ἀ(
1488 1002 1827 1073 ἀγαλλίαμα.

1465 1097 1557 1166 11.
1596 1099 1663 1163 >ε<
1704 1095 2043 1166 Ἐνῄεὺλογίᾳ
2071 1095 2277 1150 εὐθέων
2308 1095 2448 1165 ὑψω-

1395 1169 1461 1234 >ε<
1493 1165 1722 1237 θήσεται
1755 1164 1932 1230 πόλις.

1464 1261 1613 1313 Κατε
1620 1259 1806 1330 σκάφη
1818 1299 1831 1311 .

1468 1349 1552 1402 12.
1588 1349 1953 1419 Μυκτηρίζει.

1467 1439 1554 1492 13.
1592 1437 1924 1505 Δίγλωσσος.

1469 1529 1698 1592 Βουλάς.

1466 1620 1664 1684 Πιστὸς
1686 1620 1743 1674 δὲ
1781 1623 1942 1691 πνοῇ.

1467 1711 1714 1782 Κρύπτει
1749 1712 2071 1782 πράγματα.

1467 1799 1554 1853 14.
1588 1794 1684 1863 Οἷς
1723 1800 1798 1871 μὴ
1827 1801 2061 1872 ὑπάρχει
2094 1801 2441 1872 κυϐέρνησις,

1397 1871 1709 1925 πίπτουσιν.

1479 1959 1569 2013 Ἐν
1600 1959 1768 2030 πολλῇ
1798 1959 1984 2031 βουλῇ.

1468 2048 1555 2103 15.
1596 2052 1763 2103 Μισεῖ
1787 2050 1844 2103 δὲ
1874 2046 2008 2122 ἦχον
2041 2049 2367 2121 ἀσφαλείας.

1466 2210 1728 2283 16.-Γυνὴ
1764 2211 2089 2282 εὐχάριστος
2114 2212 2317 2283 ἐγείρει
2349 2214 2445 2265 ἀν-

1393 2280 1480 2354 δρὶ
1506 2281 1681 2345 δόξαν.

1464 2370 1529 2424 Οἱ
1555 2370 1611 2424 δὲ
1630 2370 1863 2441 ἀνδρεῖοι
1883 2370 2183 2441 ὲρείδονται
2199 2371 2439 2442 πλούτῳ.

1465 2532 1552 2585 17.
1578 2531 1656 2601 Τῇ
1686 2531 1829 2602 ψυχῇ
1853 2529 2019 2584 αὑτοῦ
2048 2530 2251 2598 ἀγαθὸν
2276 2534 2435 2584 ποιεῖ.

1476 2621 1744 2687 Ἐξολλύει
1772 2622 1827 2674 δὲ
1849 2621 2013 2674 αὐτοῦ
2043 2621 2221 2691 σῶμα.

1467 2712 1555 2766 19.
1591 2712 1840 2783 Διωγμὸς
1871 2712 1928 2765 δὲ
1961 2711 2192 2775 ἀσεϐοῦς
2234 2713 2313 2775 είς
2349 2710 2442 2764 θά-

1396 2797 1422 2825 V
1429 2796 1553 2834 ατον
1562 2821 1574 2833 .

1462 2872 1550 2926 20.
1584 2871 2022 2941 Διεστραμμέναι
2046 2871 2176 2924 ὁδοί.

1464 2963 1789 3032 Πρόσδεκτοι
1814 2962 1870 3014 δὲ
1901 2961 2087 3015 αὑτοῦ.

1566 3074 1710 3128 LXX
1748 3072 2254 3128 INTERPRETES.

1470 3193 1523 3246 8.
1557 3192 1598 3245 E
1632 3201 1861 3261 captura
1894 3193 2029 3247 exit.

1434 3285 1521 3408 _l9.
1559 3283 1613 3337 ln
1645 3298 1739 3337 ore
1772 3284 2066 3353 impiorum
2099 3281 2329 3352 laqueus
2370 3281 2448 3335 ci-

1435 3370 1578 3408 nus.

1398 3370 1578 3409 Vilius.

1466 3440 1673 3497 Sensus
1690 3450 1871 3496 autem
1891 3440 2168 3510 iustorum
2192 3453 2449 3509 prospere

1399 3511 1715 3580 procedens.

1471 3599 1560 3654 10.
1589 3603 1655 3669 >ε<
1689 3599 1755 3653 Ει
1794 3601 1847 3654 in
1908 3600 2213 3669 perditione
2258 3597 2449 3666 impio-

1403 3671 1467 3737 ὶί(
1501 3686 1622 3724 rum
1659 3672 1973 3725 exsultatio.

1435 3761 1560 3817 ett.
1592 3763 1660 3830 >κ
1684 3762 1741 3816 In
1773 3762 2149 3818 benedictione
2172 3769 2445 3817 rectorum

1401 3833 1468 3897 κ(
1504 3830 1837 3887 exaltabitur
1867 3833 2078 3887 civitas.

1470 3921 1676 3977 Eversa
1701 3932 1808 3977 est.

1474 4011 1561 4068 1‘2.
1588 4012 1922 4068 Subsannat.

1473 4101 1559 4156 15.
1594 4101 1884 4173 Bilinguis.

1473 4193 1739 4249 Consilia.

1472 4282 1675 4339 Fidelis
1701 4289 1885 4338 autem
1916 4282 2131 4353 spiritu.

1476 4373 1771 4429 Abscondit
1796 4389 1902 4429 res.

1474 4463 1561 4517 14.
1594 4461 1804 4528 Quibus
1833 4480 1942 4519 non
1971 4472 2056 4520 est
2081 4463 2404 4534 gubernatio
2432 4501 2448 4529 ,

1403 4534 1626 4589 cadunt.

1476 4622 1531 4677 ln
1560 4624 1730 4679 multo
1762 4624 2021 4679 consilio.

1406 4794 1425 4840 ι
1463 4715 1564 4839 ῑ15.
1606 4713 1733 4770 Odit
1760 4724 1942 4771 autem
1993 4729 2188 4771 sonum
2238 4712 2448 4769 securi-

1428 4800 1458 4839 a
1486 4801 1552 4839 is.

1428 4800 1552 4839 aus.

1478 4877 1564 4948 16.
1589 4876 1782 4933 Mulier
1800 4878 2040 4948 gratiosa
2067 4875 2298 4933 suscitat
2332 4872 2453 4928 viro

1407 4947 1654 5017 gloriam.

1479 5036 1669 5093 Fortes
1691 5047 1871 5092 autem
1899 5036 2199 5092 iniciuntur
2223 5032 2449 5090 divitiis.

1484 5201 1570 5254 1'1.
1604 5197 1884 5255 Benefacit
1912 5197 2110 5252 animae
2141 5211 2273 5252 suae.

1484 5290 1671 5347 Perdit
1703 5297 1885 5344 autem
1913 5301 2112 5356 corpus
2149 5300 2331 5341 suum.

1489 5383 1572 5437 19.
1606 5379 1924 5436 Persecutio
1970 5388 2151 5434 autem
2185 5377 2336 5447 impii
2389 5377 2457 5433 ad

1414 5461 1663 5506 mortem.

1483 5542 1573 5596 20.
1616 5542 1889 5597 Perversa:
1916 5540 2038 5595 vim.

1484 5632 1704 5702 Accepti
1742 5645 1809 5687 au
1818 5640 1925 5688 tem
1956 5631 2033 5686 ci.

3409 249 3581 304 "£351
3616 314 3621 325 ι

2836 363 3236 416 θΕΟΔΟἸΊΩΝ.

2587 524 2639 575 8.
2695 523 2788 575 Ἐκ
2822 521 3050 591 θλίψεως
3081 519 3344 592 ὲρῤύσθη.

2587 615 2638 666 9.
2682 613 2770 665 Ἐν
2803 614 3032 682 στόματι
3086 610 3394 682 ὑποκριτῶν
3452 612 3566 664 δια-

2518 682 2725 753 φθείρει
2755 682 2843 734 τὸν
2869 680 3094 752 πλησίον
3120 680 3302 734 αὑτοῦ.

2594 928 2683 983 10.

2591 1090 2676 1144 11.
2704 1090 3209 1160 Εὑφρανθήσονται.

2590 1252 3087 1322 Καθαιρεθήσεται.

2592 1343 2680 1399 12.
2722 1343 3034 1407 Ἑξουδενεῖ.

2594 1439 2682 1493 15.

2590 1802 2676 1855 11.
2723 1802 2810 1855 Ἐν
2838 1800 3065 1872 ἀνοησίᾳ
3092 1802 3336 1854 πεσεῖται
3359 1801 3508 1864 λαός.

2599 1964 2687 2016 Ἐν
2720 1962 3069 2033 πολυϐούλῳ.“

2589 2055 2675 2126 1
2703 2054 2814 2106 Καὶ
2835 2055 3008 2126 μισῶν
3036 2052 3444 2123 παγιδευθῆναι,
3476 2067 3568 2103 περ

2517 2124 2781 2195 ποιθήσει.

2589 2214 2677 2267 16.

2555 2375 2693 2458 .K’ai
2762 2373 3141 2435 διακόπτοντες
3210 2371 3562 2443 ἐπιλήψονται

2515 2459 2743 2496 πλουτου
2753 2484 2764 2496 .

2586 2535 2673 2588 17.
2714 2537 2769 2587 ’A
2779 2534 3044 2605 μείϐεται.

2589 2711 2675 2765 19.
2714 2710 2818 2763 Καὶ
2844 2709 3198 2764 καταδιὼκων
3234 2710 3455 2776 κακίαν,
3487 2710 3566 2769 εἰς

2517 2780 2743 2834 θάνατον
2783 2778 2999 2832 ἑαυτοῦ.

2584 2871 2673 2925 20.
2709 2869 3177 2942 Στρεϐλοκάρδιοι.

2586 2962 2833 3016 Εὺδοκία.
2852 3010 2857 3014 .

2851 3071 3266 3128 ΤΙΙΕΟΒΟΤΙΟ.

2594 3191 2647 3245 8.
2685 3191 2756 3246 De
2783 3193 3036 3262 angustia
3067 3191 3329 3246 liberatus
3364 3197 3468 3242 est.

2586 3284 2639 3338 9.
2668 3283 2722 3337 In
2751 3299 2847 3338 ore
2877 3284 3281 3355 liypocritarum
3317 3295 3575 3338 corrum~

2522 3354 2600 3422 pit
2637 3354 2949 3423 proximum
2979 3369 3157 3409 suum.

2601 3600 2684 3654 10.

2596 3759 2681 3813 11.
2715 3757 3087 3812 Lmtabuntur.

2590 3918 2841 3972 Evertetu
2850 3931 2894 3969 r.
2926 3978 2929 3981 _

2590 4008 2677 4062 12.
2712 4006 2952 4079 Despicit

2596 4098 2685 4152 1'5.

2591 4456 2680 4579 τι.
2717 4455 2821 4511 Per
2853 4456 3223 4526 insipientiam
3266 4456 3424 4513 cadet
3462 4473 3577 4525 po-

2591 4542 2703 4579 ius.

2521 4542 2703 4596 putus.

2591 4617 2652 4671 In
2681 4618 2852 4672 multo
2885 4618 3139 4674 consilio.

2521 4777 2561 4834 ἀ
2591 4708 2681 4832 115.
2725 4706 2790 4761 Et
2811 4708 2904 4778 qui
2930 4708 3046 4763 odit
3068 4705 3368 4776 illaqueari,
3390 4704 3579 4761 contie-

2559 4794 2589 4833 e

2559 4794 2589 4833 e

2602 4869 2695 4924 16.

2553 5027 2665 5110 .Et
2692 5028 3063 5094 dirumpcntes
3110 5022 3379 5091 accipient
3428 5021 3589 5076 divis.

2529 5107 2652 5154 tias.

2598 5185 2685 5239 17.
2730 5183 3147 5239 Remuneratur.

2598 5371 2687 5426 19.
2717 5368 2785 5422 Et
2838 5368 2931 5438 qui
2982 5373 3221 5420 sectatur
3276 5361 3563 5422 malitiam,

2531 5441 2599 5496 ad
2638 5448 2868 5495 mortem
2901 5450 3077 5491 suam.

2600 5531 2692 5585 20.
2720 5527 2966 5585 Perversi
2997 5526 3180 5581 corde.

2601 5620 3030 5692 Beneplacitum.
3114 5651 3130 5663 ο
