3886 6220
154 283 292 337 1505
1116 318 1125 325 η
1314 276 1688 338 ECCLESIAS

1116 318 1125 325 .
1314 276 1814 338 ECCLESIASTIE
1855 282 2087 339 CAPUT
2129 283 2168 340 11

473 400 879 455 ΣΥΜΜΔΧΟΣ.
1739 409 1815 458 U'.

216 561 269 613 9.
302 561 414 613 Kal
444 558 664 629 μεγέθει
686 556 1036 628 ὑπερέϐαλον.

225 649 365 702 Ἀπὸ
394 648 702 720 ἔμπροσθεν
728 645 885 719 ἐμοῦ.

219 742 244 792 1
256 740 309 793 0.
360 738 765 810 Ἐπεούμησαν.

226 832 324 885 Ἐκ
364 832 545 902 πάσης
576 829 886 899 φιλοπονίας
930 847 1055 901 μου.

220 922 307 974 11.
340 922 453 975 Καὶ
490 921 583 975 τὸν
637 921 798 974 πόνον
850 920 912 975 ὃν
956 921 1198 992 ἐπόνησα

144 991 640 1062 διαπρασσὸμενος.

1339 558 1392 610 9.
1423 557 1530 610 Kal
1559 558 1945 630 ἐμεγαλύνθην.

1342 648 1479 701 Ἀπὸ
1501 649 1808 721 ἔμπροσθέν
1839 669 1940 722 μου

1343 740 1432 797 10.
1465 742 1733 813 ’ῌτησαν.

1341 831 1477 885 Ἀπὸ
1504 833 1706 897 παντὸς
1733 834 1935 905 μόχθου
1967 853 2089 904 μου.

1343 922 1430 995 11.
1464 922 1576 995 Kal
1600 924 1662 975 ἐν
1718 922 1902 993 μόχθῳ
2038 923 2317 995 ἐμόχθησα

1270 992 1365 1045 τοῦ
1389 994 1581 1045 ποιεῖν.

1340 1085 1675 1155 Ματαιότης,
1701 1084 1795 1137 καὶ
1818 1084 2136 1155 προαίρεσις
2152 1086 2319 1138 πνεύ-

1272 1171 1466 1224 ματος.

1343 1244 1431 1298 12.
1458 1244 1571 1298 Kal
1595 1245 1938 1317 παραφορὰν.

1344 1340 1467 1394 Ὅτι
1494 1339 1577 1403 τίς
1603 1339 1910 1404 ἄνθρωπος,
1940 1340 1999 1402 ὂς
2028 1338 2318 1393 ἐπελεύσε-

1271 1426 1360 1463 ται
1383 1409 1559 1463 ὀπίσω
1584 1410 1681 1480 τῆς
1712 1409 1908 1479 βουλῆς
1929 1428 1943 1473 ἱ

1344 1501 1431 1555 15.
1477 1500 1647 1570 ’Υπὲρ
1674 1500 1772 1571 τὴν
1806 1499 2138 1570 ἀφροσύνην.

1345 1591 1434 1646 15.
1460 1593 1571 1645 Καὶ
1611 1592 1748 1646 ίνατί
1785 1591 2125 1662 ὲσοφισάμην
2152 1591 2283 1662 ιγὼς

1345 1682 1432 1738 17.
1468 1686 1589 1738 Ὅτι
1620 1684 1855 1754 πονηρὸν
1882 1685 1969 1739 ἐπ’
1998 1685 2099 1754 ἐμὲ
2118 1685 2180 1739 τὺ
2206 1686 2319 1738 ποί-

1273 1771 1390 1825 ημα
1410 1755 1473 1807 τὸ
1501 1755 1889 1825 πεποιημένον.

1342 1847 1429 1902 19.
1466 1847 1577 1900 Kal
1600 1849 1649 1899 εί
1675 1846 2065 1913 ὲξουσιάζεται.

1337 1933 1723 2011 ᾯὲμόχθησα·

1340 2026 1432 2079 20.
1461 2026 1573 2080 Kal
1597 2026 1930 2097 ἐπέστρεψα.
2007 2075 2014 2082 .

1342 2119 1765 2205 immanem.
1825 2121 2052 2183 ’Ἄλλος
2071 2160 2085 2184 ,
2113 2120 2319 2172 ἀποκεισ-

1273 2207 1416 2258 μειν.

203 2280 305 2333 21.
338 2280 452 2332 Kal
471 2281 527 2331 ἐν
556 2280 865 2351 γοργότητι.
1340 2281 1431 2333 21.
1462 2281 1566 2333 Kal
1585 2282 1643 2332 ὲν
1673 2280 1911 2350 ἀνδρείᾳ.

211 2371 328 2424 Kal
362 2370 628 2434 κάκωσις.
1336 2373 1448 2425 Kal
1475 2373 1728 2443 πονηρία.

209 2462 308 2514 22.
340 2459 464 2513 Ὀτι
498 2460 608 2531 γὰρ
643 2461 1014 2531 περιγέγονεν.
1339 2462 1426 2515 22.
1468 2463 1589 2515 Ὅτι
1623 2464 1853 2531 γίνεται.

211 2553 309 2605 25.
1340 2556 1425 2608 25.
1468 2556 1820 2627 Ἀλγημὰτων
1860 2558 1954 2610 καὶ
1982 2555 2177 2626 θυμοῦ.

207 2646 307 2698 21.
352 2644 486 2697 Ἀπὸ
521 2643 691 2699 κόπου
724 2645 907 2698 αὐτοῦ.
1338 2646 1428 2699 24.
1462 2648 1552 2699 Ἐν
1588 2646 1770 2718 μόχθῳ
1795 2648 1979 2701 αὑτοῦ.

208 2736 307 2789 25:5.
352 2734 644 2790 Ἀναλώσει
1337 2736 1428 2791 25.
1472 2738 1567 2800 Τίς
1601 2738 1820 2803 πίεται;

207 2825 309 2883 26.
350 2827 635 2898 ’Δρέσαντι
668 2827 836 2895 αὐτῷ.
1313 2827 1428 2914 ’26;
1465 2828 1554 2898 Τῷ
1615 2829 1805 2899 ἀγαθῷ
1861 2831 1965 2900 πρὸ
2021 2829 2313 2902 προσώπου

300 2924 303 2925 ⁷
1262 2914 1453 2951 αυτου.
1511 2941 1514 2944 .

222 1245 309 1298 12.
353 1245 465 1299 Kal
492 1245 718 1316 πλάνην.

221 1498 310 1550 15.
356 1498 532 1569 Ὑπὲρ
559 1498 661 1569 τὴν
693 1498 951 1570 ἀμαθίαν.

219 1589 308 1644 15.
343 1590 455 1643 Kal
485 1592 565 1654 είς
584 1591 639 1643 τί
662 1607 752 1661 μοι
784 1592 817 1662 ἡ
845 1589 1007 1660 σοφία
1030 1606 1159 1661 μου;

217 1681 316 1753 17..
340 1680 528 1753 Κακρν
556 1681 667 1752 γάρ
700 1699 790 1752 μοι
816 1681 989 1753 ἐφάνη
1017 1682 1077 1735 τὸ
1107 1680 1198 1753 ἔρ-

143 1766 242 1819 γον
270 1750 334 1803 τὸ
362 1750 668 1822 γινόμενον.

216 1842 307 1896 19.
350 1841 466 1896 Kal
486 1841 787 1913 κυριεύσει.

211 1934 311 1998 Εἰς
341 1933 402 1988 ὃν
438 1933 779 2005 (ὲμόχθησα).

213 2026 308 2082 20.
333 2028 448 2080 Kal
479 2027 805 2098 περιήχθην.

216 2986 531 3057 ’Δσχολίαν.
1343 2989 1754 3058 Περισπασμόν.

430 3077 881 3134 SYMMACHUS.
1434 3081 1572 3136 LXX
1619 3083 2118 3139 INTERPIH‘ITES.

202 3173 271 3228 9.
311 3169 382 3226 Et
409 3171 784 3242 magnitudine
814 3171 1086 3241 soperavi.
1337 3171 1392 3227 9.
1426 3171 1492 3225 Et
1524 3174 1901 3244 magniﬁcatus
1925 3190 2068 3229 sum.

203 3264 297 3318 Ab
324 3270 455 3318 ante
482 3278 596 3319 me.
1337 3261 1420 3316 Ab
1451 3274 1578 3316 ante
1607 3279 1712 3317 me.

1343 3352 1430 3405 10.
1466 3351 1910 3410 Postulaverunt.

1344 3444 1424 3499 Ab
1444 3445 1593 3498 omni
1615 3445 1800 3499 labore
1824 3460 1961 3499 meo.
2036 3494 2046 3501 .

1330 3527 1428 3590 ’11.
1465 3534 1532 3590 Et
1558 3537 1613 3590 in
1643 3537 1847 3600 labore,
1881 3552 1994 3606 quo
2032 3536 2314 3592 laborave-

1268 3619 1385 3659 ram
1413 3606 1682 3660 faciendo.

1340 3694 1565 3750 Vanitas
1602 3704 1656 3750 et
1694 3695 2046 3765 praesumptio
2068 3693 2312 3765 spiritus.

1340 3785 1427 3839 12.
1453 3784 1521 3840 Et
1536 3800 1794 3840 errorem.

1339 3873 1609 3940 Quoniam
1636 3875 1761 3944 quis
1789 3883 1872 3929 est
1899 3877 2081 3941 homo,
2108 3872 2202 3944 qui
2225 3873 2312 3928 in-

1268 3945 1545 4011 grediatur
1566 3945 1632 3997 ad
1670 3945 1960 3999 consilium
1983 3944 2008 3997 ?

1344 4037 1429 4091 15.
1470 4034 1646 4105 Super
1672 4035 1981 4089 stultitiam.

205 3353 301 3407 10.
344 3351 819 3407 Desideraverunt.

200 3444 293 3499 Ex
329 3445 484 3500 omni
533 3443 801 3499 industria
840 3459 980 3498 mea.

204 3535 305 3589 11.
343 3533 414 3589 Et
444 3535 684 3589 laborem
706 3576 722 3601 ,
760 3549 924 3604 quem
950 3533 1195 3588 laboravi

128 3604 455 3675 perﬁciens.

205 3787 300 3843 12.
334 3786 406 3842 Et
433 3802 695 3842 errorem.

204 3878 316 3945 Qui
346 3879 526 3949 possit
555 3879 635 3933 ire
659 3885 786 3948 post
816 3879 1033 3947 regem?

208 4041 299 4096 15.
335 4040 517 4109 Super
545 4038 841 4094 inscitiam.

203 4201 304 4279 1ἓὶΖ
357 4198 427 4253 Et
483 4199 552 4254 ad
591 4198 723 4268 quid
763 4198 897 4253 mihi
930 4199 1194 4270 sapientia
1300 4196 1427 4251 15.
1480 4194 1576 4279 Etn
1597 4204 1657 4250 ut
1713 4214 1737 4268 q

780 4198 897 4253 nihi
930 4199 1194 4270 sapientia
1300 4196 1427 4251 15.
1480 4194 1576 4279 Etn
1597 4204 1657 4250 ut
1713 4194 2109 4279 quid‘sapiens
2135 4192 2314 4250 factus

128 4285 261 4326 mea
277 4270 305 4323 2
608 4266 623 4268 “
993 4266 1010 4270 ⁷
1267 4280 1390 4321 sum
1426 4280 1527 4335 ego
1551 4266 1576 4318 ‘l

204 4363 300 4416 17.
344 4360 549 4414 Malum
575 4360 721 4415 enim
752 4358 888 4414 mihi
908 4360 1085 4416 visum
1112 4373 1197 4415 est
1339 4356 1427 4428 11.
1452 4356 1602 4428 Quia
1631 4357 1835 4412 malum
1863 4371 2028 4428 super
2052 4371 2140 4412 me
2175 4370 2315 4427 opus

122 4447 278 4501 opus
300 4431 454 4500 quod
479 4430 560 4484 lit.
1268 4426 1417 4495 quod
1443 4425 1646 4482 factum
1674 4436 1779 4482 est.

199 4522 299 4577 19.
344 4520 418 4575 Et
446 4520 838 4575 dominabitur.

197 4615 263 4669 In
297 4628 470 4684 quem
500 4612 765 4667 laboravi.

193 4706 297 4760 20.
340 4704 414 4758 Et
445 4704 793 4761 circumverti
821 4717 929 4759 me.

1342 4515 1426 4571 19.
1464 4515 1526 4571 Et
1564 4532 1631 4570 an
1661 4526 1986 4586 potestatem
2022 4516 2240 4572 habeat.

1339 4604 1460 4671 Quo
1481 4607 1744 4662 laboravi.

1336 4699 1428 4756 20.
1459 4698 1527 4754 Et
1560 4714 1859 4755 conversus
1886 4716 2029 4755 sum.

1337 4785 1410 4843 Ut
1439 4788 1830 4843 renuntiarem.
1885 4789 2079 4852 Alius,
2138 4786 2313 4843 labori

1265 4858 1648 4914 succumberet
1673 4859 1790 4927 (cor
1814 4862 2041 4928 meum).

189 4955 295 5009 21.
342 4951 416 5007 Et
447 4952 505 5006 in
537 4952 900 5026 solicitudiue.
1331 4948 1424 5002 21.
1450 4946 1516 5000 Et
1546 4947 1601 5000 in
1631 4949 1850 5002 virtute.

190 5046 266 5101 Et
297 5044 549 5102 aﬂlictio.
634 5059 647 5066 ·
1335 5035 1403 5091 Et
1425 5036 1689 5106 nequitia.

188 5137 296 5190 22.
329 5134 476 5202 Quia
512 5135 658 5191 enim
684 5134 972 5207 superfuit.
1326 5128 1421 5183 22.
1454 5127 1594 5195 Quia
1623 5126 1705 5180 ﬁt.

188 5228 296 5282 23.
1328 5221 1419 5276 25.
1453 5218 1711 5274 Dolorum
1742 5225 1797 5270 et
1829 5215 2141 5272 iracundiae.

184 5314 292 5369 24.
331 5314 382 5365 Α
407 5312 593 5368 labore
620 5328 742 5370 suo.
1332 5310 1725 5366 24.1u.labore
1766 5323 1889 5365 suo.

187 5406 288 5459 25.
337 5402 660 5460 Consumet.
1331 5403 1425 5457 25.
1463 5402 1598 5469 Quis
1637 5400 1822 5457 bibit?

187 5496 295 5552 26.
337 5494 447 5561 Qui
476 5495 523 5549 ei
552 5495 749 5566 placet.
1333 5492 1425 5548 26.
1456 5493 1608 5548 Bono
1637 5502 1761 5548 ante
1787 5490 1981 5547 faciem
2021 5491 2161 5561 ejus.

184 5585 661 5655 Occupationem.
1330 5583 1772 5640 Distractionem.

2458 747 2545 800 10.

2461 927 2550 981 11.

2462 1251 2548 1306 12.

2461 1501 2550 1556 15.

2462 1591 2549 1647 15.

2460 1683 2546 1737 17.

2461 1845 2548 1899 19.

2466 2010 2556 2080 2‘0.

2461 2461 2549 2519 22.

2463 2555 2551 2610 25.

2460 2646 2550 2701 24.

2463 2739 2552 2794 25.

2460 2829 2549 2884 26.

2464 3354 2556 3412 10.

2459 3537 2551 3591 11.

2460 3787 2550 3843 12.

2459 4038 2551 4092 15.

2459 4197 2550 4254 15.

2458 4355 2546 4411 17.

2456 4514 2549 4572 19.

2451 4946 2545 5002 21.

2446 5129 2543 5186 22.

2454 5220 2547 5277 23.

2489 5307 2544 5361 4.

2452 5397 2548 5455 25.

2450 5488 2545 5547 26.

2707 403 3083 465 θΕΟΔΟἸΊΩΝ
3093 452 3106 466 .

2690 3079 3103 3140 THEODOTIO.

3293 269 3430 336 1⁸505
