3798 6228
399 299 541 356 1775

671 417 761 472 Το
793 419 1162 482 ΕΒΡΔΙΚΟΝ.

871 589 1094 647 ωην-ιι
1128 597 1262 653 ἾΞΣΊ
1302 592 1368 682 18

1239 764 1368 817 π

986 847 1258 912 πρυ-νε
1299 846 1369 901 19

1179 918 1366 996 n‘w‘m

487 1407 608 1459 rm?
645 1410 772 1489 σφ’
808 1415 1168 1473 ῠνπηε-το
1203 1422 1258 1475 ν)
1291 1417 1356 1472 2i

583 1566 757 1626 ma
790 1571 952 1626 nm:
989 1577 1164 1636 ms
1196 1559 1362 1639 τινῆ

876 1711 1248 1794 Wm‘mn-Sn
1283 1736 1354 1790 22

1100 1832 1355 1887 ΒΞἿἾΟἹὩ

914 1918 1123 1973 rerum
1159 1898 1262 1975 τὸ)
1298 1924 1352 1977 ν)

658 2093 779 2146 mm
816 2095 940 2150 im:
974 2101 1113 2155 NND
1149 2103 1354 2160 vmm

587 2182 761 2238 trina
794 2186 952 2242 mm
983 2191 1112 2244 mm
1146 2168 1250 2247 5.3.1
1283 2188 1354 2243 24

618 2340 810 2399 mam
845 2348 1008 2402 “mm
1040 2353 1184 2405 mw
1218 2333 1356 2412 wh

932 2511 1052 2591 mp
1087 2513 1253 2589 vim
1283 2509 1355 2565 εδ

990 2669 1177 2754 ngam
1211 2676 1349 2754 τω)

641 2733 801 2812 νηδκ
837 2740 1063 2815 nam
1097 2733 1245 2819 ma
1280 2761 1350 2817 26

541 2902 1350 2996 nr‘pwvmnu'was'l

471 3170 722 3234 VERSIO
758 3179 1081 3240 HEBRAICI
1119 3184 1327 3247 ΤΕΧΤ.

443 3314 533 3370 18.
574 3315 643 3370 Et
699 3318 1007 3378 abolebitur
1073 3324 1256 3382 fmdus
1314 3343 1405 3385 ve-

371 3393 487 3440 stru
496 3401 545 3439 In
555 3425 570 3441 .

441 3474 760 3548 Flagellum.

441 3569 532 3624 19.
573 3568 713 3636 Quia
752 3571 806 3626 in
832 3587 1009 3631 mane.

440 3656 507 3714 Et
538 3659 594 3715 in
629 3670 806 3718 nocte.

440 3746 676 3806 Tantum
715 3755 1035 3810 commotio.

439 3837 531 3920 2Q.
572 3838 876 3922 Intelligere
936 3846 1217 3914 auditum,
1279 3852 1409 3922 quia

367 3907 591 3988 brevius
627 3921 713 3967 est
739 3907 996 3988 stratum,
1026 3907 1410 3988 quam'ut'ex-

369 3977 644 4061 tendatur,
691 3991 746 4036 et
786 3977 1182 4061 operimentum
1233 4005 1408 4061 angu-

368 4046 509 4102 stius
532 4057 614 4102 est
651 4046 838 4119 quam'
856 4063 915 4108 ut
937 4055 1176 4128 colligat.

437 4137 528 4193 21.
568 4138 708 4206 Quia
746 4141 891 4200 sicut
927 4145 1407 4208 montePharasim

365 4217 553 4277 surget
589 4209 874 4272 Dominus.

437 4297 504 4352 Et
548 4299 616 4354 ad
649 4303 987 4378 operandam
1031 4309 1404 4378 operationem

368 4382 544 4436 suam,
577 4377 834 4427 extranea
865 4374 985 4446 ejus
1009 4374 1272 4449 operatio.

435 4460 527 4515 22.
565 4459 645 4518 Ne
677 4463 948 4523 deludatis
969 4482 1090 4525 vos.

431 4550 663 4609 Vincula
683 4565 887 4613 vestra.

365 4725 402 4765 η
434 4641 574 4708 Quia
611 4651 1049 4708 consumtionem
1077 4663 1133 4712 et
1167 4654 1404 4715 decisio-

404 4727 511 4765 cm.

404 4727 486 4768 cm
495 4752 511 4767 .

395 4846 400 4852 .
429 4803 627 4859 Audivi
649 4820 681 4862 a
719 4805 951 4866 Domino
974 4810 1228 4872 Domino.

429 4892 522 4949 2‘.
549 4891 835 4964 Numquid
893 4909 1006 4957 tota
1067 4902 1157 4961 die
1226 4906 1404 4963 arabit

361 4963 565 5019 aransl

428 5051 508 5131 Ad
539 5054 920 5131 seminandum
941 5060 1151 5131 aperiet
1163 5072 1218 5120 et
1241 5079 1402 5122 occa-

357 5117 437 5174 bit
457 5131 657 5178 terram
700 5140 855 5182 suam
875 5128 899 5182 ἲ

427 5209 520 5266 25.
562 5211 630 5268 Et
660 5213 936 5288 disperget
962 5219 1240 5291 nigellam.

426 5369 636 5428 Milium
662 5383 718 5431 et
746 5377 996 5448 spcltam.

425 5462 515 5517 26.
535 5463 631 5546 _Et'
645 5469 856 5526 erudict
869 5472 1021 5529 illum
1046 5475 1112 5531 ad
1129 5475 1394 5547 judicium

359 5529 504 5588 Deus
533 5532 725 5604 ipsius.

425 5625 516 5679 27.
546 5625 683 5699 Quia
721 5647 829 5690 non
855 5635 908 5693 in
940 5637 1139 5696 tribula
1174 5641 1400 5699 tritura-

358 5693 505 5750 bitur
544 5698 758 5768 nigella.

1456 321 1936 386 HEXAPLORUM
1971 331 2141 398 ρυλε
2178 333 2613 396 SUPERSUNT.

1794 443 1884 495 ΤΟ
1921 443 2272 501 ΕΒΡΛΙΚΟΝ

1701 510 2028 582 Ἑλληνικοῖς
2063 517 2375 588 γράμμασι.

1571 603 1660 660 18.

1585 861 1674 918 19.

1565 1751 1656 1808 22.

1564 2191 1653 2247 24.

1568 2511 1661 2568 25.

1559 2763 1650 2820 26.

1559 2927 1650 2983 27.

1700 3196 2029 3255 VULGATA
2064 3202 2189 3259 Ι.Λῖ
2206 3203 2337 3259 INA.

1563 3333 1648 3389 18.
1677 3332 1744 3392 Et
1762 3334 2035 3393 delcbitur
2066 3337 2244 3396 foedus
2264 3349 2527 3397 vestrum.

1557 3493 1876 3566 Flagellum.
1939 3561 1947 3568 _

1556 3585 1645 3643 19.
1685 3587 1958 3654 Quoniam
1992 3607 2172 3648 mane.

1554 3681 1621 3738 Et
1653 3683 1706 3739 in
1745 3695 1922 3742 nocte.

1556 3772 1620 3828 Et
1653 3777 2035 3832 tantummodo
2064 3778 2182 3833 sola
2215 3781 2454 3836 vexatio.

1555 3865 2031 3923 20.1ntellectum
2083 3869 2238 3924 dabit
2291 3873 2523 3926 aullitui.

1479 3932 1912 4011 Coangustatum
1938 3947 2023 3992 est
2043 3940 2213 4007 enim,
2236 3951 2528 4011 utrumque

1480 4007 1695 4070 operire
1729 4021 1839 4059 non
1869 4016 2066 4076 potest.

1547 4163 1638 4218 21.
1681 4163 1836 4220 Sicut
1880 4165 1934 4220 in
1975 4176 2159 4224 monte
2186 4169 2521 4226 divisionum

1477 4234 1643 4289 stabit
1665 4233 1950 4291 Dominus.

1549 4321 1625 4399 _Ut
1659 4333 1914 4394 operetur
1949 4341 2089 4399 opus
2137 4343 2320 4399 suum,
2369 4345 2522 4399 pcre-

1477 4393 1802 4464 grinum’est
1826 4409 1966 4464 opus
1988 4393 2112 4464 ejus
2144 4398 2214 4452 ab
2239 4413 2327 4453 eo.

1544 4483 1639 4542 22.
1673 4483 1852 4542 Nolite
1880 4487 2127 4543 illuderc.

1547 4571 1778 4629 Vincula
1803 4584 2007 4631 vestra.

1511 4732 1524 4744 _
1537 4661 2078 4744 consummationem
2095 4668 2241 4724 enim
2257 4679 2312 4726 et
2325 4671 2519 4727 abbre-

1475 4742 1792 4788 viationem.

1542 4823 1739 4878 Audivi
1776 4839 1808 4878 a
1845 4821 2078 4881 Domino
2101 4826 2231 4884 Deo.

1541 4911 1634 4967 24.
1667 4909 1951 4984 Numquid
2011 4925 2124 4973 tota
2193 4917 2282 4974 die
2340 4919 2520 4975 arabit

1473 4995 1640 5037 arans
1663 4981 1687 5036 ?

1545 5071 1616 5126 Ut
1646 5082 1811 5138 serat,
1853 5076 2187 5146 proscindct,
2228 5087 2284 5135 et
2322 5079 2519 5136 sarriet

1473 5140 1701 5196 humum
1731 5140 1923 5198 suam?

1541 5229 1633 5288 25.
1672 5229 1832 5288 Feret
1849 5233 1987 5303 gith.

1540 5390 1609 5446 Et
1638 5392 1847 5447 milium
1877 5401 1932 5448 et
1963 5393 2181 5451 viciam.

1534 5481 1628 5538 26.
1669 5482 1737 5539 Et
1759 5485 1972 5542 erudiet
1997 5485 2152 5541 illum
2185 5485 2242 5542 in
2258 5485 2466 5558 judicio
2494 5506 2509 5545 :

1470 5549 1613 5607 Deus
1643 5567 1800 5609 suus.

1545 5640 1633 5694 27.
1675 5641 1791 5699 Non
1817 5646 1961 5706 cnim
1993 5647 2050 5704 in
2083 5647 2251 5706 serris
2286 5648 2506 5707 tritura-

1470 5712 1613 5769 bitur
1637 5713 1770 5783 gitli.

3541 340 3560 392 1
3575 344 3656 397 776

3000 454 3301 507 ΑΚΥΛΔΣ.

2699 615 2768 671 18

2695 777 2997 847 Μάστιγες.

2703 868 2794 924 19.

2695 961 2806 1014 Καὶ
2832 962 2894 1014 ὲν
2919 960 3091 1014 νυκτί.

2694 1049 2894 1194 ἕκτος
2922 1051 3185 1122 βρασμός.

2691 1441 2782 1495 21.
2819 1441 2905 1504 Ὠς
2933 1441 3048 1513 ὄρει
3074 1441 3370 1495 διακοπῶν.

2693 1602 2804 1654 Kal.
2837 1601 2932 1653 τοῦ
2959 1600 3242 1654 δουλεῦσαι
3290 1601 3392 1668 τὴν
3427 1601 3663 1653 δουλείαν

2619 1671 2806 1734 αὐτοῦ,
2847 1671 2973 1738 ξένη
3011 1673 3045 1740 ή
3070 1670 3281 1724 δουλεία
3310 1670 3504 1724 αὑτοῦ.

2688 1763 2782 1818 22.
2811 1762 3138 1826 Χλευάζετε.

2689 1857 2754 1908 Ai
2777 1854 2934 1908 πέδαι
2967 1854 3145 1924 ὑμῶν.

2690 1947 3004 2001 Συντέλειαν
3034 1945 3142 2017 γὰρ
3174 1945 3268 1999 καὶ
3298 1945 3597 2014 συντομήϊ.

2690 2111 2936 2163 Ἤκουσα
2962 2107 3114 2178 παρὰ
3148 2105 3353 2178 Κυρίου
3393 2107 3622 2176 Κυρίου,

2685 2198 2776 2278 2:5.
2804 2197 2896 2278 Μῂ
2925 2197 3071 2278 βλην
3114 2198 3239 2278 ..τὴν
3271 2195 3489 2267 ἡμέραν
3540 2196 3658 2266 ἀρο-

2614 2269 2829 2340 τριάσει
2864 2271 2894 2323 ὁ
2914 2268 3180 2339 ἀροτριῶν
3200 2285 3216 2334 ;

2681 2523 2774 2583 25.
2811 2525 2921 2580 Καὶ
2948 2523 3325 2596 διασκορπίσει
3353 2522 3656 2594 μελάνεὶιον.

2681 2687 2794 2741 Καὶ
2819 2688 3054 2757 κέγχρον
3079 2685 3174 2739 καὶ
3205 2683 3356 2749 ζέαν.

2677 2778 2770 2832 26.
2798 2777 2889 2849 Τῷ
2915 2776 3164 2850 κρίματι.

2678 2938 2768 2994 27.
2801 2940 2916 2994 Οὐκ
2943 2939 3000 2991 ὲν
3015 2937 3094 3008 τῷ
3120 2939 3468 3008 συντέμνοντι
3503 2935 3653 3006 dimi-

2609 3009 2831 3080 θήσεται
2860 3008 3058 3080 μελάνθ
3067 3026 3142 3062 ιον

3001 3207 3279 3276 AQUILA.

2682 3344 2772 3399 18.

2677 3501 2932 3574 Flagella.

2682 3593 2771 3650 19.

2673 3684 2741 3740 Ει
2775 3685 2826 3739 in
2857 3695 3035 3741 nocte.

2671 3777 2828 3834 Foris
2853 3787 3040 3835 aestus.

2670 3869 2762 3923 20.

2666 4165 2758 4221 21.
2802 4165 2955 4224 Sicut
2981 4177 3170 4225 monte
3191 4169 3600 4229 discissionum.

2667 4327 2731 4382 Et
2785 4327 2852 4383 ad
2911 4329 3256 4385 serviendum
3323 4335 3634 4388 servitutem

2497 4464 2504 4473 Δ
2595 4411 2776 4464 suam,
2809 4407 3066 4454 extranea
3099 4401 3218 4468 ejus
3240 4404 3502 4458 servitus.

2661 4486 2752 4540 22.
2791 4485 2910 4558 (Ne)
2938 4487 3179 4544 irridete.

2662 4576 2962 4647 Compedes
2993 4587 3214 4635 vestrm.

2627 4735 2639 4747 ο
2663 4665 3210 4747 consummationem
3254 4671 3400 4726 enim
3452 4683 3508 4728 et
3539 4674 3629 4728 dc-

2592 4750 2880 4791 eisnonem.

2660 4825 2856 4882 Audivi
2880 4844 2912 4883 a
2946 4828 3178 4885 Domino
3215 4830 3474 4888 Domino.

2657 4919 3067 4994 24._Numquid
3142 4931 3254 4979 tota
3322 4925 3413 4982 die
3458 4924 3619 4984 arabit

2590 4990 2788 5045 aratis?

2656 5233 2749 5290 25.
2787 5233 2855 5292 Et
2884 5235 3157 5309 disperget
3193 5239 3464 5312 nigellam.

2655 5393 2726 5450 Et
2747 5395 2957 5452 milium
2984 5406 3040 5454 et
3064 5399 3314 5482 speltam.

2652 5486 2745 5542 26.
2783 5485 3019 5545 Judicio.

2654 5649 2745 5704 27.
2782 5648 2899 5706 Non
2946 5651 3001 5706 in
3039 5652 3414 5713 conscindcntc
3439 5650 3582 5706 tritu-

2587 5719 2795 5777 rabitur
2830 5721 3048 5792 nigella.
