3834 6224
447 173 588 230 2299
1157 253 1168 266 '
1605 181 1833 240 CODEX
1873 185 2547 247 SYRO-HEXAPLARIS.
3553 207 3704 262 2300

453 370 3697 430 Ἠ

855 552 1382 682 CODEX
1490 554 3269 706 SYRIACO-HEXAPLARIS

1469 791 2670 866 AMBROSIANO-MEDIOLANENSIS

793 947 1021 1009 Editus
1053 958 1108 1010 et
1144 949 1335 1010 latine
1364 969 1582 1012 versus
1610 971 1648 1011 α
1682 953 1912 1016 Matth.
1945 955 2233 1036 Norberg
2269 957 2545 1025 Londint'
2573 963 2923 1028 Gothorum
2955 989 3118 1034 anno
3175 977 3348 1040 1787.
3467 955 3477 968 ‘

629 1302 782 1390 EX
852 1302 1658 1396 PREFATIONE
1747 1308 2324 1403 EDITORIS
2419 1316 2890 1410 SYRIACI
2963 1321 3472 1420 CODICIS.

501 1487 757 1560 Hexaplis
789 1489 1044 1561 Origenis
1073 1494 1426 1552 restituendis
1461 1513 1572 1554 non
1604 1499 1900 1559 defuerunt
1931 1505 2130 1563 decora
2159 1508 2374 1580 ingenia
2408 1523 2715 1580 magnaque
2760 1512 2960 1580 studia,
2998 1522 3180 1572 tamen
3209 1517 3433 1591 fastigio
3467 1537 3706 1599 propter

433 1579 669 1651 inopiam
703 1585 966 1650 materia,
1002 1601 1112 1641 non
1138 1586 1437 1657 facultatis,
1471 1593 1713 1648 nondum
1751 1595 2030 1667 imposito.
2063 1579 2334 1658 Liberalis
2355 1617 2484 1658 vero
2518 1579 2920 1661 emendationis
2943 1579 3054 1663 non
3086 1579 3702 1686 fiduciam-modo,er

430 1674 598 1740 ipsius
629 1675 790 1731 etiam
824 1675 1034 1734 fiducia
1062 1681 1274 1750 copiam
1304 1683 1461 1740 nobis
1486 1683 1614 1741 facit
1635 1687 1806 1744 codex
1831 1699 2018 1747 noster
2044 1692 2648 1765 Syriaco-Hexaplaris,
2691 1697 2851 1766 cujus
2882 1708 3093 1768 partem
3127 1707 3476 1776 canonicam,
3505 1674 3704 1770 indui:

429 1767 610 1836 gentia
639 1767 709 1822 cl.
745 1767 1153 1826 Bibliothecarii
1177 1771 1526 1830 Ambrosiani
1556 1774 1790 1845 Branca,
1824 1789 2028 1850 septem
2065 1793 2196 1838 ante
2218 1785 2379 1840 annis
2408 1785 2462 1839 in
2487 1786 2759 1856 privatum
2777 1767 3122 1848 commodum
3159 1767 3703 1871 descripsi,'etcoh_-

428 1857 552 1912 silio
575 1858 879 1913 amicorum
906 1859 962 1914 in
1000 1875 1292 1916 commune
1309 1861 1424 1928 jam
1454 1864 1695 1933 profero.
1725 1865 1825 1922 Hic
1856 1868 2028 1924 codex
2081 1870 2368 1926 Mediolani
2401 1872 2456 1926 in
2490 1873 2857 1933 Ambrosiana
2901 1879 3242 1945 Bibliotheca
3272 1857 3704 1966 diligentissime

427 1962 698 2008 servatur.
725 1950 783 2006 Si
813 1951 1046 2006 formam
1089 1952 1210 2022 ejus
1239 1963 1292 2009 et
1338 1966 1722 2025 argumentum
1754 1969 1988 2030 spectes,
2035 1978 2142 2018 non
2193 1964 2452 2036 exiguam
2495 1969 2928 2038 magnitudinem
2958 1975 3092 2033 folio
3142 1980 3198 2036 in
3232 1950 3704 2053 duasvcolumn—a;

423 2043 720 2115 descripto,
744 2057 800 2101 et
830 2045 1200 2102 venerandam
1234 2045 1469 2113 speciem
1501 2059 1748 2116 pergam.
1785 2048 1999 2112 charta,
2033 2050 2281 2120 antiquis
2305 2050 2572 2122 Syrorum
2605 2053 2804 2112 litteris
2828 2059 3189 2136 Estrangelis.
3221 2076 3276 2123 et
3303 2043 3703 2137 rubristit—u—l—i;

423 2150 490 2190 ac
515 2135 744 2207 epilogis
780 2135 967 2200 refert,
1001 2150 1210 2206 suoque
1251 2135 1538 2205 complexu
1567 2147 1622 2191 et
1654 2137 1760 2193 hoc
1793 2140 1986 2195 ordine
2024 2137 2297 2207 Psalmos,
2338 2141 2562 2212 Jobum,
2595 2145 2913 2217 Proverbia,
2942 2154 3358 2232 Ecclesiastem,
3394 2135 3698 2231 Canticum

423 2230 607 2294 Cant.,
636 2231 972 2301 Sapientiam
996 2230 1232 2295 Salom.,
1266 2229 1603 2302 Syracidem,
1628 2231 1718 2286 Xll
1752 2233 2057 2305 Prophetas
2085 2235 2347 2304 Minores,
2372 2237 2690 2309 Jeremiam,
2716 2243 3053 2315 Baruchum,
3082 2229 3353 2327 Threnos,
3381 2229 3696 2333 Epistolam

421 2319 690 2388 Ieremia,
725 2321 1024 2386 Danielem,
1078 2320 1349 2377 Historias
1375 2320 1666 2387 Susanna,
1709 2323 1853 2380 Belis
1893 2335 1948 2381 et
1972 2324 2260 2392 Draconis,
2305 2327 2679 2387 Hezcchielem
2720 2343 2775 2390 et
2822 2334 3061 2395 Jesaiam
3113 2319 3380 2404 continet.
3427 2319 3699 2428 Plerique

421 2413 544 2470 libri
579 2413 634 2468 in
683 2412 862 2469 fronte
903 2422 1100 2484 gerunt
1134 2411 1390 2482 prologos
1437 2409 1664 2479 (Psalmi
1698 2414 2104 2484 longissimum,
2164 2417 2260 2472 sed
2289 2419 2590 2489 mutilum),
2636 2423 2730 2492 qui
2763 2439 3092 2495 argumento
3138 2438 3404 2509 capitum,
3439 2409 3697 2507 1.310;;

418 2513 729 2570 auctorum,
758 2503 1012 2573 aliisque,
1040 2499 1322 2572 c0piosius
1355 2509 1410 2555 et
1455 2502 1650 2558 melius
1692 2504 1822 2558 alibi
1857 2506 2149 2574 expositis,
2184 2515 2238 2561 et
2268 2523 2299 2562 a
2340 2524 2428 2564 me
2459 2525 2559 2580 pro
2590 2514 2854 2584 temporis
2904 2516 3173 2580 brevitate
3204 2499 3328 2584 ἰιοη

422 2599 595 2655 facem
641 2599 956 2669 praferunt,
1003 2606 1058 2653 et
1089 2604 1154 2659 ad
1180 2597 1342 2653 ﬁnem
1375 2597 1642 2668 epilogos,
1675 2600 1771 2669 qui
1800 2601 2058 2671 impressi
2095 2602 2474 2669 declarabunt,
2512 2617 2757 2665 nostram
2789 2616 3101 2673 versionem
3134 2635 3200 2676 ex
3231 2623 3422 2684 Graco
3473 2597 3694 2706 codice;

419 2709 582 2766 quem
617 2695 908 2760 Eusebius,
939 2693 1224 2764 Pamphilo
1252 2696 1421 2758 socio,
1446 2711 1510 2749 ex
1544 2695 1796 2766 Origenis
1836 2696 2109 2769 Tetraplis
2133 2701 2217 2755 vel
2254 2699 2532 2772 llexaplis,
2563 2705 2617 2759 in
2644 2706 2984 2767 Casareensi
3031 2712 3369 2778 Bibliotheca
3402 2693 3692 2797 repositis,

417 2788 740 2858 depromsit,
774 2796 829 2841 et
855 2787 924 2841 ad
959 2787 1074 2841 hac
1102 2785 1350 2855 exempla
1377 2785 1637 2840 collatum
1682 2788 2014 2854 emendavit,
2059 2789 2262 2845 factam
2293 2806 2440 2857 esse,
2473 2802 2527 2850 et
2555 2796 2906 2858 Alexandria
2938 2821 3130 2865 mense
3166 2811 3357 2871 Cauun
3389 2785 3691 2890 posteriori

415 2895 468 2936 a.
501 2881 656 2935 Alex.
689 2880 794 2935 928
827 2881 862 2934 i.
893 2895 943 2934 e.
975 2895 1168 2934 mense
1203 2879 1360 2934 Mart.
1399 2897 1449 2934 τι.
1477 2881 1609 2937 Chr.
1644 2883 1750 2937 617
1774 2883 2092 2953 perfectam.
2129 2885 2350 2944 Scilicet
2377 2888 2570 2957 Jobus,
2604 2893 2791 2951 Daniel
2825 2910 2880 2954 et
2903 2900 2993 2954 Xll
3022 2904 3310 2978 Propheta
3338 2879 3693 2981 Minores

417 2973 707 3042 Tetraplis,
731 2973 1028 3028 Proverbia
1053 2988 1206 3036 vero,
1242 2973 1530 3028 Canticum
1565 2983 1619 3028 et
1640 2973 1841 3030 Threni
1875 2992 1942 3031 ex
1973 2977 2231 3048 Hexaplis
2262 2983 2430 3037 sumti
2453 2984 2732 3040 dicuntur.
2762 2987 2874 3047 Nec
2895 2997 3051 3066 origo
3086 2973 3696 3079 reliquorum,

413 3064 675 3129 Jesaiam,
717 3065 805 3133 qui
837 3080 903 3118 ex
936 3065 1124 3118 codice
1155 3062 1378 3136 Eusebii
1405 3074 1460 3118 et
1491 3064 1759 3134 Pamphili
1784 3081 2080 3136 expressus
2102 3083 2462 3140 memoratur,
2490 3075 2719 3146 epilogis
2742 3062 3070 3152 carentium,
3113 3062 3332 3149 aliunde

414 3163 657 3226 videtur,
701 3163 814 3230 ipsa
838 3175 1028 3216 eorum
1059 3159 1242 3214 indole
1272 3159 1412 3214 hanc
1453 3160 1614 3215 ﬁdem
1646 3162 1976 3218 inculcante.
2011 3163 2069 3218 In
2096 3165 2219 3235 ipso
2254 3175 2409 3222 textu
2436 3177 2490 3223 et
2515 3171 2814 3241 aliquando
2853 3176 2909 3230 in
2943 3184 3188 3253 margine
3210 3187 3410 3245 adsunt
3445 3159 3696 3262 primum

415 3259 699 3324 Asterisci,
731 3256 908 3324 Obeli,
947 3256 1243 3321 Lemnisci,
1272 3263 1327 3310 et
1350 3254 1792 3327 llypolemnisci;
1819 3265 1933 3312 tum
1961 3259 2176 3327 littera,
2207 3262 2334 3330 Ain,
2365 3273 2572 3319 textum
2607 3265 2914 3335 Hebraum,
2945 3272 3130 3342 Aleph,
3165 3276 3390 3334 Samech
3425 3254 3480 3339 et
3513 3286 3694 3354 Thau,

414 3349 689 3419 Aquilam,
721 3347 1111 3418 Symmachum
1144 3351 1656 3409 etTheodotionem
1689 3355 1943 3421 seorsim,
1987 3355 2180 3422 Cimel,
2212 3357 2316 3413 hos
2356 3358 2689 3430 interpretes
2728 3366 3092 3435 conjunctim,
3141 3371 3244 3437 He,
3298 3374 3586 3446 Quintam,
3641 3347 3697 3440 ei

429 3439 821 3558 Vau,ASextam
849 3454 1155 3558 verstlonem
1185 3443 1492 3558 tndtc‘antes
1514 3485 1528 3509 ,
1567 3453 1622 3499 et
1656 3444 1855 3501 deinde
1885 3445 1990 3502 aha
2038 3461 2218 3558 Signa,
2258 3463 2495 3558 quorum
2544 3450 2661 3558 hac
2692 3453 2888 3558 figura,
2976 3470 3316 3557 Η
3622 3483 3697 3558 0

580 3535 731 3620 ,κ-ί,
2157 3539 2444 3631 3—H
2491 3551 2824 3624 —JL.C
2883 3566 2939 3612 et
2965 3531 3166 3628 quibus
3196 3531 3418 3634 similia,
3449 3531 3697 3629 dives-:3

413 3621 757 3680 diversorum
785 3634 1073 3680 auctorum
1110 3627 1196 3681 vel
1224 3626 1473 3692 scholiis,
1501 3628 1775 3698 plerisque
1798 3626 1869 3682 ob
1893 3621 2360 3702 rationemvsup'ra
2387 3635 2609 3690 allatam
2645 3652 2675 3690 a
2701 3621 3000 3695 me‘etiam-
3019 3647 3266 3714 omissis,
3294 3652 3377 3705 vel
3405 3621 3694 3724 interpre-

413 3722 715 3779 tationibus
748 3723 803 3775 in
835 3721 1085 3791 margine
1117 3721 1360 3791 pralixa,
1389 3724 1742 3794 respondent,
1775 3741 2123 3796 quorumque
2156 3728 2330 3784 vicem
2365 3728 2561 3786 littera
2593 3733 2872 3803 alphabeti
2911 3733 3094 3790 Latini
3129 3738 3183 3792 in
3218 3750 3409 3796 nostra
3438 3721 3695 3803 editione

411 3818 754 3888 commodius
784 3825 1001 3887 gerunt.
1036 3815 1158 3883 Quo
1185 3818 1361 3888 magis
1404 3827 1490 3876 est
1533 3821 1589 3875 in
1617 3830 1827 3890 aperto,
1859 3821 2055 3878 Libros
2090 3823 2465 3896 Apocryphos,
2495 3827 2589 3896 qui
2633 3829 2867 3886 subinde
2910 3843 3072 3886 voces
3098 3830 3337 3896 Graecas,
3373 3850 3692 3908 synonyma

413 3910 639 3982 Syriaca
664 3917 717 3965 et
749 3910 958 3965 scholia
986 3909 1232 3980 longiora
1265 3910 1319 3964 in
1353 3912 1598 3982 margine
1627 3928 1848 3982 quoque
1877 3915 2194 3979 ostendunt,
2223 3915 2338 3970 hac
2374 3917 2566 3972 critica
2607 3918 2760 3988 signa
2791 3935 2900 3976 non
2939 3921 3164 3986 habere,
3198 3937 3265 3977 eo
3291 3925 3572 3983 curiosius
3603 3930 3691 3984 vi-

410 4002 593 4064 detur,
628 4014 734 4053 non
767 3998 856 4053 illa
880 3999 1045 4053 modo
1075 3999 1340 4068 conspici,
1371 4000 1467 4056 sed
1507 4002 1813 4058 versionem
1840 4004 2003 4060 etiam
2040 4004 2435 4061 Theodotionis
2467 4008 2522 4062 in
2561 4007 2813 4067 Barucho
2845 4021 2899 4067 et
2931 4013 3160 4071 Cantico
3215 4018 3385 4072 trium
3430 4021 3687 4079 virorum

411 4093 466 4147 in
496 4093 641 4164 igne,
677 4106 801 4162 qua
826 4091 1169 4162 antiquitatis
1199 4103 1556 4153 monumenta
1590 4097 1713 4154 ideo
1742 4098 1907 4155 etiam
1939 4100 2072 4155 mihi
2105 4101 2465 4157 describenda
2497 4105 2704 4173 putavi,
2737 4107 2987 4176 excitari,
3015 4125 3181 4182 quam
3205 4129 3322 4172 rem
3351 4118 3688 4186 peritiorum

407 4183 616 4256 judicio
629 4260 632 4262 γ
645 4184 950 4239 committo.

483 4275 739 4346 Ejusdem
767 4278 983 4346 generis
1002 4286 1058 4333 et
1085 4277 1242 4348 pretii
1265 4283 1382 4332 erat
1408 4276 1578 4334 codex
1610 4278 1703 4335 ille
1741 4277 2019 4350 Syriacus,
2068 4280 2163 4350 qui
2198 4285 2549 4352 possessione
2587 4295 2642 4341 et
2669 4303 2775 4343 usu
2824 4288 2984 4347 Masii
3033 4307 3188 4364 aque
3238 4296 3509 4370 famosus,
3554 4317 3687 4375 post

413 4375 706 4431 clarissimi
732 4374 897 4444 hujus
941 4373 1042 4429 viri
1072 4373 1282 4429 obitum
1319 4372 1407 4426 vel
1436 4373 1490 4428 in
1512 4374 1729 4430 occulto
1751 4374 1918 4445 jacet,
1951 4374 2037 4430 vel
2073 4376 2220 4431 tristi
2254 4379 2493 4448 quodam
2541 4381 2656 4438 fato
2693 4384 2881 4453 periit,
2916 4387 3172 4460 ambigua
3228 4402 3326 4447 aut
3375 4398 3528 4452 nulla
3557 4372 3683 4472 ejus

413 4469 774 4541 recuperandi
810 4484 906 4539 spe
934 4467 1145 4523 relicta.
1172 4465 1372 4522 Eadem
1397 4467 1544 4521 enim
1579 4466 1867 4536 utriusque
1898 4464 2100 4530 forma,
2134 4467 2275 4522 idem
2304 4470 2612 4537 character,
2647 4475 2837 4529 eadem
2882 4477 3084 4543 versio,
3119 4483 3312 4538 eadem
3350 4487 3542 4558 signa;
3568 4464 3683 4547 εξε-

409 4564 532 4618 dem
571 4572 734 4616 nota.
774 4559 1073 4622 Masianus,
1103 4558 1221 4628 ipso
1246 4571 1567 4628 possessore
1597 4571 1725 4610 vera
1753 4554 2042 4620 referente,
2089 4557 2193 4611 sub
2221 4557 2383 4614 linem
2417 4561 2702 4617 dicebatur
2736 4575 2954 4626 sumtus
2991 4579 3047 4626 et
3075 4575 3144 4629 ad
3176 4554 3681 4642 verbumvtransla-

410 4662 501 4710 tus
528 4671 591 4710 ex
618 4655 807 4710 Graco
839 4652 1159 4722 exemplari,
1188 4654 1332 4724 quod
1360 4651 1652 4718 Eusebius,
1686 4652 1972 4723 Pamphilo
1991 4651 2261 4724 adjutore,
2289 4657 2357 4711 ad
2389 4650 2562 4714 libros
2594 4657 2847 4727 Origenis
2878 4663 2932 4718 in
2965 4665 3301 4729 Casareensi
3334 4675 3678 4738 Bibliotheca

409 4751 603 4807 obvios
623 4766 721 4808 sua
758 4766 924 4806 manu
953 4750 1198 4806 correxit
1231 4767 1246 4804 :
1282 4749 1428 4805 idem
1461 4748 1530 4804 de
1570 4757 1762 4805 nostro
1787 4748 2156 4807 Ambrosiano
2222 4752 2442 4810 dicitur.
2476 4753 2543 4809 Et
2575 4757 2836 4824 quoniam
2888 4760 2955 4832 in,
2995 4761 3241 4821 Masiano
3274 4767 3311 4822 ii
3341 4768 3404 4822 V.
3449 4771 3516 4828 T.
3550 4773 3676 4829 libri

410 4849 657 4914 aderant,
690 4847 783 4917 qui
842 4848 898 4902 in
931 4847 1298 4902 Ambrosiano
1328 4845 1547 4910 desunt,
1580 4845 1670 4902 ille
1700 4863 1753 4903 a.
1780 4845 1937 4902 Alex.
1965 4846 2094 4911 927,
2119 4847 2252 4903 Chr.
2282 4847 2388 4902 6l6
2414 4849 2619 4915 finitus,
2651 4854 2914 4922 primum,
2948 4855 3039 4910 hic
3075 4873 3206 4914 vero
3232 4875 3285 4915 a.
3330 4863 3487 4917 Alex.
3543 4864 3693 4932 928,-

407 4939 539 4994 Chr.
576 4938 682 4994 617
703 4937 989 4996 absolutus
1012 4942 1311 4998 secundum
1346 4943 1511 4999 unius
1543 4943 1904 5014 ejusdemque
1933 4944 2112 5014 operis
2133 4946 2388 5000 volumen
2413 4949 2772 5004 constituisse
2800 4950 3036 5006 videtur.

482 5027 588 5082 Sed
615 5027 682 5082 de
709 5036 932 5081 auctore
959 5026 1122 5098 hujus
1142 5030 1413 5086 versionis
1437 5031 1573 5086 nihil
1604 5032 1656 5086 in
1691 5042 1882 5088 nostro
1903 5033 2114 5100 codice,
2141 5035 2273 5088 nihil
2309 5034 2452 5103 apud
2483 5035 2716 5092 Masium
2761 5039 2830 5094 ad
2865 5042 3040 5112 ignoti
3073 5045 3314 5104 nominis
3344 5050 3428 5104 vel
3450 5053 3678 5121 conjec-

409 5129 589 5175 turam
613 5121 847 5190 reperio.
879 5120 936 5174 ln
963 5136 1022 5176 re
1048 5131 1158 5175 tam
1187 5121 1355 5176 veteri
1403 5131 1460 5177 et
1501 5122 1711 5180 incerta
1762 5125 2007 5193 opinioni
2037 5123 2120 5180 Cl.
2158 5126 2478 5181 Eichhornii
2515 5128 2740 5194 accedo,
2781 5130 2876 5200 qui
2918 5147 3048 5190 vero
3082 5139 3338 5208 propiora
3386 5120 3672 5212 colligens.

408 5231 647 5285 veroque
675 5216 925 5286 proxima
959 5230 1220 5285 sequens,
1265 5217 1568 5274 arbitratur
1610 5219 1712 5290 (ι),
1765 5217 2016 5274 Paullum
2055 5219 2402 5276 Alexandria
2445 5219 2797 5293 Episcopum,
2836 5225 3107 5284 versionis
3147 5227 3672 5302 Syriaco-Hexapla-

407 5307 487 5366 ris
515 5306 607 5364 IV.
638 5307 759 5365 Lib.
790 5306 1017 5381 Regum,
1045 5308 1102 5363 in
1140 5307 1479 5365 Bibliotheca
1507 5307 1676 5381 Regia
1698 5308 1999 5368 Parisiensi
2025 5309 2222 5377 obvia,
2255 5319 2310 5366 et
2341 5325 2370 5366 a
2401 5325 2488 5368 me
2521 5311 2702 5382 etiam
2745 5312 3052 5388 descripta,
3084 5328 3367 5377 auctorem
3413 5318 3517 5391 (‘2),
3548 5319 3670 5378 loco

482 5490 561 5560 (ᾖ)
598 5488 825 5560 ΒειιηξιΊὲ
852 5491 883 5543 7
915 5490 1016 5548 Th.
1046 5507 1099 5560 p.
1131 5491 1259 5547 2‘25.

483 5558 559 5627 (2)
593 5559 768 5614 Bruns
798 5558 1019 5631 Repcrt.
1051 5558 1108 5617 8.
1145 5560 1249 5618 Th.
1292 5576 1347 5631 p.
1382 5559 1471 5616 85.
