3834 6224
112 331 219 386 230
232 329 252 382 I
1602 329 1624 382 ι

1878 329 1996 386 I‘lO.
3254 350 3392 406 ,δθέ

112 447 343 514 quidem
389 443 476 498 sui
527 443 775 497 muneris
804 454 901 512 per
929 457 1170 500 errorem
1205 446 1563 516 scriptorum,
1598 464 1704 504 non
1758 466 1888 506 vero
1924 466 2157 520 persona
2196 454 2265 510 ad
2320 454 2483 511 ﬁdem
2531 457 2796 513 lectorum
2851 459 3126 518 diversum
3161 463 3330 522 fuisse
3362 485 3394 523 a

112 536 314 590 Paullo
336 534 487 632 Ielaa
532 533 826 632 Episcopo,
863 537 953 632 cui
1005 541 1274 632 _Asseman
1310 543 1616 597 versionem
1659 544 1800 598 LXX
1854 547 2212 617 interpretum
2245 552 2388 620 apud
2443 551 2612 625 Syros
2651 568 2717 607 ex
2745 563 2896 610 certo
2935 557 3145 624 tribuit,
3193 561 3392 632 cuique

111 637 172 679 et
203 641 307 679 nos
335 625 637 679 Masianam
673 634 728 678 et
764 624 1184 684 Ambrosianam
1224 647 1290 686 ex
1323 632 1592 700 probabili
1624 635 1968 690 tribuendam
2002 645 2279 706 putamus.
2316 624 2496 711 IEque
2541 646 2799 718 ambigua
2849 661 2936 706 est
2975 653 3182 714 codicis
3217 624 3394 713 nostri

112 728 430 822 astumquas
454 726 637 816 tamen
677 717 821 822 si
873 723 1172 779 litterarum
1207 730 1389 796 specie
1437 740 1490 784 et
1535 729 1711 786 forma
1744 733 2065 788 aestimanda
2123 735 2248 801 erit,
2284 751 2447 807 supra
2501 717 2761 799 saeculum
2817 756 3068 804 octavum
3103 748 3420 822 repetenda'

121 808 357 862 Vidflur-
391 803 604 860 Cellius
631 816 713 858 Psl
743 807 886 864 illius
922 827 1138 878 nomen,
1174 817 1266 884 qui
1307 816 1470 884 hujus
1498 818 1706 872 codicis
1731 833 1796 872 ex
1827 818 1957 874 Asia
2001 821 2054 873 in
2083 803 2742 892 Europam-transferendi
2779 837 3014 892 consilio

112 907 354 976 gratiam
384 903 722 973 posteritatis
762 903 962 957 inierit.
1004 903 1310 960 Cardinalis
1345 915 1427 960 est
1465 907 1829 971 Borromaeus,
1876 909 1960 962 vir
2009 911 2310 983 singularis
2343 919 2597 988 exempli,
2631 923 2747 989 qui,
2804 926 2910 980 alia
2973 928 3200 985 orientis
3257 931 3413 1000 μηδέ

119 1003 475 1060 stantissima
512 1009 574 1055 ut
603 1008 838 1062 taceam,
885 1000 984 1053 hoc
1017 1001 1317 1070 exemplar,
1359 1002 1593 1055 omnobii
1621 1002 1924 1065 Chaldaici,
1960 1008 2132 1060 sacris
2163 1005 2247 1064 St.
2296 1007 2478 1064 Maria:
2505 1011 2769 1075 faciendis
2806 1020 2859 1075 in
2895 1023 3192 1081 solitudine
3215 1027 3396 1082 Schit-

114 1103 215 1156 tim
251 1097 515 1165 dedicati,
545 1097 790 1169 priscum
841 1095 1162 1149 thesaurum
1198 1133 1212 1158 ,
1246 1107 1312 1144 ex
1364 1090 1602 1162 Egypto
1661 1092 1714 1146 in
1749 1092 2129 1149 Ambrosiana:
2176 1094 2532 1155 Bibliotheca:
2579 1117 2964 1165 ornamentum
3007 1112 3398 1170 liberalissime

115 1209 237 1249 com
249 1194 482 1263 paravit.

185 1287 431 1357 Imagine
471 1284 677 1341 codicis
702 1281 874 1337 nostri
896 1279 1438 1369 breviterexpressa,
1465 1278 1742 1369 sequitur,
1769 1291 1822 1332 ut
1880 1279 1948 1333 de
1991 1278 2182 1335 Latina
2223 1291 2410 1337 nostra
2443 1287 2698 1345 versione
2723 1294 2916 1360 paucis
2955 1295 3162 1366 dicam,
3201 1298 3258 1354 in
3289 1314 3396 1369 qua

117 1377 502 1447 componenda
557 1375 728 1446 Syrus
777 1373 1048 1440 interpres
1082 1368 1219 1424 mihi
1273 1369 1377 1422 fuit
1414 1369 1692 1439 exemplo.
1723 1368 2202 1434 Quemadmodum
2256 1372 2347 1427 ille
2372 1373 2623 1432 Graecum
2670 1383 2915 1455 vestigiis
2949 1397 3174 1445 secutus
3219 1368 3326 1455 est,
3364 1405 3396 1444 a

116 1474 524 1532 consuetudine
552 1473 634 1525 sui
673 1468 944 1524 sermonis
991 1467 1147 1537 longe
1195 1466 1478 1530 recedens,
1513 1466 1588 1520 ita
1617 1482 1716 1536 ego
1760 1464 1981 1537 Syrum,
2014 1469 2070 1523 in
2105 1469 2296 1524 eadem
2329 1486 2411 1537 re,
2455 1475 2626 1542 magis
2665 1487 2812 1534 recte
2841 1479 3074 1550 legendi,
3113 1499 3278 1554 quam
3305 1499 3400 1539 or-

117 1583 247 1625 nate
274 1566 523 1621 vertendi
548 1565 816 1618 ratiouem
845 1571 1145 1633 spectante.
1171 1563 1217 1616 si
1249 1564 1426 1616 minus
1454 1561 1647 1616 Latine
1671 1561 2015 1627 imitandum,
2046 1573 2228 1618 tamen
2259 1566 2628 1622 aemulandum
2653 1574 2787 1632 mihi
2809 1579 3094 1647 proposui.
3126 1579 3184 1632 Si
3211 1587 3395 1633 autem

117 1667 341 1722 diIIicile
389 1673 494 1726 est,
527 1661 606 1717 rei
643 1660 936 1731 proximae,
986 1660 1380 1730 difﬁcillimum,
1403 1661 1535 1714 mihi
1569 1659 1690 1727 fuit,
1731 1661 2112 1716 remotissimae
2139 1661 2559 1720 similitudinem
2593 1681 2659 1722 ex
2688 1681 2819 1721 vero
2856 1665 3128 1737 eﬂlngere,
3159 1674 3214 1722 et
3236 1680 3400 1722 voces

120 1764 401 1834 Syriacas,
457 1773 579 1828 qua:
624 1753 842 1810 licentia
881 1752 1199 1806 vestustatis
1231 1751 1470 1812 obeurae,
1505 1751 1662 1820 copia
1716 1750 2180 1820 signiﬁcationum
2242 1753 2531 1824 ambiguae,
2577 1765 2633 1810 et
2679 1770 2781 1825 pro
2817 1756 3074 1812 orientali
3122 1757 3396 1813 scribendi

120 1871 344 1929 genere,
375 1855 521 1907 inter
546 1859 798 1906 nostrum
819 1857 873 1903 et
896 1843 1373 1914 Ilieroglyphieum
1398 1843 1597 1904 medio,
1620 1843 1675 1895 in
1708 1843 1852 1897 notis
1879 1843 2182 1911 praesertim
2210 1853 2266 1898 et
2289 1852 2445 1899 extra
2477 1845 2673 1901 seriem
2697 1849 2967 1904 orationis
2993 1849 3147 1906 vario
3177 1849 3396 1919 legendi

117 1965 171 2008 et
198 1946 592 2021 interpretandi
619 1941 850 1999 arbitrio
877 1939 1128 1994 obnoxiae
1161 1946 1308 1999 sunt,
1339 1937 1566 1991 totidem
1597 1935 1810 1990 Latinis
1839 1936 2087 2005 ejusdem
2116 1935 2198 1991 vis
2221 1947 2274 1992 et
2304 1940 2596 2007 potestatis
2619 1939 2927 2010 exprimere
2945 1938 3043 2010 (1).
3077 1938 3170 1994 Sic
3196 1938 3396 1994 harum

117 2057 448 2102 caussarum
486 2051 702 2094 errores
731 2049 866 2089 meae
901 2030 1132 2086 inscitiae
1154 2069 1168 2093 ,
1198 2030 1441 2098 reliquos
1474 2043 1624 2095 vero,
1664 2043 1804 2099 quos
1831 2027 2257 2084 transcribendo
2286 2031 2560 2099 commisi,
2602 2041 2656 2087 et
2688 2047 2828 2102 quos
2871 2039 3181 2102 suspectos,
3215 2031 3397 2086 mani-

121 2141 318 2202 festos,
355 2143 503 2190 metu
531 2134 728 2187 iterum
756 2125 974 2183 errandi
1002 2140 1108 2178 non
1131 2123 1368 2187 correxi,
1407 2137 1542 2178 mea:
1568 2123 1797 2178 incuriae
1827 2124 2059 2187 tribues,
2097 2131 2152 2180 et
2177 2139 2303 2180 cum
2335 2124 2460 2179 illos
2487 2133 2707 2195 propter
2739 2126 2817 2180 rei
2843 2124 3242 2191 dilllcultatem,
3271 2133 3391 2179 tum

120 2235 222 2287 hos
257 2236 483 2300 propter
519 2221 778 2292 temporis
811 2218 864 2272 in
894 2216 1053 2286 copia
1083 2214 1294 2269 codicis
1321 2213 1572 2268 facienda
1602 2212 1922 2268 brevitatem
1956 2215 2268 2270 excusabis.
2299 2213 2552 2269 Profecto
2591 2230 2698 2270 non
2748 2223 2957 2271 tantum
2986 2231 3014 2271 a
3045 2232 3155 2284 me,
3191 2215 3286 2286 qui
3318 2215 3400 2285 ip-

120 2340 246 2380 sum
269 2322 520 2376 codicem
576 2329 676 2369 nec
709 2321 889 2372 antea,
922 2315 1151 2377 urgente
1184 2320 1305 2360 meo
1346 2306 1399 2358 in
1423 2304 1688 2358 orientem
1721 2304 1936 2368 itinere,
1962 2313 2135 2359 totum
2163 2321 2286 2360 cum
2309 2314 2498 2361 nostro
2521 2307 2812 2375 exemplari
2837 2305 3155 2364 conferendi
3183 2317 3400 2376 tempus

119 2420 315 2479 habui,
345 2431 445 2469 nec
469 2414 581 2483 jam
611 2425 676 2464 ex
708 2416 862 2478 parte
892 2401 1209 2457 consulendi
1246 2399 1591 2454 occasionem
1629 2399 1828 2464 habeo,
1859 2398 2188 2468 postulabis,
2215 2409 2480 2469 quantum
2514 2399 2586 2456 ab
2625 2411 2816 2454 eorum
2842 2398 3037 2454 studiis
3063 2407 3115 2455 et
3141 2398 3395 2471 ingeniis,

121 2513 328 2580 quibus
362 2507 527 2574 hujus
565 2501 852 2568 utriusque
885 2498 1101 2550 fortuna
1127 2496 1440 2566 contigerit,
1471 2494 1834 2564 exspectabis.

191 2604 275 2657 Ad
304 2602 561 2656 ultimum
587 2597 654 2650 de
683 2593 890 2649 codicis
919 2591 1092 2644 nostri
1127 2605 1254 2653 usu,
1279 2588 1372 2659 qui
1405 2588 1599 2641 melius
1625 2587 1789 2642 asuis
1820 2585 2009 2650 rebus,
2051 2600 2217 2655 quam
2247 2585 2454 2641 nostris
2481 2585 2667 2642 verbis
2693 2585 3134 2655 cognoscendus,
3166 2585 3400 2656 integri-

121 2702 218 2754 tati
261 2696 515 2752 lIebraici
552 2702 732 2747 textus
765 2698 948 2744 vetera
974 2690 1312 2751 testimonia,
1347 2688 1494 2743 vitiis
1528 2685 1672 2741 LXX
1702 2687 2058 2756 interpretum
2083 2700 2224 2740 nova
2247 2683 2510 2750 remedia,
2530 2696 2587 2742 et
2617 2701 2744 2742 cum
2779 2681 3182 2740 llontfauconis
3217 2680 3396 2736 IIexa-

117 2795 228 2864 plis
261 2801 374 2846 tum
399 2787 641 2861 Syriacis
665 2784 1102 2839 Nomenclaturis
1133 2796 1330 2851 magna
1369 2782 1705 2834 incrementa
1736 2783 1790 2834 in
1823 2779 2004 2834 fronte
2029 2778 2314 2850 promittit,
2352 2785 2406 2833 et
2428 2779 2484 2834 in
2517 2794 2735 2836 recessu
2789 2777 2955 2844 fovet,
2987 2777 3157 2832 multa
3193 2775 3395 2860 habeo,

118 2899 244 2954 quae
275 2880 536 2943 dicerem,
570 2876 673 2931 nisi
704 2877 983 2946 proposita
1013 2872 1313 2928 voluminis
1345 2879 1398 2926 et
1427 2869 1584 2940 pretii
1615 2870 1936 2939 magnitudo
1969 2870 2102 2923 mihi
2140 2879 2286 2925 esset
2315 2869 2732 2939 impedimento.
2766 2869 2933 2940 Igitur
2962 2884 3084 2924 cum
3117 2883 3184 2923 ex
3231 2867 3399 2920 innu-

120 2977 295 3032 uteris
321 2971 583 3028 nonnulla
615 2969 779 3038 hujus
823 2965 1094 3022 versionis
1142 2964 1284 3027 loca,
1313 2977 1435 3032 qum
1468 2962 1536 3016 ab
1563 2959 1856 3031 IIexaplari
1914 2971 2028 3016 tum
2089 2959 2494 3017 Montfauconis
2549 2977 2712 3030 opere
2768 2971 2880 3016 tum
2916 2961 3104 3016 Grabii
3158 2957 3399 3015 editione

120 3082 325 3123 Vocum
371 3071 426 3121 et
459 3064 740 3134 signorum
784 3076 1040 3124 numero,
1077 3060 1251 3114 Iorma
1282 3065 1336 3111 et
1362 3058 1481 3112 loco
1502 3054 1781 3122 differunt,
1816 3055 2022 3112 affatim
2059 3056 2333 3127 explicare
2367 3070 2477 3112 non
2510 3055 2691 3123 liceat,
2744 3072 2808 3112 ea
2851 3057 2905 3110 in
2937 3067 3256 3127 opportunae
3283 3053 3400 3110 col--

120 3157 348 3214 lationis
375 3156 587 3225 c0piam
637 3161 691 3208 et
738 3153 852 3207 veri
900 3168 961 3207 ac
994 3151 1113 3207 falsi
1166 3149 1461 3205 discrimen
1494 3147 1815 3201 nominatim
1863 3148 2067 3201 citassc
2117 3146 2332 3217 juvabit
2381 3162 2412 3202 e
2452 3145 2584 3202 solis
2625 3142 2845 3202 duobus
2878 3145 3032 3202 libris
3070 3159 3211 3216 quos
3251 3159 3400 3200 nunc

121 3253 365 3307 edimus.

196 3343 403 3398 .Ierem.
435 3341 550 3395 1.8.
577 3339 641 3394 II.
677 3339 761 3392 17.
787 3338 875 3391 29.
910 3334 999 3390 IlI.
1033 3336 1087 3390 5.
1123 3333 1214 3389 1V.
1247 3334 1298 3386 1.
1333 3330 1398 3385 ν.
1439 3329 1528 3385 15.
1569 3329 1633 3383 16

1882 3371 1892 3384 .
1928 3329 2097 3384 215.
2139 3330 2230 3383 22.
2259 3329 2364 3382 VII.
2401 3329 2606 3385 10.11.
2637 3329 2774 3386 VIII.
2798 3331 2855 3385 2.
2885 3331 2938 3386 7.
2975 3329 3060 3386 19.
3093 3330 3181 3385 ΙΧ.
3208 3330 3299 3386 26.
3327 3329 3396 3386 Χ.

123 3435 180 3490 9.
216 3434 305 3490 t8.
335 3431 477 3486 XIII.
507 3427 857 3484 IO.XIV.15.
893 3428 980 3481 Is.
1011 3424 1129 3479 XV.
1154 3425 1244 3478 ll.
1276 3420 1417 3476 XVI.
1448 3422 1503 3476 t.
1539 3420 1732 3475 XVIII.
1765 3420 1858 3474 eo.
1890 3421 1982 3474 25.
2016 3419 2158 3475 XIX.
2193 3423 2281 3475 Il.
2314 3420 2460 3475 XXI.
2495 3423 2547 3476 δ.
2579 3420 2740 3479 XXII.
2771 3423 2970 3480 18.29.
3001 3423 3089 3479 50.
3124 3423 3310 3479 XXIII.
3341 3424 3397 3481 8.

128 3530 219 3584 to.
249 3527 446 3583 XXIX.
481 3527 566 3581 Is.
609 3523 850 3579 XXXIII.
904 3523 987 3576 I6.
1021 3519 1241 3574 XXXV.
1275 3519 1329 3573 5.
1365 3515 1607 3572 XXXVI.
1638 3516 1689 3569 I.
1731 3513 1868 3571 XLI.
1908 3518 1962 3570 9.
1996 3516 2082 3572 I5.
2113 3515 2343 3571 XLVIII.
2390 3517 2475 3572 ιδ.
2513 3515 2964 3575 50.45.11ezecb.
2999 3515 3179 3576 v.15.
3213 3517 3301 3574 VI.
3339 3519 3394 3576 6.

124 3621 183 3673 9.
222 3619 311 3674 10.
333 3613 498 3673 XVII.
529 3618 621 3671 20.
647 3617 736 3670 21.
767 3613 951 3670 XVIII.
981 3615 1034 3669 4.
1073 3613 1158 3670 LI.
1191 3615 1244 3670 6.
2518 3648 2520 3651 .

202 3799 285 3865 (l)
325 3797 572 3852 Graecum
605 3795 897 3849 articulum
929 3795 1358 3866 praepositivum,
1411 3810 1572 3865 quem
1613 3791 1879 3864 Origenes
1906 3795 2078 3851 textui
2127 3794 2428 3850 LXXvirali
2463 3793 2755 3865 aliquando
2799 3794 3086 3866 praemisso
3130 3793 3399 3866 asterisco

128 3864 582 3936 addidittnoster
609 3881 704 3933 per
730 3866 972 3936 litteram
1013 3865 1218 3920 Lomad
1247 3864 1537 3935 expressit,
1567 3879 1736 3936 quam
1779 3865 2025 3934 Norberg
2072 3881 2168 3936 per
2195 3867 2286 3928 ad,
2320 3867 2404 3920 vel
2435 3866 2504 3929 is,
2534 3864 2619 3932 ea,
2666 3865 2744 3936 id,
2771 3864 3030 3929 reddidit,
3067 3879 3169 3920 nos
3202 3864 3396 3936 litteris
3445 3895 3448 3898 ~

127 3937 340 4009 Graecis
365 3935 572 4009 Latinae
597 3935 835 4009 versioni
871 3936 1242 4009 inseruimus;
1277 3936 1423 4009 quod
1452 3937 1653 3993 rectius
1677 3949 1799 3994 esse
1835 3936 1952 4007 ipse
1982 3935 2191 3994 codicis
2225 3937 2402 3995 editor
2435 3936 2672 4009 ingenue
2703 3935 2887 3994 fassus
2934 3944 3016 3993 est
3043 3949 3104 3992 se
3145 3935 3394 3991 animad-

125 4005 366 4062 vertisse
391 4006 656 4076 impresso
688 4006 801 4077 jam
821 4020 984 4077 opere
1007 4021 1128 4063 suo.
1164 4005 1361 4063 Drach.

418 5791 691 5852 Ρλτκοι.
717 5789 833 5852 Gn.
869 5789 1038 5851 XVI.

2999 5791 3081 5852 73
