3834 6224
428 277 570 333 εδυτς

1596 282 1824 338 CODEX
1868 285 2048 339 SYRO
2061 285 2214 339 -ΠΕΧ
2229 285 2546 342 AMANS.

3548 293 3702 351 230i

1079 425 3679 458 Μ

1423 565 2115 656 PROPHETIA
2187 571 2750 660 JEREMUE

1401 766 1778 826 SECUNDUM
1840 769 2242 828 VERSIONEM
2314 769 2792 828 LXXVIRALEM.

478 1082 832 1156 -Cap.-’l.-—-l.
855 1084 1181 1156 (a)Verbum
1211 1101 1273 1143 -t—
1299 1086 1390 1142 Dei
1416 1090 1560 1158 quod
1577 1089 1776 1144 factum
1802 1086 2009 1154 est1ad
2045 1092 2086 1146 Α
2118 1101 2376 1139 manuum
2411 1105 2656 1142 suat-um.
2694 1088 2779 1141 17.
2819 1089 2882 1143 Ει
2914 1099 2970 1146 ιιι
3017 1090 3287 1162 prtecinge
3322 1092 3470 1150 latus
3514 1104 3712 1158 tuum,

419 1180 724 1235 'Jeremiam
775 1179 941 1234 ﬁlium
992 1179 1210 1243 Helcize,
1247 1197 1313 1234 ex
1368 1183 1766 1246 sacerdoﬁbus,
1805 1195 1864 1236 -εν
1919 1179 2013 1249 qui

435 1272 720 1327 habitabat
749 1273 772 1341 1
803 1273 856 1326 in
885 1272 1157 1327 Anathoth
1184 1274 1245 1327 in
1274 1284 1416 1328 terra
1438 1273 1724 1344 Benjamin
1757 1295 1767 1327 :
1791 1273 1845 1326 2.
1870 1271 2014 1341 quod

435 1364 640 1419 factum
673 1371 759 1418 est
788 1363 1014 1417 verbum
1067 1363 1140 1432 (ὁ)
1191 1363 1404 1416 Domini
1437 1365 1503 1418 ad
1549 1379 1672 1417 eum
1719 1363 1773 1416 in
1825 1361 2015 1415 diebus

435 1454 600 1511 Josiae
632 1454 728 1509 ﬁlii
768 1456 945 1509 Amon
997 1454 1136 1524 regis
1169 1452 1344 1521 Judte,
1403 1469 1546 1508 anno
1587 1454 1750 1508 tertio
1801 1452 2016 1507 decimo

437 1548 490 1600 itt
525 1562 692 1616 regno
727 1548 867 1616 ejus.
923 1547 977 1600 5.
1000 1545 1071 1600 Et
1119 1545 1319 1600 factum
1355 1555 1441 1600 est
1477 1549 1530 1598 in
1567 1545 1759 1598 diebus
1807 1542 2014 1598 Joacim

438 1638 531 1690 ﬁlii
563 1636 728 1692 Josia:
772 1637 914 1706 regis
963 1635 1137 1701 Judte,
1170 1652 1347 1706 usque
1381 1637 1444 1690 ad
1496 1637 1655 1690 linem
1689 1637 1816 1689 anni
1847 1635 2016 1690 unde—

435 1727 563 1780 cimi
595 1726 836 1781 Sedecia:
867 1725 958 1779 ﬁlii
985 1724 1153 1780 Josiae
1186 1726 1330 1795 regis
1363 1723 1543 1788 Jutlte,
1599 1739 1773 1792 usque
1825 1723 1889 1776 ad
1945 1722 2015 1790 (ε)

435 1819 805 1887 captivitatem
860 1817 1162 1872 Jerusalem
1215 1817 1269 1871 in
1332 1831 1519 1871 mense
1568 1816 1779 1884 quinto.
1829 1813 1882 1867 4.
1949 1811 2015 1866 Ει

438 1911 639 1966 factum
695 1919 780 1966 est
831 1912 1058 1964 verbum
1096 1909 1314 1963 Domini
1365 1909 1430 1962 ad
1483 1923 1592 1972 me,
1648 1907 1837 1962 dicens
1891 1923 1904 1958 :
1959 1905 2011 1957 5.

436 2003 761 2071 Priusquam
799 2001 1056 2070 ﬁngerem
1099 2009 1149 2054 te
1197 2000 1250 2052 in
1289 2008 1463 2063 utero,
1512 1997 1639 2052 novi
1679 2007 1751 2060 te,
1780 2004 2014 2049 ctante-

437 2109 601 2164 quatn
638 2094 889 2162 prodires
927 2107 958 2146 e
988 2092 1174 2154 vulva,
1203 2090 1538 2145 sanctiﬁcavi
1580 2097 1654 2153 te,
1694 2090 2013 2157 prophetam

439 2189 493 2240 in
522 2184 775 2255 gentibus
809 2182 1070 2238 constitui
1109 2190 1180 2236 te.
1227 2181 1282 2234 6.
1326 2179 1392 2233 Et
1435 2180 1543 2234 dixi
1604 2199 1616 2234 :
1667 2179 1743 2248 (ά)
1793 2180 1884 2231 llle
1923 2179 2016 2246 qui

429 2285 520 2330 est
550 2273 836 2339 Dominus,
873 2272 1121 2338 Domine,
1159 2286 1288 2326 ecce
1313 2286 1421 2325 non
1456 2271 1756 2326 instructus
1795 2284 1912 2324 sum
1947 2268 2015 2321 ad

435 2365 796 2434 loquendum,
840 2361 1100 2430 quoniam
1140 2375 1275 2429 puer
1305 2374 1405 2429 ego
1452 2375 1594 2413 sum.
1651 2359 1702 2411 7.
1767 2359 1831 2412 Et
1875 2358 2012 2410 dixit

443 2446 706 2510 Dominus
741 2453 810 2508 ad
855 2468 942 2507 me
989 2471 1000 2506 :

437 2545 567 2614 quia
612 2543 680 2598 ad
712 2558 904 2598 omnes
944 2557 1062 2607 eos,
1099 2542 1165 2595 ad
1213 2557 1352 2610 quos
1412 2541 1615 2596 misero
1664 2552 1737 2602 te,
1789 2541 1911 2603 ibis,
1964 2549 2016 2593 et

433 2635 594 2704 juxta
629 2633 835 2694 omnia,
885 2647 1008 2699 qua:
1047 2644 1358 2700 praecepero
1401 2629 1522 2694 tibi,
1557 2629 1814 2698 loqueris.
1849 2629 1901 2683 8.
1942 2627 2017 2683 Ne

441 2725 639 2777 timeas
673 2739 702 2776 a
725 2722 865 2776 facie
887 2737 1101 2786 eorum,
1141 2737 1207 2762 αδ
1243 2729 1296 2774 et
1329 2736 1394 2773 nc
1419 2721 1813 2775 commovearis
1835 2736 2015 2775 coram

440 2817 522 2869 eis
555 2816 612 2882 1;
635 2815 763 2892 quia
800 2821 980 2867 tecum
1013 2827 1113 2882 ego
1138 2827 1282 2874 sum,
1321 2813 1385 2865 ad
1423 2813 1762 2880 eripiendum
1789 2822 1862 2878 te,
1884 2813 2017 2866 dicit

442 2907 728 2962 Dominus.
772 2906 825 2959 9.
865 2905 929 2958 Et
975 2905 1217 2958 extendit
1270 2904 1536 2958 Dominus
1586 2921 1806 2958 manum
1859 2921 2015 2960 suam

443 2995 512 3049 ad
541 3009 650 3059 me,
681 3003 734 3049 et
763 2994 1216 3062 appropinquavit
1241 2993 1322 3047 ori
1353 3010 1492 3058 meo,
1525 3003 1578 3048 et
1597 2995 1734 3048 dixit
1760 2996 2019 3049 Dominus

443 3085 512 3140 ad
550 3099 636 3138 me
677 3082 866 3138 :Ecce
911 3083 1032 3137 dedi
1076 3084 1240 3137 verba
1290 3100 1407 3136 mea
1453 3084 1506 3136 in
1558 3099 1620 3137 os
1672 3091 1824 3138 tuum
1863 3105 1876 3139 :
1929 3085 2014 3139 10.

441 3176 585 3231 Ecce
617 3174 876 3230 constitui
910 3183 963 3229 te
998 3173 1067 3243 (ρ)
1107 3174 1266 3228 hodie
1312 3189 1474 3243 super
1513 3183 1720 3244 gentes,
1753 3185 1807 3229 ct
1831 3192 2016 3245 regna,

441 3267 512 3321 ad
536 3265 947 3335 extirpandum,
979 3274 1034 3320 et
1062 3266 1129 3321 ad
1158 3266 1537 3331 evertendum,
1578 3272 1643 3335 Ξ(
1685 3276 1738 3321 et
1776 3269 1841 3322 ad
1884 3285 2019 3336 pcr-

441 3359 704 3423 dendum,
735 3367 787 3412 et
817 3357 884 3410 ad
916 3357 1309 3411 destruendum
1339 3357 1401 3426 1,
1433 3366 1486 3411 et
1514 3360 1578 3412 ad
1614 3359 2015 3425 aadiﬁcandum,

441 3459 498 3505 et
530 3450 597 3504 ad
627 3449 1004 3520 plantandum.
1037 3449 1123 3501 11.
1157 3446 1220 3501 Et
1269 3447 1472 3502 factum
1504 3459 1589 3503 est
1629 3451 1851 3502 verbum
1911 3448 2017 3503 Do-

441 3541 576 3595 mini
620 3542 684 3595 ad
737 3556 844 3603 me,
881 3539 1068 3593 dicens
1101 3557 1114 3592 :
1149 3538 1287 3603 Quid
1342 3547 1402 3592 tu
1449 3539 1620 3604 vides,
1650 3538 1922 3594 Jercmia?
1955 3541 2019 3593 Et

441 3633 554 3687 dixi
594 3649 608 3686 :
659 3631 918 3686 Bacuium
975 3631 1041 3700 (Ῑ)
1088 3632 1244 3686 nucis
1296 3634 1362 3698 >ε<
1409 3647 1509 3701 ego
1559 3633 1717 3685 vidco
1750 3636 1795 3702 1.
1834 3633 1918 3686 12.
1953 3633 2019 3687 Et

440 3725 579 3779 dixit
601 3723 668 3778 ad
706 3740 792 3778 me
828 3723 1134 3778 Dominus:
1165 3722 1310 3777 Bene
1339 3722 1555 3788 vidisti;
1602 3725 1731 3793 quia
1768 3725 1840 3794 (g)
1886 3726 2019 3794 vigi-

442 3817 549 3873 lavi
583 3830 684 3884 ego
721 3830 884 3884 super
910 3814 1074 3870 verba
1104 3829 1245 3878 mea,
1280 3815 1346 3868 ad
1376 3787 1684 3870 faciendum
1717 3787 2018 3872 ea:'i5.vEt
2044 3787 2090 3848 C
2123 3787 2380 3878 mOI‘IiSD:
2407 3852 2421 3877 .

444 3908 647 3962 factum
687 3916 772 3962 est
822 3907 1044 3961 verbum
1088 3904 1306 3960 Domini
1353 3907 1420 3960 ad
1469 3921 1557 3962 me
1599 3910 1837 3963 secunda
1875 3909 2014 3972 vice,

440 4001 633 4055 dicens
665 4018 678 4054 :
716 3998 856 4064 Quid
890 4007 946 4052 tu
981 3999 1176 4053 vides?
1207 3997 1271 4050 Et
1295 3999 1408 4053 dixi
1447 4015 1460 4052 :
1495 3997 1669 4053 Ollam
1696 3999 1772 4070 (It)
1801 4016 2020 4055 succen-

441 4105 559 4146 sam
597 4093 664 4158 )a(
694 4105 794 4159 ego
831 4091 988 4145 video
1023 4090 1072 4157 1,
1105 4099 1160 4144 et
1205 4090 1400 4145 faciem
1433 4092 1556 4161 ejus
1581 4107 1610 4144 a
1641 4091 1776 4145 facie
1806 4093 2018 4162 aquilo-

441 4181 551 4235 nis.
585 4181 672 4234 14.
711 4179 776 4233 Ει
804 4181 943 4234 dixit
971 4181 1236 4236 Dominus
1275 4182 1343 4236 ad
1378 4197 1465 4236 me
1497 4199 1510 4235 :
1540 4182 1584 4234 A
1619 4181 1758 4236 facie
1805 4183 2020 4251 aquilo-

443 4270 532 4324 nis
562 4271 630 4340 (t')
661 4271 1022 4325 exardescent
1071 4273 1213 4327 mala
1260 4287 1422 4342 super
1465 4287 1660 4327 omnes
1711 4272 2018 4327 habitantes

443 4357 499 4412 in
528 4365 692 4411 terra.
727 4358 814 4412 15.
851 4358 1119 4423 Quoniam
1151 4376 1279 4416 ecce
1314 4375 1416 4430 ego
1456 4374 1700 4414 convoco
1727 4361 1910 4414 omnia
1945 4359 2016 4429 (k)

431 4463 612 4518 regna
643 4450 711 4517 >κ
741 4464 928 4517 regum
980 4450 1004 4518 1
1043 4451 1110 4503 ab
1157 4455 1222 4518 >ε<
1263 4451 1522 4520 aquilone
1573 4452 1594 4519 1
1647 4459 1824 4514 terrae,
1882 4449 2019 4504 dicit

443 4539 730 4593 Dominus.
758 4537 822 4592 Et
846 4539 1083 4621 venient,
1108 4550 1161 4594 et
1183 4548 1380 4609 ponent
1412 4541 1795 4610 unusquisque
1818 4541 2014 4594 solium

438 4643 602 4684 suum
644 4644 808 4699 super
845 4631 1127 4685 vestibulis
1164 4641 1447 4701 portarum
1477 4631 1804 4693 Jerusalem,
1838 4639 1893 4685 et
1921 4647 2017 4684 su-

427 4733 540 4788 per
560 4721 817 4775 omnibus
844 4721 999 4787 viris,
1031 4722 1125 4790 qtti
1159 4723 1304 4777 circa
1333 4738 1475 4789 eam,
1499 4732 1552 4776 et
1575 4739 1735 4792 super
1759 4721 2015 4776 omnibus

444 4808 671 4862 urbibus
696 4808 870 4865 Judze.
903 4813 988 4865 lﬁ.
1019 4811 1083 4866 Et
1117 4814 1312 4882 loquar
1346 4829 1468 4866 cunt
1512 4813 1572 4883 (Ι)
1600 4813 1810 4882 judicio
1833 4814 1898 4866 ad
1921 4827 2016 4866 eos

443 4899 510 4952 de
552 4901 703 4954 omni
735 4903 940 4956 malitia
989 4919 1208 4966 eorum,
1263 4909 1405 4970 quod
1459 4904 1867 4972 dercliquerunt
1906 4918 2014 4968 me,

442 4999 498 5044 et
528 4992 910 5048 sacriﬁcarunt
939 4996 1048 5050 Diis
1077 4999 1172 5066 (νη)
1205 4996 1421 5058 alienis,
1455 5005 1507 5050 ct
1530 4996 1830 5050 adorarunt
1849 5011 2014 5064 opera

515 5169 600 5250 (α).
634 5165 870 5250 Reliqui,
905 5185 1186 5225 sermones
1223 5169 1608 5250 :l_erettti_:e_lilii
1650 5169 1865 5250 H‘el‘cia‘e.

445 5238 697 5300 Domine,
719 5238 968 5300 Domine,
1002 5255 1034 5291 ο
1057 5255 1089 5292 o
1119 5254 1169 5293 o.
1215 5239 1372 5299 lleb.,
1405 5241 1449 5292 A
1476 5239 1520 5291 Α
1546 5240 1610 5292 Α.
1689 5241 1757 5312 (e)
1798 5242 1890 5305 A.,

443 5309 537 5368 Α..
572 5305 654 5373 S.,
684 5307 1034 5360 insuﬁlatam.
1112 5308 1173 5373 (ἱ)
1211 5307 1402 5373 A.,S.,
1439 5311 1770 5373 aperientur.
1850 5311 1890 5373 (Α

446 5511 743 5579 proventus
769 5511 918 5580 'ejus.
997 5513 1060 5582 (ι)
1101 5513 1191 5576 Α.,
1218 5511 1857 5582 8.,ιέοηεθηευίῐιὶιειιεε.

446 5581 720 5633 desertum
761 5581 977 5635 Arabiae
1025 5583 1140 5635 sine
1175 5582 1475 5635 habitante.
1556 5586 1629 5635 (ul
1671 5584 1757 5635 Α.-
1808 5583 1857 5635 S.

445 5586 720 5633 desertum
761 5586 977 5635 Arabiae
1025 5586 1140 5635 sine
1175 5586 1475 5636 habitante.
1556 5586 1629 5650 (ῃ)
1671 5586 1758 5648 Α.,

447 5648 537 5709 Α.,
567 5644 651 5710 S.,
683 5647 916 5702 fructum
951 5652 1090 5719 ejus.
1167 5651 1242 5718 (ὁ)
1282 5650 1374 5716 Α.,
1407 5651 1497 5717 8.,
1532 5651 1585 5705 itt
1620 5652 1768 5708 Baal.

1945 5172 2017 5242 (ὁ)
2054 5173 2210 5238 Ileb.,
2276 5173 2561 5230 Dominus.
2640 5177 2709 5248 (c)
2753 5179 2844 5244 A.,
2889 5182 3458 5251 transmigrationem.

1927 5242 2008 5296 8..
2039 5246 2128 5296 the
2165 5245 2285 5296 hor.
2364 5246 2432 5296 m
2473 5246 2562 5296 Α..
2595 5246 2716 5296 ΤΙι..
2745 5253 3038 5296 amvgtlali-
3118 5253 3192 5296 {ni
3235 5253 3310 5296 sV.
3354 5257 3458 5296 vitri

1974 5281 2008 5305 .,
2039 5259 2128 5296 tne
2165 5259 2285 5297 nor.

499 5346 539 5390 η
572 5307 654 5390 Sn.,
684 5307 1047 5390 innsuﬁlatam.‘
1112 5308 1173 5390 gi)
1211 5307 1402 5373 A.,S.,
1439 5307 1770 5390 aperientur.
1850 5311 1920 5380 (It)
1964 5311 2158 5377 A.,S.,
2186 5307 2643 5390 pulchritudinem
2677 5307 2916 5390 generis.
2997 5321 3058 5390 (Ι)
3100 5307 3190 5384 At,
3223 5307 3700 5390 S.,'judoiciamea:

446 5376 542 5450 (nt)
586 5376 670 5450 §.,
725 5375 897 5430 falsis.
976 5378 1052 5450 (n_)
1094 5375 1181 5439 A.,
1230 5390 1528 5450 nejpav‘eas
1575 5393 1602 5429 a
1657 5379 1808 5450 facie
1831 5375 2048 5445 eorum,
2087 5397 2150 5434 ne
2185 5375 2488 5450 percutiam
2525 5395 2594 5438 te.

447 5443 526 5513 (p)
567 5443 659 5506 Α..
695 5460 858 5520 super
889 5443 1257 5520 omnitcrra;
1305 5443 1380 5513 (ἓν)
1421 5445 1503 5510 S.,
1545 5455 1597 5499 et
1624 5448 1902 5520 praedicat.
1946 5519 1949 5520 ν
1984 5452 2012 5519 (2

2113 5443 2201 5514 1.,’
2227 5451 2311 5516 S.,

813 5513 923 5590 ius.
997 5513 1066 5590 (ιχ
1101 5513 1302 5590 A._,
1336 5513 1857 5590 consanguinitates.
1934 5513 2011 5590 (ιι)

2113 5559 2142 5582 χ,
2193 5513 2544 5588 ittjtistitiattt.
2625 5527 2701 5590 (ω)
2741 5525 2835 5588 Α..

1720 5624 1758 5648 .,
1808 5583 1892 5650 8.,
1931 5583 2111 5642 homo.

2115 1185 2170 1230 et
2203 1193 2384 1246 surge,
2422 1187 2476 1232 et
2505 1179 2595 1233 dic
2635 1179 2702 1232 ad
2728 1193 2825 1234 eos
2855 1182 3060 1244 omnia,
3111 1197 3473 1253 quaecumque
3502 1189 3574 1251 >κ
3603 1200 3714 1253 ego

2122 1269 2143 1336 1
2180 1285 2491 1340 praecepero
2520 1270 2636 1324 tibi.
2676 1270 2754 1342 (η)
2783 1271 2858 1326 Ne
2892 1273 3084 1326 timeas
3125 1289 3155 1327 a
3188 1273 3326 1328 facie
3355 1289 3579 1339 eorum,
3629 1277 3713 1344 (ο)

2117 1376 2185 1414 ne
2227 1360 2571 1415 tcrrefaciam
2609 1372 2662 1417 te
2687 1377 2875 1417 coram
2910 1366 3026 1430 eis;
3055 1365 3182 1433 quia
3217 1373 3395 1419 tecum
3427 1381 3533 1434 ego
3556 1381 3714 1429 sunt,

2117 1451 2182 1504 ad
2220 1451 2563 1520 eripiendum
2607 1462 2677 1518 te,
2705 1454 2837 1508 dicit
2865 1453 3153 1512 Dominus.
3203 1456 3287 1510 18.
3328 1459 3394 1523 >ε<
3439 1457 3558 1526 Ego
3609 1472 3716 1510 au-

2115 1550 2222 1596 tent
2262 1543 2282 1610 1
2320 1559 2448 1598 ecce
2472 1546 2626 1614 posui
2663 1555 2712 1600 te
2747 1547 2798 1599 in
2826 1545 2915 1600 die
2948 1547 3234 1611 hodierno,
3273 1556 3335 1600 ttt
3361 1548 3558 1601 urbem
3587 1564 3718 1600 mu-

2117 1635 2312 1696 nitam,
2349 1637 2416 1702 ):(
2451 1646 2504 1689 et
2559 1637 2613 1691 in
2668 1638 2980 1691 columnam
3035 1636 3166 1692 ferri
3201 1638 3258 1705 1,
3289 1647 3346 1694 et
3377 1647 3439 1693 ιιι
3474 1656 3713 1693 murum

2117 1724 2388 1778 munitum
2421 1727 2547 1780 atris
2581 1724 2658 1795 (p)
2683 1728 2943 1781 omnibus
2977 1728 3196 1797 regibus
3216 1727 3389 1794 Jttdze,
3414 1737 3467 1782 et
3489 1730 3714 1798 princi-

2117 1815 2274 1884 pibus
2296 1817 2436 1887 ejus,
2478 1821 2544 1886 )t(
2587 1827 2641 1872 et
2667 1819 3047 1875 sacerdotibus
3089 1837 3277 1875 eorum
3307 1823 3362 1890 1.
3397 1834 3450 1875 et
3499 1823 3719 1890 populo

2120 1917 2299 1964 terrze.
2341 1910 2425 1964 19.
2458 1909 2523 1964 Ει
2553 1913 2873 1980 pugnabunt
2901 1927 3026 1965 cum
3067 1920 3140 1978 te,
3187 1921 3243 1966 et
3283 1928 3391 1965 non
3439 1913 3718 1980 praevale-

2117 1997 2255 2050 bunt
2285 2000 2546 2053 adversus
2579 2010 2664 2065 te;
2704 2001 2832 2069 quia
2882 2010 3058 2055 tecum
3099 2017 3222 2056 sum
3252 2016 3372 2072 ego,
3416 2001 3559 2056 dicit
3602 2003 3718 2055 Do—

2119 2092 2322 2156 minus,
2355 2094 2422 2144 atl
2457 2092 2801 2160 eripiendum
2832 2102 2904 2148 te.

2190 2181 2322 2250 Cap.
2350 2182 2556 2236 l|.——i.
2593 2185 2658 2251 ᾖε(
2691 2183 2755 2236 Ει
2778 2183 2982 2238 factum
3009 2193 3093 2239 est
3122 2184 3348 2239 verbum
3384 2184 3603 2238 Domini
3640 2186 3718 2238 ad

2119 2285 2228 2332 mc,
2290 2271 2480 2325 (licens
2514 2289 2527 2323 :
2566 2271 2619 2324 2.
2667 2269 2814 2325 Vade
2881 2273 2954 2342 (q)
2991 2283 3047 2327 et
3089 2273 3204 2342 lege
3257 2274 3311 2326 in
3357 2275 3594 2328 auribus
3657 2275 3718 2327 ﬁ-

2120 2361 2317 2414 liorum
2347 2360 2678 2425 Jerusalem,
2727 2373 2780 2416 ct
2816 2364 2904 2418 dic
2951 2366 3015 2432 1,
3043 2362 3172 2419 Haec
3209 2364 3345 2418 dicit
3376 2364 3652 2420 Dominus
3699 2387 3714 2420 :

1061 2450 1137 2507 Ne
1182 2452 1355 2516 dicas,
1390 2450 1537 2520 quod
1570 2467 1703 2521 puer
1729 2468 1830 2521 ego
1859 2466 2012 2516 Stult;

2118 2450 2459 2504 liccordalus
2493 2469 2613 2506 sum
2663 2454 2760 2507 tibi
2809 2455 3248 2508 misericordiam
3283 2456 3539 2524 pueritia:
3575 2468 3715 2522 tum,

2118 2548 2171 2593 ct
2201 2555 2445 2593 amorem
2491 2543 2558 2610 tr)
2589 2542 2944 2611 perfectionis
2973 2552 3099 2604 tua},
3146 2553 3199 2596 et
3244 2545 3526 2598 adhaesiin
3567 2544 3718 2598 San-

2118 2639 2206 2683 (ιο
2239 2644 2300 2684 +
2339 2629 2578 2695 lsraelis,
2633 2632 2768 2687 dicit
2819 2631 3084 2688 Dominus
3134 2633 3197 2700 1,
3250 2634 3304 2686 in
3349 2635 3595 2699 deserto,
3657 2637 3716 2690 in

2120 2730 2262 2775 terra
2316 2739 2423 2776 non
2466 2725 2799 2778 semiuabili.
2845 2725 2899 2778 5.
2945 2723 3184 2781 Sanctus
3232 2726 3350 2795 ipse
3389 2725 3560 2781 Israel
3614 2729 3718 2780 Do-

2119 2813 2291 2877 mino,
2331 2813 2401 2881 is)
2431 2815 2761 2883 principium
2797 2824 3164 2884 proventuum
3190 2817 3310 2885 ejus
3335 2835 3350 2872 :
3377 2821 3717 2888 ontnes,qui

2123 2904 2417 2958 comedunt
2459 2919 2608 2968 eum,
2642 2906 2848 2975 injuste
2882 2919 3045 2977 agent
3073 2928 3084 2961 :
3124 2909 3266 2961 mala
3296 2909 3518 2963 venient
3543 2927 3720 2979 super

2120 3010 2239 3056 eos,
2268 2996 2408 3049 dicit
2439 2995 2728 3051 Dominus.
2755 2998 2809 3052 4.
2840 2997 3039 3051 Audite
3078 2999 3306 3052 verbum
3343 2998 3590 3066 Domini,
3619 3001 3720 3056 do-

2121 3101 2243 3138 mus
2275 3083 2478 3151 Jacob;
2513 3097 2566 3141 et
2591 3101 2782 3142 omnes
2811 3087 2876 3158 (ι)
2910 3088 3266 3156 paternitates
3294 3089 3497 3143 domus
3527 3089 3722 3145 Israe-

2121 3175 2209 3228 lis.
2236 3175 2288 3228 5.
2322 3174 2446 3230 Haec
2485 3177 2618 3232 dicit
2648 3177 2918 3232 Dominus
2955 3195 2969 3232 :
3012 3177 3169 3244 Quod
3204 3181 3282 3248 (τι)
3315 3181 3580 3235 delictum
3627 3183 3723 3235 in-

2121 3277 2387 3321 venerunt
2437 3269 2489 3321 in
2539 3284 2627 3324 me
2676 3277 2860 3336 patres
2917 3272 3109 3334 vestri,
3163 3273 3310 3341 quod
3365 3275 3721 3326 transierunt

2120 3357 2308 3424 procul
2341 3373 2369 3410 a
2400 3374 2503 3421 me,
2536 3367 2590 3413 et
2628 3359 2979 3415 ambularunt
3007 3370 3130 3430 post
3163 3377 3325 3428 vana,
3374 3372 3429 3417 et
3477 3365 3613 3416 vani
3648 3366 3726 3418 l‘a-

2121 3448 2191 3500 cti
2224 3450 2392 3502 sunt?
2420 3450 2473 3504 6.
2509 3449 2575 3503 Et
2618 3467 2726 3504 non
2780 3452 3038 3511 dixerunt
3079 3471 3090 3506 :
3130 3451 3234 3508 Ubi
3281 3464 3365 3510 est
3408 3455 3720 3518 Dominus.

2121 3539 2213 3604 qui
2250 3539 2434 3593 eduxit
2463 3554 2562 3594 nos
2592 3557 2658 3594 ex
2689 3549 2836 3596 terra
2865 3539 3112 3612 Egypti,
3159 3545 3237 3614 (π)
3275 3546 3369 3615 qui
3405 3548 3568 3600 duxit
3614 3566 3724 3604 nos

2121 3627 2176 3680 in
2207 3627 2446 3694 deserto,
2473 3630 2526 3682 in
2555 3643 2698 3684 terra
2727 3648 2833 3686 non
2879 3643 3104 3698 tentata,
3140 3650 3242 3689 nec
3288 3638 3435 3698 trita,
3472 3639 3527 3690 in
3558 3649 3721 3694 terra

2123 3718 2243 3772 sine
2279 3735 2442 3788 aqua,
2495 3735 2556 3775 -t-
2606 3732 2660 3776 et
2713 3723 2833 3778 sine
2881 3720 3155 3780 fructibus
3192 3725 3247 3792 1,
3293 3730 3360 3794 )s(
3404 3738 3458 3781 et
3508 3733 3720 3785 umbra

2469 3812 2520 3864 in
2568 3822 2733 3880 terra,
2777 3829 2898 3883 qua:
2941 3831 3052 3868 non
3099 3819 3357 3870 transivit
3399 3820 3452 3872 itt
3509 3837 3576 3875 ca
3640 3825 3718 3892 (ῃ)

2116 3899 2217 3961 vir,
2261 3916 2437 3970 neque
2468 3903 2733 3960 habitavit
2778 3906 2854 3975 ty)
2902 3905 3049 3960 ﬁlius
3093 3908 3335 3962 hominis
3393 3911 3506 3964 ibi?
3544 3913 3606 3966 7.
3652 3915 3720 3967 ιιι

2117 3989 2392 4045 introduxi
2431 4008 2529 4048 vos
2576 3995 2652 4064 (ι)
2701 3996 2755 4049 in
2797 3998 3137 4062 Carmelum,
3177 3999 3246 4053 ad
3294 4002 3571 4056 edendum
3635 4008 3716 4074 (α)

2117 4080 2328 4138 fructus
2353 4084 2496 4160 ejus,
2522 4095 2576 4139 et
2608 4086 2751 4142 bona
2779 4088 2918 4157 ejus.
2949 4089 3017 4143 Et
3038 4090 3272 4160 ingressi
3303 4095 3459 4158 estis,
3504 4104 3562 4150 et
3603 4101 3719 4167 pol-

2119 4177 2300 4234 luistis
2345 4187 2548 4234 terram
2581 4195 2784 4248 meam,
2812 4191 2867 4236 et
2898 4183 3277 4240 [nereditatem
3309 4203 3491 4243 meam
3519 4195 3717 4260 posui-

2117 4267 2217 4321 stis
2248 4267 2300 4322 in
2327 4268 2815 4325 abominationem.
2849 4272 2901 4326 8.
2925 4271 3254 4331 Sacerdotes
3285 4292 3394 4331 non
3418 4281 3711 4346 dixerunt,

2118 4355 2219 4412 Ubi
2266 4369 2352 4414 est
2398 4358 2698 4416 Dominus?
2744 4371 2798 4417 et
2845 4372 3095 4420 tenentes
3151 4367 3320 4436 legem
3366 4385 3544 4424 meam
3595 4389 3705 4426 non

2116 4450 2366 4505 instructi
2399 4448 2707 4507 fueruntde
2741 4468 2831 4508 me
2870 4472 2884 4508 :
2911 4464 2965 4509 et
2993 4466 3244 4525 pastores
3273 4461 3440 4528 impie
3473 4475 3712 4532 egerunt

2117 4538 2170 4590 itt
2202 4553 2309 4600 me,
2335 4548 2390 4592 et
2416 4541 2699 4609 prophetae
2725 4543 3130 4612 prophetarum
3165 4546 3238 4616 (b)
3281 4547 3455 4613 Baali,
3498 4560 3550 4603 et
3586 4561 3710 4619 post

2120 4643 2226 4681 non
2267 4629 2398 4683 utile
2443 4630 2678 4686 iverunt.
2730 4632 2784 4687 9.
2835 4631 3069 4704 Propter
3119 4636 3223 4691 hoc
3267 4639 3448 4693 adhuc
3492 4641 3710 4709 judicio

2118 4719 2441 4772 contendam
2473 4719 2738 4777 adversus
2776 4739 2896 4789 vos,
2929 4725 3066 4780 dicit
3088 4726 3381 4794 Dominus,
3425 4740 3480 4784 et
3507 4733 3709 4786 adver-

2119 4823 2215 4862 sus
2272 4808 2412 4865 ﬁlios
2463 4812 2700 4867 ﬁliorum
2748 4823 3061 4870 vestrorum
3098 4818 3309 4887 judicio
3342 4824 3705 4877 contendam.

2122 4899 2209 4954 10.
2244 4899 2453 4956 Idcirco
2490 4905 2717 4958 transite
2747 4906 2798 4958 in
2853 4906 3063 4964 insulas
3102 4909 3502 4979 Chithazorum,
3534 4925 3594 4967 et
3629 4917 3708 4968 vi-

2119 4992 2260 5057 dete,
2295 5002 2348 5047 et
2383 4993 2436 5046 in
2491 4994 2667 5049 Cellar
2702 4997 2920 5064 mittite,
2969 5008 3021 5053 et
3055 5011 3236 5057 mente
3271 5003 3490 5057 utimini
3535 5005 3708 5059 velte-

2364 5191 2561 5230 mtnus.
2640 5190 2709 5248 (ε)
2753 5190 2844 5244 A.,
2889 5190 3458 5251 transmigrationem.
3539 5193 3621 5259 (ά)
3660 5190 3705 5243 Ο

2364 5246 2432 5324 (f)
2595 5246 2716 5311 Tlt.,
2745 5253 3049 5327 atnygdali.
3118 5253 3192 5327 (g)
3234 5253 3543 5327 §.,_vigilo.
3625 5261 3702 5327 (Ιι)

2675 5386 2746 5455 (υ)
2786 5386 2899 5442 Nec
2948 5386 3149 5458 paveas
3183 5405 3214 5444 a
3256 5386 3436 5448 fronte
3484 5411 3699 5449 eorum.

2378 5469 2706 5534 sponsorum
2764 5465 3013 5534 tuorum.
3091 5462 3164 5534 (ξ)
3209 5462 3302 5534 ᾼ.,
3332 5533 3335 5534 ν
3366 5465 3701 5534 principium

2895 5527 3007 5604 ille,
3044 5527 3151 5597 qui
3175 5527 3379 5604 eduxit'
3403 5549 3506 5588 nos
3537 5527 3703 5604 super

2192 5593 2264 5660 (ι)
2309 5591 2434 5646 Haec
2479 5593 2801 5661 explicantes
2856 5612 2874 5648 :
2923 5597 2977 5650 in
3027 5591 3230 5652 terram
3277 5602 3544 5658 Carmeli.
3608 5591 3701 5674 ’(α)
