3782 6222
370 296 521 357 ’2307

382 502 460 572 (ω)
530 514 826 571 conspersa
873 499 1064 556 fueris.
1116 501 1292 572 Super
1327 503 1429 559 viis
1458 502 1536 574 (y)
1573 505 1823 568 sedebas,
1857 506 1962 570 eis,

380 595 454 661 (ι)
482 603 541 649 ιιι
567 595 783 655 cornix,
808 604 1044 649 vastata.
1083 594 1150 649 Et
1177 595 1417 664 polluisti
1456 606 1656 651 terram
1707 598 1759 651 in
1810 611 1964 651 scor-

384 686 691 742 tationibus
718 688 850 751 tuis,
883 695 938 740 et
972 685 1025 740 in
1060 687 1226 741 malis
1263 689 1373 742 tuis
1408 706 1420 741 :
1453 688 1508 743 5.
1542 688 1618 759 (a)
1662 699 1716 744 et
1768 705 1963 760 posse-

381 778 513 831 disti
558 786 807 847 pastores
849 778 1050 833 multos
1085 778 1138 832 in
1171 777 1562 834 offendiculum
1617 781 1713 835 tibi
1748 782 1825 850 (ὁ)
1862 782 1961 853 (b).

383 864 578 921 Facies
607 870 675 934 Ἀ(
707 866 958 921 mulieris
989 866 1010 934 ζ
1048 868 1355 922 meretricis
1383 866 1524 923 facta
1571 878 1655 924 est
1680 871 1776 925 tibi
1810 890 1824 925 :
1862 887 1964 926 au-

382 957 490 1013 dax
524 957 677 1013 fuisti
708 957 779 1026 (c)
817 959 1082 1013 adversus
1109 972 1321 1013 omnes.
1354 958 1410 1012 4.
1436 959 1514 1030 (d)
1550 959 1743 1016 Nonne
1780 972 1837 1017 ut
1865 963 1965 1016 do.

387 1051 597 1110 minum
615 1050 820 1105 vocasti
844 1065 952 1114 me,
971 1059 1024 1105 et
1049 1059 1281 1120 patrem,
1309 1060 1363 1105 et
1385 1052 1683 1123 principem
1706 1055 1775 1123 (ε)
1801 1055 1965 1124 virgi-

385 1144 573 1198 nitatis
599 1145 741 1198 tuae?
771 1143 824 1197 5.
861 1143 1004 1197 Num
1039 1144 1380 1212 permanebit
1434 1144 1488 1198 in
1537 1156 1821 1210 aeternum,
1869 1156 1965 1201 aut

383 1236 694 1290 servabitur
723 1236 775 1290 in
823 1234 1145 1288 victoriam?
1176 1234 1315 1290 Ecce
1346 1236 1526 1290 locuta
1566 1252 1649 1300 es,
1692 1245 1747 1292 ct
1786 1236 1962 1292 fecisti

385 1326 527 1380 mala
560 1326 695 1391 haec,
725 1333 781 1379 et
820 1325 1067 1396 potuisti.
1116 1327 1169 1381 6.
1218 1326 1284 1379 Et
1314 1328 1453 1382 dixit
1485 1328 1748 1382 Dominus
1779 1328 1845 1381 ad
1878 1344 1963 1381 me

385 1419 444 1472 in
472 1417 670 1473 diebus
706 1416 870 1472 Josiat
904 1417 1051 1486 regis
1085 1437 1097 1471 :
1145 1417 1359 1481 Vidisti,
1396 1434 1520 1489 qua:
1550 1419 1679 1475 fecit
1724 1420 1856 1473 mihi
1895 1419 1961 1489 (ft

383 1509 680 1564 babitatrix
711 1507 969 1563 lsraelis?
1005 1507 1107 1562 lvit
1137 1512 1205 1578 )a(
1228 1510 1330 1564 sibi
1366 1512 1467 1579 ipsi
1498 1512 1520 1577 ζ
1556 1526 1720 1579 super
1741 1526 1961 1565 omnem

384 1609 624 1655 montem
661 1600 1040 1664 excelsum,ct
1069 1602 1260 1655 subter
1296 1616 1461 1656 onme
1493 1602 1703 1671 lignum
1730 1603 1806 1671 (g)
1843 1616 1963 1655 nm-

384 1692 629 1755 brosum,
661 1700 716 1746 et
749 1699 989 1746 scertata
1031 1703 1115 1746 est
1143 1692 1237 1746 ibi.
1296 1695 1349 1747 7.
1410 1693 1473 1746 Et
1504 1692 1638 1757 dixi,
1673 1705 1961 1762 postquam

382 1790 619 1836 seortata
645 1788 764 1835 erat
800 1781 915 1835 hac
947 1781 1129 1835 omnia
1158 1798 1172 1833 :
1202 1780 1281 1835 Ad
1330 1797 1416 1836 me
1450 1792 1740 1837 revertere.
1767 1781 1831 1835 Et
1856 1799 1963 1835 non
1996 1758 2037 1812 Β

383 1886 602 1927 reversa
636 1881 737 1929 est.
772 1871 840 1927 Et
873 1872 1009 1929 vidit
1037 1873 1542 1943 praevaricationem
1573 1872 1692 1942 ejus
1733 1874 1807 1944 (It)
1833 1889 1969 1942 prae-

382 1965 678 2019 varicatrix
722 1963 899 2020 Judaa.
949 1966 1004 2020 8.
1055 1964 1122 2018 Et
1162 1965 1288 2024 vidi.
1341 1965 1484 2035 quod
1536 1981 1638 2034 pro
1688 1965 1963 2027 nntnibus,

381 2056 584 2124 quibus
614 2071 676 2113 -t—
701 2056 1136 2127 dcprebensaest
1162 2058 1186 2127 ζ
1210 2057 1263 2111 in
1291 2057 1490 2125 quibus
1521 2056 1790 2110 mmcbata
1811 2062 1892 2109 est
1905 2055 1965 2124 (ἱ)

382 2147 678 2202 habitatrix
716 2146 954 2212 lsraelis,
998 2148 1182 2203 dimisi
1216 2163 1360 2211 cam,
1393 2157 1446 2202 et
1477 2146 1602 2202 dedi
1630 2146 1680 2200 ei
1724 2146 1967 2201 libellum

382 2240 594 2309 repudii
629 2241 682 2294 in
714 2257 911 2296 manus
944 2241 1087 2311 ejus.
1117 2241 1183 2296 Et
1206 2256 1314 2294 non
1347 2239 1531 2293 timuit
1555 2238 1967 2308 pratvaricatrix

379 2331 554 2392 .ludae,
588 2334 655 2400 χ
690 2348 856 2387 soror
887 2333 1006 2403 ejus
1039 2332 1100 2401 ζ,
1133 2342 1187 2387 ct
1215 2333 1334 2395 ivit,
1362 2339 1417 2385 et
1442 2330 1963 2386 scortataestetiam

385 2422 498 2490 ipsa
532 2424 623 2478 :9.
656 2433 710 2476 ct
747 2424 892 2478 facta
928 2433 1013 2479 est
1048 2426 1100 2478 in
1133 2423 1367 2478 nihilum
1412 2423 1675 2479 scortatio
1717 2422 1858 2491 ejus,
1897 2423 1965 2490 )aé

380 2527 433 2572 rt
462 2517 662 2572 occidit
694 2528 892 2572 terram
927 2517 950 2585 ζ
986 2535 1000 2571 :
1030 2526 1083 2572 et
1116 2518 1385 2572 moecltata
1410 2527 1493 2572 est
1521 2531 1647 2572 cum
1679 2515 1878 2585 lapide,
1911 2523 1966 2569 et

379 2624 506 2665 cum
540 2610 708 2680 ligno.
744 2610 831 2662 l0.
875 2610 940 2663 Et
975 2610 1028 2662 in
1061 2610 1319 2662 omnibus
1358 2608 1446 2661 liis
1478 2622 1583 2661 non
1632 2621 1849 2661 reversa
1881 2613 1966 2660 est

381 2702 447 2755 ad
485 2716 572 2755 me
599 2701 1003 2770 praevaricatrix
1026 2698 1200 2762 Judm,
1233 2702 1299 2766 >ε<
1327 2713 1484 2752 soror
1506 2698 1627 2766 ejus
1663 2696 1685 2764 ζ
1710 2737 1726 2762 ,
1753 2713 1816 2750 ex
1850 2705 1963 2749 toto

379 2794 544 2848 corde
589 2809 709 2856 suo,
755 2793 849 2847 sed
889 2792 944 2847 in
978 2791 1285 2852 mendacio,
1311 2790 1443 2844 dicit
1474 2789 1762 2842 Dominus.
1789 2786 1964 2841 ll.Et

380 2884 518 2938 dixit
549 2882 816 2940 Dominus
842 2883 909 2937 ad
941 2898 1029 2937 me
1054 2901 1071 2937 :
1100 2880 1430 2936 Justilicavit
1451 2880 1688 2934 animam
1712 2894 1867 2933 suam
1892 2880 1962 2947 Χ

379 2975 650 3030 revolutio
683 2974 705 3042 ζ
741 2973 957 3028 lsraelis
1008 2987 1117 3041 prae
1160 2970 1600 3040 praevaricatrice
1627 2965 1782 3023 Judaa
1815 2985 1829 3020 :
1871 2967 1956 3019 1-2.

382 3068 497 3131 abi,
532 3064 605 3136 υς)
641 3076 694 3119 et
740 3065 858 3134 lege
908 3078 1194 3118 sermones
1238 3067 1371 3117 istos
1415 3061 1483 3116 ad
1537 3061 1876 3130 aquilonem,
1907 3065 2031 3154 etc

379 3159 530 3214 dices
565 3176 579 3210 :
611 3156 905 3212 Revertere
944 3155 1012 3209 ad
1065 3170 1177 3217 me,
1213 3154 1515 3208 liabitatrix
1557 3150 1795 3214 lsraelis,
1828 3149 1963 3204 dicit

379 3251 647 3306 Dominus
686 3268 700 3304 :
738 3257 929 3303 etnon
963 3246 1025 3314 (Ι)
1053 3247 1324 3301 indurabo
1353 3247 1546 3301 faciem
1578 3259 1755 3299 meam
1795 3258 1962 3312 super

378 3358 500 3408 vos,
532 3344 661 3413 quia
690 3340 787 3412 (m)
825 3340 1142 3395 misericors
1173 3353 1274 3408 ego
1315 3354 1459 3405 sum,
1504 3337 1641 3392 dicit
1669 3335 1959 3401 Dominus,

379 3442 434 3486 et
458 3446 566 3485 non
598 3431 805 3486 irascar
831 3429 992 3484 vobis
1019 3430 1073 3483 in
1099 3437 1397 3484 aeternum.
1429 3428 1522 3483 l3.
1569 3424 1769 3482 Verum
1801 3440 1964 3495 agno-

378 3541 472 3581 scc
526 3522 852 3594 injustitiam
909 3530 1083 3586 tuam,
1133 3520 1263 3590 quia
1321 3522 1373 3574 in
1436 3518 1730 3575 Dominum
1789 3516 1960 3573 Deum

379 3628 535 3672 tuum
574 3616 739 3685 impie
764 3614 948 3685 egisti,
1000 3623 1057 3669 et
1096 3615 1331 3670 lascivas
1363 3611 1649 3668 reddidisti
1691 3612 1808 3666 vias
1837 3621 1962 3666 tuas

378 3710 435 3765 in
469 3710 679 3765 alienos
735 3709 839 3765 sub
883 3708 1035 3762 omni
1070 3708 1220 3778 ligno
1249 3707 1513 3761 umbroso
1552 3723 1568 3761 :
1618 3704 1742 3759 voci
1775 3712 1960 3759 autem

377 3815 514 3856 meae
543 3813 653 3855 non
675 3799 929 3863 obedisn,
955 3798 1087 3853 dicit
1110 3797 1395 3852 Dominus.
1428 3796 1512 3850 14.
1540 3793 1958 3858 Convertimini,

378 3894 474 3948 ﬁlii
491 3892 793 3963 (n)remoti,
812 3892 944 3947 dicit
965 3892 1256 3958 Dominus;
1283 3891 1408 3960 quia
1422 3906 1523 3961 ego
1541 3890 1617 3960 (a)
1634 3888 1963 3959 imperitabo

376 3987 557 4048 vobis,
603 3993 659 4040 et
707 3999 990 4039 assumam
1037 3999 1157 4047 vos,
1196 3998 1368 4037 unum
1422 3996 1487 4035 ex
1536 3980 1691 4047 urbe,
1724 3989 1780 4036 et
1820 3978 1960 4035 duos

376 4092 441 4132 cx
479 4078 553 4147 (p)
581 4076 812 4143 familia,
865 4086 919 4131 et
950 4075 1297 4131 introducam
1326 4088 1424 4128 vos
1454 4073 1509 4127 in
1557 4070 1780 4127 Sionem
1813 4090 1827 4126 :
1868 4072 1957 4125 15.

376 4171 594 4229 ctdabo
622 4170 777 4225 vobis
810 4178 1060 4240 pastores
1087 4168 1242 4238 juxta
1275 4182 1373 4221 cor
1405 4181 1611 4230 meum,
1638 4173 1696 4220 et
1736 4173 1962 4235 pascent

375 4278 476 4317 vos
502 4271 792 4330 pascentes
818 4262 892 4334 (q)
925 4277 1050 4317 cum
1076 4260 1332 4315 scientia.
1363 4260 1452 4313 16.
1483 4257 1551 4312 Et
1581 4258 1706 4323 erit,
1735 4265 1783 4312 sl
1814 4258 1958 4311 mul-

376 4350 610 4420 tiplicati
646 4349 885 4415 fueritis,
917 4360 970 4406 et
993 4350 1280 4406 creveritis
1310 4364 1475 4418 super
1500 4358 1665 4413 terra,
1694 4348 1829 4402 dicit
1854 4347 1959 4402 Do-

1566 300 1796 357 CODEX
1842 298 2184 356 SYRO—llEX
2198 299 2513 358 APLARIS.

379 412 571 467 oculos
604 416 728 467 tuos
760 409 814 463 in
853 408 1262 472 rectitudinem.
1305 420 1360 468 et
1415 413 1560 476 vide.
1594 414 1815 468 ubinam
1850 430 1959 470 non
1991 430 2037 481 Α
2065 430 2173 484 que
2200 415 2582 471 nominabitur
2645 417 2711 481 )t(
2764 416 2818 470 in
2867 432 2932 472 ea
2980 416 3042 485 ζ,

3515 303 3657 360 Ξὸἶδ

3087 433 3264 489 neque
3313 419 3651 482 visitabitur.

2067 522 2244 575 neque
2273 506 2502 562 facietur
2528 508 2786 577 amplius.
2846 509 2931 563 Π.
2971 511 3030 562 In
3072 510 3270 567 diebus
3303 512 3439 574 illis.
3483 529 3551 569 οι-
3602 526 3657 571 et

2066 601 2120 655 in
2160 612 2404 673 tempore
2441 604 2587 673 illo:
2630 606 2907 660 vocabunt
2953 605 3260 663 Jerusalem
3305 611 3513 666 solium
3552 611 3655 667 Do—

2066 690 2204 746 mini
2238 710 2251 747 :
2289 703 2343 746 et
2380 693 2863 764 congregabuntur
2893 694 2948 748 in
2979 711 3097 750 eam
3130 712 3323 753 omnes
3361 710 3566 769 gentes
3593 704 3658 769 Χ

2065 784 2120 839 in
2153 785 2374 840 nomine
2404 784 2619 841 Domini
2670 788 2693 857 ζ
2750 786 2804 840 in
2843 784 3144 842 Jerusalem
3189 807 3205 843 :
3256 805 3369 844 non
3407 793 3662 847 ambula-

2065 876 2205 932 bunt
2258 877 2498 939 amplius
2548 885 2675 947 post
2725 879 3087 948 cogitationes
3132 881 3316 937 cordis
3358 883 3450 937 sui
3502 884 3656 937 mali.

2067 967 2156 1020 18.
2186 966 2244 1020 lu
2277 967 2472 1022 diebus
2499 968 2608 1023 illis
2641 971 3122 1039 congregabuntur
3166 972 3366 1028 domus
3397 971 3564 1028 Judze
3594 976 3659 1025 ad

2065 1058 2286 1113 domum
2322 1058 2536 1114 lsraelis
2577 1079 2590 1115 :
2625 1069 2680 1115 et
2709 1061 2931 1116 venient
2965 1062 3127 1116 simul
3155 1078 3220 1117 ex
3250 1074 3398 1118 terra
3443 1065 3663 1135 aquilo-

2066 1151 2173 1215 nis,
2225 1165 2287 1205 -ε-
2343 1163 2395 1206 et
2440 1168 2508 1206 ex
2556 1154 2812 1208 omnibus
2862 1152 3178 1222 regionibus
3222 1156 3245 1224 ζ
3301 1155 3369 1209 ad
3429 1164 3661 1218 terram,

2064 1255 2231 1310 quam
2270 1241 2324 1294 in
2364 1242 2736 1297 bmrcditatem
2775 1243 2896 1299 dedi
2936 1244 3183 1312 patribus
3216 1260 3437 1299 eorum.
3474 1244 3565 1299 l9.
3593 1248 3660 1316 (ι)

2066 1330 2132 1385 Et
2163 1346 2263 1401 rgo
2291 1331 2405 1386 dixi
2444 1352 2457 1388 :
2499 1349 2559 1390 -:—
2586 1335 2730 1401 Fiat,
2749 1334 2981 1389 Domine
3009 1335 3070 1405 z;
3121 1336 3248 1407 quia
3273 1338 3578 1407 disponam
3608 1350 3662 1396 te

2068 1424 2120 1475 in
2153 1425 2313 1490 filios,
2341 1435 2397 1479 et
2419 1426 2559 1481 dabo
2597 1428 2692 1481 tibi
2722 1439 2921 1482 terram
2958 1430 3209 1494 electam,
3244 1430 3328 1499 (ιι)
3360 1432 3660 1487 δεῖ-εὐίω-

2067 1520 2267 1586 temx
2300 1516 2568 1573 famosam
2621 1520 2642 1588 ζ
2693 1521 2785 1575 Dei
2817 1523 3211 1591 omnipotentis
3262 1526 3540 1594 gentium.
3593 1525 3658 1580 Et

2066 1608 2180 1661 dixi
2212 1629 2226 1663 :
2257 1608 2471 1664 Patrem
2514 1611 2735 1666 vocabis
2760 1627 2866 1675 me,
2902 1622 2956 1667 et
2985 1628 3014 1666 a
3047 1629 3134 1666 me
3173 1629 3282 1668 non
3313 1617 3651 1671 retrocedes.

2065 1695 2157 1751 20.
2197 1695 2394 1751 Verum
2431 1709 2487 1752 ut
2511 1702 2901 1769 praevaricatur
2927 1703 3123 1755 mulier
3155 1704 3209 1755 in
3245 1720 3399 1768 eum,
3434 1708 3530 1775 qui
3570 1716 3653 1761 est

2067 1800 2192 1840 cum
2220 1803 2306 1851 ea,
2335 1790 2408 1841 ita
2437 1790 2793 1858 praevaricator
2821 1798 2907 1845 est
2952 1790 3005 1843 in
3054 1805 3142 1845 me
3161 1793 3362 1847 domus
3410 1792 3651 1857 lsraelis,

2067 1878 2202 1931 dicit
2227 1879 2517 1933 Dominus.
2545 1879 2637 1934 21.
2680 1878 2799 1934 Vox
2833 1882 2910 1951 (π)
2935 1896 3004 1934 ex
3027 1880 3189 1936 labiis
3210 1882 3397 1937 audita
3429 1892 3536 1946 est,
3561 1882 3652 1938 fle—

2068 1977 2177 2032 tus,
2214 1980 2269 2023 ct
2297 1971 2693 2027 obsecrationis
2726 1972 2963 2027 ﬁliorum
3004 1972 3248 2041 lsraelis;
3281 1974 3414 2043 quia
3452 1974 3655 2043 injuste

2067 2070 2300 2129 egerunt
2334 2062 2523 2116 inviis
2570 2063 2708 2127 suis,
2765 2064 2922 2119 obliti
2973 2074 3104 2120 sunt
3133 2070 3204 2135 ζ(
3254 2065 3349 2120 Dei
3388 2066 3413 2134 ζ
3464 2066 3655 2122 Sancti

2066 2151 2176 2206 sui.
2220 2151 2313 2206 22.
2356 2153 2737 2220 Revertimini,
2791 2154 2887 2210 ﬁlii
2924 2156 3002 2225 (ῃ)
3038 2166 3379 2212 revertentes
3414 2175 3430 2211 :
3486 2166 3541 2212 et
3575 2172 3655 2211 sa-

2066 2246 2210 2298 nabo
2245 2242 2320 2314 (ι)
2374 2246 2734 2301 contritiones
2763 2255 2994 2302 vestras.
3047 2247 3187 2303 Ecce
3230 2249 3343 2317 ipsi
3392 2262 3502 2303 nos
3549 2250 3655 2304 eri-

2066 2352 2190 2391 mus
2222 2336 2340 2400 tibi,
2371 2336 2500 2407 quia
2522 2345 2579 2389 ttt
2603 2334 2869 2393 Dominus
2895 2336 3039 2392 Deus
3068 2350 3258 2393 noster
3282 2353 3367 2393 es.
3394 2339 3494 2393 23.
3522 2341 3655 2394 Vere

2067 2428 2118 2481 in
2153 2428 2499 2483 mendacium
2538 2437 2694 2482 erant
2727 2429 2917 2493 colles,
2951 2440 3007 2484 et
3031 2433 3109 2498 (a)
3144 2430 3317 2484 robur
3344 2432 3649 2485 montium:

2068 2522 2448 2575 tantummodo
2498 2537 2595 2590 per
2633 2520 2926 2575 Dominum
2966 2521 3138 2575 Deum
3191 2532 3451 2576 nostrum
3505 2524 3655 2576 salus

2068 2626 2131 2665 -εκ
2161 2613 2358 2667 domus
2388 2612 2409 2680 ζ
2443 2610 2680 2667 lsraelis.
2711 2612 2801 2666 24.
2833 2610 3017 2666 Pudor
3036 2621 3219 2667 autent
3242 2612 3491 2667 absolvit
3511 2614 3653 2667 labo—

2064 2718 2154 2757 res
2200 2711 2416 2772 patrum
2460 2710 2777 2757 nostrorum
2812 2718 2844 2757 a
2873 2702 3113 2772 pueritia
3142 2718 3360 2768 eorum,
3393 2719 3534 2760 oves
3563 2719 3654 2758 eo-

2064 2809 2212 2857 rum,
2242 2802 2296 2847 et
2330 2802 2517 2850 tauros
2561 2808 2777 2860 eorum,
2816 2794 2961 2850 ﬁlios
2992 2809 3212 2858 eorum,
3256 2802 3314 2849 et
3362 2795 3514 2851 filias
3563 2810 3651 2850 eo—

2065 2900 2209 2938 rum.
2240 2883 2331 2939 25.
2365 2882 2733 2939 Dormivimus
2766 2885 2820 2939 in
2863 2885 3077 2955 pudore
3099 2896 3315 2950 nostro,
3350 2898 3408 2941 et
3437 2887 3653 2956 operuit

2064 2991 2165 3031 nos
2182 2984 2494 3032 contemtus
2512 2986 2697 3032 noster
2718 2994 2741 3043 ;
2759 2977 2891 3047 quia
2904 2992 3089 3032 coram
3112 2977 3225 3033 Deo
3245 2990 3443 3034 nostro
3468 2995 3653 3050 pucea.

2063 3066 2239 3123 vimus
2271 3083 2398 3132 nos,
2444 3077 2501 3122 et
2547 3077 2729 3137 patres
2772 3070 2970 3136 nostri,
3006 3084 3038 3124 a
3077 3070 3314 3138 pueritia
3358 3079 3577 3133 nostra,
3604 3082 3657 3124 et

2065 3173 2239 3228 usque
2269 3159 2336 3213 ad
2371 3159 2519 3214 diem
2562 3160 2731 3224 hunc,
2771 3166 2826 3214 ct
2860 3174 2970 3214 non
3015 3160 3367 3216 obedivimus
3394 3161 3521 3216 voci
3552 3159 3656 3214 Do-

2065 3249 2200 3302 mini
2228 3246 2323 3302 Dei
2352 3250 2551 3303 nostri.

2130 3337 2473 3409 Cap.,lV.—l
2487 3381 2500 3393 .
2518 3338 2575 3394 Si
2590 3355 2649 3396 se
2670 3340 2996 3396 converterit
3008 3340 3193 3407 lsraél,
3211 3339 3349 3396 dicit
3365 3339 3653 3406 Dominus,

2062 3430 2136 3502 (ὁ)
2167 3432 2235 3486 ad
2273 3446 2361 3487 me
2386 3433 2550 3487 etiam
2583 3448 2643 3488 se
2681 3441 2962 3488 convertat
2989 3451 3006 3488 :
3037 3440 3094 3488 et
3123 3433 3169 3487 si
3215 3434 3495 3488 amaverit
3525 3434 3655 3487 abo—

2062 3525 2392 3582 minationes
2441 3541 2574 3582 suas
2617 3527 2685 3582 de
2731 3542 2827 3582 ore
2872 3541 3008 3591 suo,
3052 3540 3115 3581 -t-
3146 3526 3246 3592 et:
3290 3541 3324 3579 a
3360 3524 3507 3580 facie
3537 3541 3659 3581 mea

2060 3617 2130 3686 χ
2159 3616 2323 3671 etiam
2352 3616 2375 3685 ζ
2408 3616 2479 3688 (ε)
2496 3625 2552 3672 et
2571 3616 2873 3683 erubuerit,
2899 3616 2957 3671 2.
2989 3626 3043 3671 et
3063 3616 3357 3686 iuraverit,
3387 3617 3527 3671 vivit
3549 3615 3656 3671 Do-

2062 3709 2265 3771 minus,
2309 3723 2435 3763 cum
2482 3709 2729 3772 veritate,
2766 3717 2820 3763 et
2868 3709 2921 3761 in
2952 3707 3179 3777 judicio,
3223 3717 3277 3762 et
3316 3708 3373 3762 in
3400 3708 3653 3779 justitia;

2062 3799 2226 3853 etiam
2275 3797 2597 3852 benedicent
2628 3798 2682 3852 in
2714 3812 2781 3853 eo
2806 3809 3014 3868 gentes,
3060 3806 3115 3852 et
3161 3800 3217 3852 in
3247 3813 3316 3854 eo
3353 3798 3658 3854 laudabunt

2061 3891 2129 3958 >ε<
2183 3887 2413 3958 Deum:
2474 3888 2530 3943 in
2565 3887 2890 3952 Jerusalem.
2942 3890 3003 3943 5.
3027 3887 3301 3955 Quoniam
3361 3889 3481 3944 haec
3522 3889 3657 3943 dicit

2066 3981 2329 4039 Dominus
2377 3981 2513 4037 viris
2545 3980 2720 4046 Judze,
2760 3990 2818 4037 et
2870 3980 3274 4035 habitatoribus
3306 3979 3648 4035 Jerusalem:

2061 4073 2226 4129 Arate
2269 4074 2425 4129 vobis
2472 4080 2723 4139 arva,ret
2776 4088 2844 4127 ne
2891 4073 3087 4128 seratis
3120 4087 3286 4140 super
3335 4072 3552 4142 spinis:
3597 4072 3651 4127 4.

2060 4164 2522 4220 circumcidimini
2549 4163 2659 4220 Deo
2698 4173 2902 4229 vestro,
2938 4173 2992 4217 et
3019 4163 3497 4218 circumcidemini
3524 4178 3655 4234 prae.

2061 4257 2287 4327 putium
2318 4255 2500 4310 cordis
2540 4255 2731 4318 vestri,
2767 4254 2872 4309 viri
2916 4252 3091 4320 Judae,
3127 4261 3183 4308 et
3232 4253 3551 4309 habitantes
3597 4255 3649 4307 in

2060 4349 2386 4410 Jerusalem,
2439 4361 2508 4401 ne
2553 4348 2803 4418 prodeat,
2856 4358 2917 4401 ut
2950 4347 3112 4416 ignis,
3162 4345 3320 4400 furor
3370 4362 3553 4413 meus,
3600 4355 3650 4400 et

376 4437 584 4500 minus,
613 4436 666 4488 in
696 4436 891 4492 diebus
909 4438 1017 4493 illis
1053 4454 1162 4494 non
1186 4436 1624 4505 dicentamplius
1652 4453 1665 4489 :
1691 4435 1830 4490 Arca
1857 4436 1957 4492 fce-
1989 4426 2033 4481 Ῑ)
2063 4440 2343 4501 exardeat,
2379 4446 2435 4493 et
2473 4453 2581 4492 non
2612 4438 2737 4503 erit,
2768 4437 2865 4507 qtti
2899 4438 3233 4508 exstinguat,
3256 4452 3287 4491 a
3328 4436 3476 4493 facie
3500 4438 3651 4492 maii-

375 4527 522 4582 deris
553 4526 772 4581 Domini
803 4528 872 4599 (r)
904 4546 917 4583 :
948 4544 1056 4584 non
1087 4529 1351 4585 ascendet
1379 4543 1543 4596 super
1572 4542 1688 4589 cor,
1751 4526 1825 4597 (δ)
1871 4544 1962 4583 ne-

2069 4528 2160 4583 tiaa
2210 4526 2514 4583 studiorum
2562 4539 2895 4582 vestrorum.
2929 4525 2981 4581 5.
3020 4527 3360 4582 Annuntiate
3385 4528 3458 4597 .in
3490 4527 3644 4590 Juda,

449 4735 529 4806 (π)
568 4735 659 4798 Α.,
719 4733 898 4791 fueris
943 4735 1270 4806 concubina.
1316 4731 1399 4798 8.,
1461 4733 1812 4806 meretricem
1865 4735 2061 4806 egeris.
2144 4735 2219 4806 ty)
2260 4736 2343 4798 8.,
2383 4743 2709 4804 exspectans
2772 4743 3000 4806 eos,_ut
3056 4732 3393 4806 hospitium_
3424 4750 3646 4799 vesper—

379 4804 579 4870 tinum,
636 4813 691 4859 et
742 4820 893 4859 ream
947 4804 1125 4859 fecisti
1179 4813 1404 4858 terram.

381 4875 433 4926 in
456 4876 673 4929 deserto
700 4877 838 4929 sola.

379 4942 465 5006 8.,
502 4953 557 4998 et
590 4944 775 5010 pluvia
811 4946 1051 4998 serotina
1082 4959 1193 4999 non
1221 4943 1341 4997 fuit.

379 5028 488 5076 me,
525 5022 678 5081 pater
716 5016 908 5067 meus?

377 5083 488 5138 trix
523 5079 538 5138 ἑ
568 5079 770 5137 Locus.

380 5150 465 5216 8.,
488 5162 543 5205 et
569 5153 827 5220 przedica.

378 5223 597 5290 possedi
633 5237 750 5277 vos.

1505 4809 1577 4872 (κ)
1626 4805 1714 4868 Ασ,

868 5225 943 5293 lp)
985 5222 1190 5294 A.,,S.,
1224 5224 1571 5294 cognatione,

848 5083 926 5154 (g)
956 5083 1293 5154 7A.','la3tum.
1372 5083 1743 5154 (It)‘Reliqui,_
1778 5083 2183 5150 prmvaricatrix
2222 5100 2378 5139 soror
2410 5084 2551 5152 ejus.

943 5153 1006 5222 (ι)
1048 5155 1142 5216 Α.,
1175 5152 1531 5234 mittamus”
1562 5152 1864 5207 effundam.
1906 5154 2037 5234 .(nt)
2076 5154 2597 5236 A_.,S.,.propitius..
2675 5154 2753 5276 pr)
2796 5152 2889 5232 3.,
2927 5161 3243 5222 evagantes.
3320 5155 3396 5233 (ρ)
3437 5155 3507 5205 Α.

985 5223 1074 5276 Α..
1105 5222 1190 5276 S..
1224 5234 1571 5276 cognatione.
1687 5224 1759 5276 (a)
1801 5221 2010 5276 Reltaut
2043 5263 2059 5276 .
2119 5242 2173 5276 In
2220 5235 2448 5276 scientia
2483 5233 2536 5275 et
2566 5231 2676 5275 tnte
2704 5223 2946 5276 liuentia.
3063 5221 3131 5276 (r)
3175 5220 3365 5275 Sancti
3406 5220 3507 5276 lsr:

1687 5224 1759 5291 ((1)
1801 5221 2059 5291 Reliqui,
2119 5225 2173 5279 in
2220 5221 2448 5278 scientia
2483 5233 2536 5275 et
2566 5221 2946 5292 intelligentia.

1770 4801 1921 4857 sicut
1979 4801 2256 4859 Arabs'in
2302 4801 2542 4868 deserto,
2574 4814 2629 4858 et
2671 4803 2920 4859 occidisti
2958 4806 3198 4858 terram!
3248 4827 3318 4844 —-
3346 4801 3420 4857 Ut
3462 4808 3645 4860 carnix

917 4874 995 4943 (a)
1038 4873 1127 4938 A.,
1164 4873 1505 4945 et_ttltionem
1543 4875 2117 4945 stt‘tnserttttl‘itnbres.
2142 4874 2236 4945 8.,
2281 4886 2335 4928 et
2376 4876 2662 4945 prohibita!
2699 4874 3116 4945 fueruntguttze
3148 4873 3360 4927 imbris.
3444 4875 3524 4943 (b)
3559 4876 3643 4939 Α..

1459 4944 1533 5015 (b)
1580 4942 1791 5012 Reliqui
1823 4959 1840 4994 :
1874 4941 2047 4999 frons.
2127 4944 2197 5014 (c)
2241 4945 2333 5007 A.,

2388 4941 2735 4999 erubescere.
2818 4942 2897 5013 (ά)
2936 4941 3130 4997 Nonne
3154 4956 3393 5013 exnunc
3424 4941 3645 5013 vocabis

1018 5013 1097 5085 (ε)
1128 5013 1222 5078 Α.,
1249 5011 1333 5079 8.,
1366 5011 1613 5085 pueritia:
1658 5011 1813 5085 meae.
1847 5014 1961 5067 Cur
1993 5011 2245 5085 servabis
2276 5014 2789 5085 excandescentiam
2829 5011 2894 5085 ‘i_u
2930 5021 3191 5085 aeternum
3213 5012 3238 5065 ἳ
3260 5082 3277 5085 _
3310 5013 3383 5081 (f)
3410 5011 3643 5085 _Habita_-

2627 5083 2687 5153 (ὅ)
2718 5084 2809 5148 Α.,
2838 5079 2923 5144 8.,
2959 5083 3228 5135 revolutio
3258 5079 3501 5137 lsraelis.
3565 5083 3641 5207 ἑὲ)

2675 5154 2753 5207 (nl
2796 5152 2881 5207 8..
2927 5161 3243 5207 θνεαθιιιεε.
3320 5155 3396 5207 (ο)
3437 5155 3533 5207 Α..
3607 5192 3641 5207 ..

3063 5221 3131 5290 (r)
3175 5220 3365 5275 Sancti
3406 5220 3639 5276 lsraelis.

380 5289 575 5363 (s)A.,
623 5289 706 5356 S.,
739 5289 1269 5361 nequementionem
1291 5289 1491 5346 facient
1517 5291 1657 5363 ejus.
1698 5289 1799 5358 "(ll
1841 5294 1873 5344 Α

2146 5314 2156 5344 ι
2186 5295 2328 5347 dixi:
2370 5292 2655 5360 Quomodo
2685 5289 2955 5363 poitamﬂte
2988 5290 3042 5343 in
3073 5289 3235 5363 filios,
3269 5299 3325 5363 et
3348 5292 3639 5345 retribuam

380 5362 477 5433 tibi
515 5373 715 5416 terram
742 5364 1131 5422 desideratam,
1162 5360 1567 5433 haereditate-m1
1597 5362 1864 5433 famosam
1905 5360 2242 5433 fortitudinis
2269 5363 2480 5417 robusti
2513 5360 2755 5433 gentium
2776 5362 2843 5433 ?,g
2858 5360 2951 5433 8.,

2995 5369 3051 5413 et
3082 5361 3194 5415 dixi
3220 5378 3234 5414 :
3276 5359 3643 5427 Quemadmoo

382 5431 512 5485 dum
554 5435 839 5500 disponam
867 5443 917 5486 te
938 5432 1187 5497 inalilios,
1222 5441 1278 5487 et
1301 5433 1443 5487 dabo
1476 5432 1571 5485 tibi
1599 5441 1795 5485 terram
1825 5432 2211 5497 desideratam,
2236 5433 2445 5487 cultum
2481 5429 2793 5501 religiosum
2807 5429 3227 5555 §8PH2KIAN)
3263 5431 3509 5499 exempli
3532 5447 3575 5499 gn
3595 5446 3644 5483 n-

382 5503 539 5554 tium.
593 5507 673 5555 tu)
743 5502 835 5555 Α..
875 5501 1199 5555 divisionem
1245 5502 1410 5555 sortis
1449 5502 1768 5555 pulchram.
1828 5502 2055 5555 aloriam
2108 5504 2448 5555 exercituum
2491 5504 2754 5555 acntium.
2852 5541 2890 5555 ..
2948 5501 3437 5555 annrebensioncm
3488 5501 3643 5555 sortis

379 5507 539 5554 tium.
593 5507 673 5565 (ιι)
743 5507 835 5568 Α.,
875 5507 1199 5556 divisionem
1245 5507 1410 5556 sortis
1449 5507 1765 5569 pulchram,

379 5570 717 5640 exercituum
759 5573 1024 5640 gentium.
1062 5571 1142 5638 (ac)
1182 5571 1273 5635 Α.,
1333 5587 1497 5640 super
1550 5571 1765 5639 plateis.

743 5502 835 5568 A.,
875 5501 1199 5556 divisionem
1245 5502 1410 5556 sortis
1449 5502 1768 5569 pulchram,
1828 5502 2055 5571 gloriam
2108 5504 2448 5558 exercituum
2491 5504 2754 5571 gentium.

1866 5518 2055 5558 tortam
2108 5518 2448 5558 exercituum
2491 5518 2754 5571 genuum.
2807 5518 2890 5568 8.,
2948 5518 3304 5570 appreuensw

1811 5518 1897 5635 ἐ,
1940 5588 2103 5643 super
2143 5573 2323 5643 editis.
2358 5573 2433 5643 (ῃ)
2473 5575 2563 5635 Α..
2595 5572 2822 5635 reversi,
2876 5586 2938 5626 se
2962 5579 3294 5643 avertentes.

2147 5518 2448 5558 xercituum
2491 5518 2754 5571 genuum.
2807 5518 2890 5568 8.,
2948 5518 3437 5570 appreuenswncm
3488 5518 3640 5555 sorus

2147 5573 2323 5643 editis.
2358 5573 2433 5643 (ῃ)
2473 5575 2563 5635 Α..
2595 5572 2822 5635 reversi,
2876 5586 2938 5626 se
2962 5579 3294 5643 avertentes.
3332 5572 3409 5642 (a)
3435 5571 3529 5635 A.,
3563 5567 3640 5634 8.,

2948 5501 3437 5570 apprehensioncm
3488 5501 3643 5570 sortis

381 5639 694 5713 aversiones
722 5639 956 5694 vestras.
975 5642 1054 5707 (a)
1076 5642 1166 5705 Α..
1191 5640 1274 5705 8.,
1305 5639 1592 5694 multitudo
1623 5641 1874 5694 montiun‘

2153 5642 2279 5711 Th.,
2303 5639 2494 5700 adipe
2527 5656 2587 5698 se
2616 5650 2917 5697 convertat.
2951 5639 3024 5713 (ε)
3058 5643 3147 5712 Α.,
3167 5651 3225 5700 et
3250 5639 3366 5699 non
3390 5639 3641 5698 commo—

384 5705 621 5758 veheris.
