3834 6224
362 239 497 292 2511

1553 240 1784 296 CUDEX
1825 239 2506 296 SYliO-IIEXAPLARIS.

3504 242 3648 300 2312

362 357 621 413 retricum
658 358 916 429 hospitali
959 368 1121 414 sunt:
1155 361 1208 414 8.
1239 361 1367 431 equi
1403 371 1748 417 transeuntes
1781 379 1945 433 super
1974 373 2018 424 Α
2050 378 2179 432 pore
2202 363 2264 432 (ἰ)
2300 359 2636 432 impletionis
2670 361 2922 429 pr.ccepti
2977 360 3213 425 messis;
3263 369 3319 416 ct
3349 365 3648 418 custodivit

359 447 705 520 fmmin’asx
743 453 902 508 tracti
938 453 960 522 1
1000 452 1129 508 facti
1163 463 1323 508 sunt:
1361 457 1742 526 unusquisque
1791 473 1954 525 super

362 557 584 597 uxorem
621 545 854 614 proximi
884 545 970 601 sui
996 545 1251 599 hinnivit.
1277 546 1329 600 9.
1364 545 1502 600 Num
1537 562 1700 617 super
1731 548 1817 600 his
1842 563 1949 600 non

321 703 326 711 _
358 635 618 696 visitabo,
664 635 798 689 dicit
851 635 1152 691 Dominus?
1191 645 1284 690 aut
1327 637 1379 691 in
1416 647 1628 707 gentem
1655 640 1814 692 talem
1842 655 1952 693 non

359 725 653 778 ulciscetur
682 726 864 778 anima
891 726 1046 779 mea?
1071 725 1155 780 10.
1176 726 1468 781 Ascendite
1491 729 1560 796 (ε)
1586 743 1751 797 super
1773 738 1952 783 turres

355 818 497 886 rjus,
526 823 582 870 et
605 816 947 870 demolimini
977 834 990 870 :
1027 817 1566 872 consummationem
1604 834 1733 874 vero
1762 835 1830 873 ne
1877 818 1953 872 fa-

355 909 553 962 ciatis:
587 907 651 978 (t)
712 907 1002 977 relinquite
1054 910 1430 963 sustentacula
1489 910 1630 979 ejus,
1685 910 1813 979 quia
1869 911 1950 979 (ιι)

355 995 575 1051 Domini
598 1006 762 1062 sunt;
795 996 882 1050 11.
913 1000 1174 1068 quoniam
1212 999 1578 1069 prmvaricans
1603 1001 1951 1069 praavaricata

354 1095 440 1141 est
468 1088 523 1141 in
554 1102 640 1142 me
672 1088 869 1142 domus
899 1089 1136 1155 lsraelis,
1168 1101 1224 1145 et
1262 1090 1462 1145 domus
1502 1089 1676 1154 ludas,
1705 1094 1772 1158 Ἀ(
1817 1091 1952 1146 dicit

355 1177 624 1234 Dominus
663 1180 712 1247 1.
755 1181 842 1234 12.
874 1180 1081 1235 Mentiti
1113 1192 1243 1236 sunt
1279 1185 1332 1236 in
1368 1182 1660 1236 Dominum
1698 1197 1761 1238 -ι-
1789 1199 1949 1238 suum

360 1270 411 1338 1,
437 1278 492 1324 et
515 1269 800 1324 dixerunt:
827 1271 906 1341 (ac)
931 1271 1047 1325 Non
1082 1281 1210 1326 sunt
1235 1273 1371 1334 bzec,
1404 1289 1511 1327 non
1538 1273 1758 1326 venient
1786 1289 1951 1342 super

354 1373 461 1416 nos
491 1361 654 1428 mala,
681 1372 733 1416 et
756 1363 995 1432 gladium
1030 1373 1083 1418 et
1119 1365 1296 1419 famen
1337 1380 1446 1418 non
1475 1365 1824 1420 videbimus:
1859 1365 1945 1420 l3.

354 1449 633 1519 propheta:
669 1451 841 1506 nostri
877 1461 1032 1506 erant
1063 1454 1118 1507 in
1171 1463 1418 1518 ventum,
1453 1462 1506 1508 et
1558 1455 1785 1509 verbum
1841 1452 1952 1509 Do-

354 1542 491 1595 mini
522 1558 630 1596 non
665 1552 782 1597 erat
811 1543 864 1596 in
899 1545 1008 1599 eis:
1045 1545 1125 1600 sic
1158 1546 1248 1599 fiet
1287 1546 1388 1601 eis.
1425 1545 1510 1600 M.
1564 1545 1794 1616 Propter
1848 1546 1953 1600 hoc

354 1633 473 1688 haec
503 1635 637 1688 dicit
679 1634 942 1691 Dominus
986 1640 1054 1702 Β(
1091 1635 1232 1693 Deus
1265 1639 1285 1705 1
1327 1637 1714 1706 omnipotens:
1753 1637 1860 1692 Pro
1886 1652 1952 1692 eo

2060 455 2242 510 nobis.
2284 455 2375 508 25.
2410 453 2732 522 lniquitates
2779 463 2972 507 vestra:
3002 453 3336 507 deﬂexerunt
3387 455 3536 521 hate;
3596 466 3651 509 et

2057 556 2278 616 peccata
2333 555 2512 600 vestra
2570 545 2971 598 transtulerunt
3033 544 3175 599 bona
3231 561 3260 597 a
3314 544 3491 598 vobis.
3549 545 3646 597 9.6.

2056 639 2196 705 Quia
2232 641 2467 693 inventae
2512 645 2642 693 sunt
2698 639 2751 690 in
2803 635 3002 704 populo
3036 649 3160 689 meo
3196 636 3548 703 impietates:
3597 647 3652 688 et

2056 732 2282 801 laqueos
2313 734 2379 797 >ε<
2425 740 2482 784 ut
2525 739 2638 783 rete
2668 729 2916 782 venantis
2967 728 3117 780 visco
3149 735 3454 780 statuerunt
3508 728 3531 795 1
3582 728 3650 780 ad

2056 823 2519 892 corrumpendum
2564 821 2734 881 viros,
2787 827 2838 872 et
2882 819 3292 872 concluserunt.
3328 817 3418 871 9.7.
3463 816 3532 872 Ut
3569 818 3650 870 la-

2055 931 2232 984 queus
2259 926 2471 977 tensus,
2503 914 2596 984 qui
2630 913 2822 983 plenus
2858 912 3066 971 avium.
3112 911 3186 964 ita
3221 911 3418 965 domus
3453 925 3650 965 eorum

2056 1008 2229 1076 plena:
2258 1005 2330 1074 (k)
2364 1003 2495 1058 doli.
2530 1002 2761 1073 Propter
2790 1004 2894 1058 hoc
2920 1001 3100 1072 magni
3132 1011 3449 1062 evaserunt,
3481 1012 3537 1055 et
3571 1002 3654 1055 di-

2056 1109 2139 1153 tes
2195 1105 2529 1152 evaserunt:
2559 1095 2652 1150 28.
2685 1099 2752 1162 se,
2789 1093 3112 1164 impinguati
3167 1103 3314 1157 sunt,
3349 1094 3654 1147 insolentes

2056 1189 2183 1243 facti
2215 1193 2283 1254 Ἀ(
2313 1196 2460 1254 sunt,
2501 1199 2555 1241 et
2605 1186 2937 1257 transgressi
2969 1193 3099 1239 sunt
3134 1185 3196 1255 (ι)
3232 1185 3397 1238 verba
3430 1198 3551 1237 mea
3591 1183 3652 1236 in

2058 1281 2261 1333 malum
2289 1279 2336 1348 1,
2363 1278 2634 1348 judicium
2659 1292 2766 1330 non
2798 1276 3140 1346 judicarunt.
3171 1289 3349 1343 neque
3368 1274 3651 1342 judicium

2057 1369 2247 1439 pupilli
2279 1377 2429 1422 recte
2470 1366 2880 1436 disposuerunt,
2917 1373 2972 1418 et
3018 1362 3288 1433 judicium
3341 1362 3437 1430 (m)
3465 1361 3654 1414 viduae

2057 1475 2166 1514 non
2204 1459 2546 1528 judicarunt.
2575 1456 2667 1511 ‘29.
2704 1453 2843 1508 Num
2897 1469 3062 1522 super
3093 1453 3178 1506 his
3227 1466 3337 1504 non
3369 1449 3654 1504 visitabo?

2057 1549 2186 1604 dicit
2218 1548 2516 1602 Dominus:
2556 1556 2651 1600 aut
2681 1545 2733 1599 in
2766 1553 2979 1614 gentem
3012 1543 3174 1597 talem
3208 1557 3315 1595 non
3351 1540 3655 1595 ulciscetur

2058 1643 2240 1696 anima
2270 1641 2431 1695 mea?
2457 1638 2545 1694 30.
2579 1640 2658 1708 (u)
2698 1637 2922 1706 Stupor,
2950 1643 3004 1690 et
3029 1635 3311 1688 horribilia
3345 1633 3485 1686 facta
3516 1641 3654 1687 sunt

351 1726 502 1793 quod
544 1727 708 1780 locuti
740 1728 874 1782 estis
909 1731 1132 1782 verbum
1163 1729 1286 1793 hoc,
1326 1744 1456 1784 ecce
1485 1744 1586 1800 ego
1630 1729 1751 1784 dedi
1786 1731 1952 1784 verba
1989 1745 2030 1799 Β
2057 1749 2223 1802 super
2247 1742 2410 1788 terra.
2449 1731 2538 1785 51.
2575 1729 2858 1798 Pr0pbet2e
2881 1726 3209 1796 prephetant
3239 1725 3312 1794 (ο)
3338 1725 3548 1793 iniqua,
3592 1732 3653 1778 et

353 1830 473 1869 mea
509 1817 561 1869 in
591 1831 654 1871 os
683 1827 833 1872 tuum
866 1819 1067 1888 ignem,
1093 1829 1146 1873 et
1192 1819 1454 1889 populum
1508 1821 1655 1874 hunc
1698 1819 1866 1890 ligna,
1896 1828 1952 1874 et

349 1907 636 1962 devorabit
663 1923 780 1963 eos.
814 1909 904 1962 15.
941 1911 1079 1966 Ecce
1112 1926 1214 1980 ego
1242 1911 1455 1966 adduco
1488 1927 1654 1980 super
1676 1926 1772 1966 vos
1817 1925 1950 1980 gen-

351 2007 462 2051 tem
496 2013 565 2052 ex
615 1999 935 2070 longinquo,
972 2002 1170 2056 domus
1214 2001 1451 2067 lsraelis,
1483 2001 1616 2056 dicit
1661 2001 1946 2064 Dominus,

353 2093 422 2158 Σ(
451 2107 584 2162 gens
632 2092 708 2162 (y)
764 2102 922 2148 vetus
967 2104 1069 2160 est,
1123 2109 1278 2164 gens,
1314 2108 1438 2164 qua:
1469 2110 1499 2148 a
1535 2093 1737 2148 szeculo
1779 2103 1862 2148 est
1897 2094 1943 2162 1,

352 2199 506 2250 gens,
531 2183 604 2253 (ι)
639 2185 796 2252 cujus
828 2200 935 2239 non
963 2186 1154 2240 audies
1186 2185 1430 2255 linguam
1458 2185 1601 2254 ejus,
1627 2188 1693 2251 ἴε(
1727 2200 1824 2238 nec
1849 2199 1948 2237 au-

350 2274 491 2342 dies,
527 2291 651 2345 qua:
697 2278 988 2346 loquatur:
1040 2279 1126 2332 16.
1170 2279 1424 2348 pharetra
1453 2278 1596 2348 ejus,
1652 2288 1711 2330 ut
1757 2278 1942 2347 sepul~

350 2382 507 2422 crum
542 2378 790 2439 apertum
832 2369 890 2435 1:
937 2385 1128 2425 omnes
1153 2369 1344 2435 fortes,
1378 2379 1432 2423 et
1478 2370 1768 2424 comedent
1797 2386 1942 2424 mes-

353 2473 468 2513 sem
501 2471 765 2527 vestram,
804 2460 891 2514 17.
930 2470 983 2516 et
1009 2477 1178 2531 panes
1215 2471 1449 2525 vestros,
1486 2471 1539 2514 et
1563 2461 1849 2515 comedent
1884 2461 1945 2514 ti-

351 2549 458 2605 lios
486 2561 724 2616 vestros,
759 2559 814 2606 et
845 2551 984 2606 tilias
1011 2561 1240 2616 vestras,
1281 2560 1336 2605 et
1379 2553 1668 2606 comedent
1706 2550 1781 2620 (a)
1814 2564 1945 2604 oves

349 2649 582 2707 vestras,
629 2654 683 2696 et
729 2641 896 2698 boves
924 2651 1155 2707 vestros,
1187 2651 1242 2697 et
1285 2642 1575 2697 comedent
1623 2643 1810 2696 vineas
1861 2658 1946 2695 ve-

351 2741 521 2795 stras,
553 2743 606 2787 et
634 2733 792 2789 ficeta
843 2743 1048 2800 vestra,
1079 2746 1134 2790 et
1159 2734 1359 2788 oliveta
1415 2747 1473 2788 σιμ
1529 2733 1752 2801 vestra1
1785 2733 1859 2802 (ὁ)
1889 2742 1945 2787 et

351 2824 690 2879 triturabunt
719 2826 888 2881 urbes
921 2827 1164 2881 munitas
1189 2835 1418 2889 vestras,
1450 2841 1617 2894 super
1640 2826 1840 2894 quibus
1871 2826 1940 2895 (c)

350 2923 410 2970 tu
436 2916 666 2972 confidis
699 2931 865 2985 super
896 2917 996 2979 eis.
1029 2917 1084 2972 in
1117 2917 1318 2987 gladio.
1353 2918 1440 2971 18.
1487 2917 1552 2972 Et
1591 2919 1697 2972 erit
1747 2921 1799 2973 in
1826 2920 1943 2975 die-

351 3008 456 3062 bus
481 3007 609 3072 illis,
645 3007 780 3061 dicit
809 3007 1072 3063 Dominus
1104 3023 1166 3063 -t-
1195 3008 1338 3064 Deus
1373 3018 1500 3063 tuus
1532 3009 1580 3077 1,
1607 3025 1715 3063 non
1744 3009 1939 3065 faciam

2055 1825 2368 1880 sacerdotes
2408 1823 2794 1893 applauserunt
2831 1818 3086 1872 manibus
3131 1818 3280 1870 suis:
3316 1824 3371 1868 et
3407 1816 3652 1884 populus

2051 1925 2207 1969 meus
2229 1915 2430 1968 amavit
2457 1916 2556 1968 sic.
2573 1912 2637 1965 Et
2655 1910 2783 1981 quid
2810 1908 3020 1963 facietis
3036 1907 3088 1960 in
3106 1908 3196 1966 iis,
3217 1919 3337 1972 qua
3363 1917 3483 1974 post
3505 1906 3652 1956 haec?

2120 2005 2254 2076 Cap.
2289 2004 2377 2060 Vl.
2411 2035 2480 2044 —
2509 2005 2559 2058 1.
2590 1999 3059 2064 Corroboramini,
3091 1998 3182 2052 lilii
3213 1997 3521 2064 Benjamin.
3570 1998 3652 2064 (ρ)

2049 2095 2117 2150 de
2148 2096 2328 2150 medio
2357 2094 2656 2148 Jerusalem
2685 2111 2697 2145 :
2723 2092 2853 2146 etin
2885 2090 3107 2143 Thecua
3139 2087 3445 2155 significate
3470 2089 3602 2139 tuba
3648 2131 3654 2136 .

2051 2187 2124 2257 (ᾳ)
2147 2197 2200 2240 et
2243 2203 2405 2256 super
2436 2185 2791 2239 Bctbcherem
2821 2181 2994 2234 tollite
3024 2179 3276 2249 signum:
3326 2177 3454 2245 quia
3504 2178 3652 2230 mala

2047 2286 2448 2347 prospexerunt
2495 2277 2563 2328 ab
2591 2273 2866 2342 aquilone,
2899 2281 2951 2326 et
2978 2271 3238 2325 contritio
3284 2285 3481 2337 magna
3536 2271 3650 2322 lia-t.

2046 2369 2100 2422 2.
2128 2372 2196 2436 >ε<
2233 2375 2302 2434 (r)
2341 2365 2638 2419 Venustam
2664 2374 2718 2418 et
2741 2363 3029 2417 delicatam
3071 2361 3120 2428 1.
3151 2360 3218 2414 Et
3245 2361 3502 2413 transibit
3533 2361 3647 2414 cel-

2047 2459 2231 2514 situdo
2263 2471 2321 2511 σε·
2360 2467 2450 2510 tua
2486 2455 2533 2522 1,
2573 2455 2682 2508 filia
2716 2452 2922 2508 Sionis.
2948 2454 3001 2508 5.
3036 2451 3096 2506 In
3131 2467 3251 2505 eam
3300 2452 3523 2504 venient
3561 2467 3651 2518 pa-

2047 2562 2225 2606 stores
2250 2549 2316 2619 (δ)
2353 2559 2406 2602 et
2437 2563 2628 2618 greges
2652 2563 2844 2602 eorum
2871 2562 2883 2597 :
2935 2555 2989 2599 ct
3022 2545 3186 2614 tigerit
3215 2559 3379 2612 super
3413 2558 3536 2596 eam
3569 2552 3651 2595 ta-

2046 2641 2341 2698 bernacula
2369 2641 2420 2693 in
2442 2640 2676 2696 circuitu
2701 2659 2714 2694 :
2741 2649 2794 2693 et
2814 2649 3035 2708 pascent
3077 2638 3459 2705 unusquisque
3479 2651 3648 2689 manu

2048 2750 2167 2790 sua.
2217 2734 2273 2788 4.
2305 2732 2501 2787 Parate
2532 2748 2628 2786 vos
2670 2748 2836 2800 super
2878 2747 2998 2785 eam
3034 2730 3102 2784 ad
3133 2730 3368 2784 bellum:
3409 2731 3649 2796 surgite,

2045 2835 2099 2880 et
2129 2825 2488 2880 ascendamus
2528 2838 2693 2892 super
2716 2839 2835 2876 eam
2874 2823 3133 2876 meridie:
3176 2836 3256 2874 va:
3290 2820 3470 2885 nobis,
3513 2820 3649 2889 quia

2045 2916 2339 2972 declinavit
2373 2915 2490 2970 dies
2523 2954 2537 2979 ,
2571 2914 2700 2984 quia
2730 2913 2993 2968 deficiunt
3023 2912 3228 2966 umbra:
3263 2910 3328 2980 (ι)
3360 2926 3639 2979 νθερετω.

2046 3010 2098 3065 5.
2147 3008 2386 3078 Surgite,
2417 3017 2472 3063 et
2520 3007 2884 3061 ascendautus
2921 3008 2974 3060 in
3009 3015 3188 3068 nocte,
3224 3015 3278 3059 et
3328 3019 3655 3074 corrumpa-

350 3114 453 3154 vos
481 3099 536 3152 in
567 3101 1123 3154 consummationem.
1159 3099 1245 3154 19.
1287 3099 1351 3154 Ει
1387 3101 1513 3165 erit,
1539 3101 1760 3169 quando
1789 3103 1942 3155 dixc-
1969 3109 2010 3164 c
2047 3117 2172 3156 mus
2207 3102 2283 3170 (α)
2315 3100 2670 3154 fundamenta
2703 3099 2846 3168 ejus.
2878 3100 2930 3152 6.
2960 3097 3100 3164 Quia
3134 3098 3247 3152 haec
3277 3097 3412 3151 dicit
3457 3096 3654 3148 Domi-

349 3188 494 3252 ritis,
531 3187 874 3257 QuaprOpter
904 3188 1032 3242 fecit
1068 3189 1229 3243 nobis
1273 3188 1535 3244 Dominus
1575 3189 1719 3244 Deus
1760 3199 1945 3243 noster

350 3280 468 3336 haec
502 3281 732 3334 omnia?
759 3292 813 3334 et
840 3282 988 3335 dices
1021 3281 1134 3335 eis:
1191 3280 1270 3351 (ά)
1317 3280 1422 3336 Pro
1464 3297 1530 3335 eo
1560 3281 1705 3350 quod
1753 3281 1947 3335 dereli-

355 3371 556 3440 quistis
587 3385 704 3432 me,
734 3380 788 3425 et
812 3371 1058 3426 coluistis
1099 3371 1387 3426 servitium
1416 3372 1524 3426 diis
1557 3373 1628 3442 (ε)
1660 3373 1855 3428 alienis
1890 3375 1941 3427 in

349 3470 496 3517 terra
537 3473 754 3528 vestra;
809 3463 882 3516 ita
919 3463 1110 3518 coletis
1147 3464 1432 3518 servitium
1485 3465 1680 3518 alienis
1708 3465 1761 3518 in
1801 3476 1944 3518 terra

352 3568 462 3607 non
496 3564 697 3608 vestra.
731 3554 820 3607 20.
856 3554 1192 3610 Annuntiate
1224 3555 1338 3610 haec
1372 3555 1427 3609 in
1462 3554 1692 3610 Domum
1729 3555 1940 3623 Jacobi,

349 3652 404 3698 et
431 3643 689 3698 audiatur
716 3645 769 3698 in
803 3645 968 3697 domu
993 3643 1166 3708 Judae,
1203 3647 1270 3713 Χ
1311 3645 1500 3700 dicens
1535 3649 1600 3715 1:
1627 3646 1716 3700 21.
1746 3648 1944 3702 Audite

353 3734 519 3803 igitur
553 3736 690 3799 haec,
720 3737 916 3806 popule
952 3737 1020 3805 (Γ)
1048 3737 1216 3800 fatue,
1260 3744 1314 3792 et
1355 3737 1474 3792 sine
1503 3739 1707 3794 corde:
1738 3743 1804 3807 }a(
1839 3740 1940 3810 ipsi

355 3828 377 3894 1
413 3829 509 3897 qui
538 3830 683 3883 oculi
719 3829 821 3892 eis,
851 3840 906 3883 et
933 3847 1039 3882 nou
1078 3831 1281 3893 vident,
1319 3845 1482 3885 aures
1511 3831 1611 3898 eis,
1643 3842 1695 3886 et
1723 3849 1828 3886 non
1854 3850 1942 3887 au-

350 3921 648 3984 diunt..22.
684 3923 764 3974 Au
799 3938 885 3975 me
904 3938 1009 3976 non
1044 3923 1326 3986 tiutebitis,
1352 3923 1490 3978 dicit
1512 3922 1817 3980 Dominus?
1846 3935 1943 3980 aut

350 4030 382 4066 a
416 4012 554 4068 facie
584 4029 701 4068 mea
736 4013 1109 4068 erubescetis?
1143 4015 1236 4083 qui
1265 4015 1452 4083 posuit
1490 4030 1712 4069 arenam
1747 4019 1933 4070 tet-mi.

351 4121 483 4160 num
515 4106 674 4168 mari,
711 4105 786 4175 (g)
823 4116 1152 4174 praeceptum
1179 4115 1466 4171 :Bternum,
1514 4116 1569 4160 et
1611 4124 1718 4160 non
1759 4118 1940 4163 trans—

352 4195 626 4265 gredietur
655 4195 821 4248 illud:
853 4202 908 4248 et
940 4194 1246 4248 turbabitur
1279 4201 1333 4248 et
1367 4211 1472 4249 non
1501 4197 1734 4265 poterit:
1763 4208 1816 4251 et
1839 4198 1939 4251 da—

350 4286 487 4340 bunt
520 4300 716 4340 sonum
775 4285 973 4340 ﬂuctus
1011 4284 1152 4352 ejus,
1197 4293 1254 4338 et
1301 4300 1410 4339 non
1467 4288 1939 4356 transgredientur

349 4379 504 4434 illud.
541 4379 632 4436 25.
673 4377 882 4448 Populo
921 4389 1104 4431 autem
1151 4377 1280 4431 huic
1321 4375 1525 4432 factum
1570 4388 1656 4433 est
1687 4394 1784 4433 cor
1817 4395 1938 4448 per-

2050 3211 2154 3248 nus
2184 3193 2446 3246 virtutum
2473 3211 2487 3245 :
2520 3191 2723 3245 Caedite
2753 3191 2896 3260 ligna
2932 3192 3074 3260 ejus,
3107 3189 3324 3243 effunde
3359 3203 3527 3256 super
3551 3185 3651 3242 Je-

2049 3284 2285 3339 rusalem
2313 3282 2392 3353 (a1)
2429 3283 2612 3337 robur.
2656 3285 2721 3348 >ε<
2755 3280 2878 3336 Ilaec
2917 3280 2939 3346 1
2975 3281 3089 3349 ipsa
3119 3281 3314 3333 civitas
3354 3279 3595 3330 mendax
3631 3293 3648 3328 :

2048 3380 2124 3445 (ῃ)
2156 3375 2336 3429 omnis
2384 3375 2458 3442 (ι)
2485 3374 2771 3443 oppressio
2803 3373 2856 3426 in
2887 3387 2968 3426 ea.
3021 3373 3072 3425 7.
3111 3370 3177 3424 Ut
3219 3370 3472 3441 frigidam
3514 3367 3655 3421 facit

2045 3468 2283 3520 cisterna
2341 3480 2541 3535 aquam
2575 3480 2756 3528 suam,
2786 3464 2856 3519 ita
2895 3463 3145 3532 frigidam
3183 3462 3314 3516 facit
3371 3460 3649 3514 malitiam

2044 3573 2224 3617 suam.
2302 3557 2610 3628 Impietas,
2692 3565 2748 3612 et
2832 3555 3054 3610 miseria
3134 3553 3389 3607 audietur
3449 3552 3505 3606 in
3578 3566 3650 3604 ea

2045 3665 2209 3720 super
2275 3647 2469 3703 faciem
2533 3647 2608 3717 (a)
2668 3647 2788 3716 ejus
2864 3660 3098 3714 semper.
3166 3643 3364 3697 Dolore
3429 3652 3485 3696 et
3543 3641 3652 3694 ila.

2047 3743 2186 3814 gello
2208 3741 2261 3795 8.
2291 3739 2582 3806 erudieris,
2609 3737 2936 3802 Jerusalem,
2963 3753 3030 3790 ne
3062 3735 3278 3789 recedat
3310 3734 3495 3786 anima
3519 3748 3646 3786 mea

2046 3851 2076 3888 a
2113 3843 2184 3896 te,
2217 3847 2327 3885 non
2359 3829 2556 3886 faciam
2583 3842 2633 3884 te
2663 3841 2863 3884 terram
2885 3844 2991 3881 non
3023 3826 3290 3897 perviam,
3316 3824 3501 3893 qualis
3524 3837 3642 3878 non

2047 3926 2400 3980 habitabitur.
2434 3924 2488 3978 9.
2520 3923 2657 3989 Quia
2691 3922 2804 3975 haec
2831 3920 2964 3974 dicit
3011 3917 3275 3973 Dominus
3335 3915 3647 3968 virtutum:

2046 4014 2359 4079 liacemate,
2397 4022 2695 4072 racemate,
2719 4020 2779 4065 ut
2801 4010 3039 4072 vineam,
3080 4007 3340 4078 reliquias
3374 4005 3646 4059 Israelis‘:

2043 4109 2344 4160 convertite
2376 4122 2495 4171 vos,
2544 4114 2601 4159 ut
2634 4103 3003 4157 vindemiator
3031 4116 3196 4170 super
3225 4101 3417 4154 cistam
3454 4113 3642 4152 suam.

2045 4197 2132 4253 10.
2183 4197 2262 4252 Ad
2319 4213 2481 4267 quem
2540 4196 2758 4266 loquar,
2795 4203 2851 4248 et
2889 4193 3262 4254 contestabor,
3307 4197 3362 4243 ct
3409 4188 3651 4243 audiet?

2041 4289 2180 4344 Ecce
2230 4288 2627 4342 incircumcisaa
2671 4302 2834 4340 aures
2884 4300 3100 4346 eorum,
3150 4294 3202 4336 et
3251 4296 3360 4336 non
3408 4288 3651 4348 possunt

2041 4379 2251 4433 audire.
2291 4377 2428 4432 Ecce
2455 4379 2682 4431 verbum
2738 4375 2950 4428 Domini
2986 4373 3187 4426 factum
3223 4379 3309 4424 est
3333 4371 3413 4423 eis
3444 4371 3499 4422 in
3541 4383 3648 4436 op-

349 4473 571 4528 suaderi
599 4473 867 4536 nescium,
901 4471 977 4540 (It)
1009 4479 1062 4524 et
1105 4485 1213 4523 non
1249 4471 1538 4525 obediens:
1575 4471 1929 4533 deﬂexerunt,
1971 4448 2013 4503 ί)
2045 4471 2357 4541 probrium:
2387 4470 2505 4524 Non
2539 4471 2721 4523 volent
2757 4468 2944 4521 audire
2975 4466 3128 4519 illud.
3165 4466 3252 4519 11.
3289 4464 3363 4534 (ὑ)
3394 4464 3462 4517 Et
3485 4463 3643 4517 furo-

347 4577 402 4620 et
430 4566 720 4632 abierunt;
748 4564 837 4619 24.
873 4579 972 4619 nec
994 4562 1330 4617 dixeruntin
1361 4564 1526 4618 corde
1560 4579 1692 4619 suo:
1727 4563 1932 4618 Timea-

347 4671 475 4712 mus
522 4670 668 4710 nunc
711 4654 1001 4709 Dominum
1058 4651 1228 4708 Deum
1287 4663 1555 4717 nostrum,
1599 4655 1690 4723 qui
1734 4655 1827 4708 dat
1865 4669 1927 4710 σε-

348 4749 509 4808 nobis
545 4747 828 4818 1pluviam
871 4745 1249 4816 tempestivam
1276 4753 1331 4799 et
1363 4747 1682 4813 serotinum,
1722 4748 1774 4800 in
1803 4757 1931 4801 tem-

423 4957 494 5027 (ε)
545 4955 642 5027 A.,_
673 4969 1082 5027 super_muros_.
1159 4952 1222 5022 (ι’)
1263 4950 1482 5027 Portate
1518 4961 1879 5027 commeatus.

349 5022 482 5094 ipse
525 5025 649 5079 est?
701 5022 777 5094 (y)
830 5025 1227 5094 A.,_robusta.
1263 5022 1346 5086 8.,
1374 5093 1377 5094 ν
1406 5023 1582 5094 furtis.
1632 5024 1707 5094 (τε)

345 5090 406 5150 οἰ
437 5097 600 5150 boves
625 5090 768 5164 tuus.
824 5095 899 5164 (b)
935 5092 1000 5147 Et
1028 5093 1280 5164 foedabit.
1321 5093 1389 5164 (c)
1429 5090 1554 5164 Vos.

353 5163 572 5244 mentis.
649 5163 724 5284 εἲ)
755 5163 850 5244 ᾼη
882 5162 1172 5250 statutum.
1205 5163 1316 5243 .(h)
1351 5162 1442 5242 ᾼ..

353 5235 530 5284 nobis.
557 5231 629 5284 (Iri
707 5272 746 5284 ..
777 5234 1064 5284 IIIUSIOIIIS.
1095 5234 1177 5284 ὁ..
1204 5232 1442 5284 IﬂSIdlal'l

349 5235 530 5293 nobis.
557 5233 608 5301 (k

1952 4951 2030 5020 (ιι)
2068 4953 2160 5016 Α.,
2219 4969 2326 5008 non
2360 4950 2597 5017 Domini,
2666 4950 2744 5021 (π)
2788 4949 2877 5014 Α.,

1773 5021 1927 5092 [ἰρΙνξιι

2088 5023 2226 5092 :ujus
2273 5039 2381 5078 non
2443 5018 2766 5092 cognosces.
2800 5021 2898 5092 (α).
2936 5021 3055 5092 A.,_
3077 5018 3160 5083 8.,
3200 5035 3416 5089 gregem
3457 5029 3644 5073 tuum.

1621 5087 1697 5161 (a)
1727 5091 1820 5154 A.,
1862 5087 1934 5145 Th

2088 5087 2540 5147 ieutadmodumf
2574 5093 2643 5160 (c)
2668 5087 2875 5144 Falsis.
2909 5091 2973 5162 (f)
3018 5087 3101 5154 8.,
3135 5087 3410 5162 stulte,et
3441 5105 3646 5162 expers

1500 5161 1585 5223 8.,
1614 5162 1957 5232 et_irritans.
2009 5161 2072 5232 (ἶ)
2108 5165 2201 5224 Α..
2245 5162 2328 5225 8.,

2043 4577 2156 4616 rem
2180 4577 2359 4616 meum
2389 4561 2629 4631 implevi,
2667 4560 2737 4629 (c)
2763 4569 2814 4612 et
2841 4557 3087 4622 cohibui,
3115 4567 3170 4610 et
3203 4556 3490 4610 consumsi
3520 4570 3644 4609 eos.

2041 4652 2328 4709 Eﬂundam
2357 4670 2520 4723 super
2553 4667 2753 4724 pueros
2786 4667 2816 4704 a
2853 4649 3011 4714 foris,
3053 4659 3108 4704 et
3136 4662 3302 4717 super
3329 4662 3642 4715 congrega-

2039 4745 2242 4800 tionem
2275 4746 2352 4814 (d)
2375 4745 2637 4814 juvenum
2665 4744 2864 4809 simul;
2893 4742 3022 4812 quia
3048 4741 3128 4794 vir
3162 4750 3216 4795 et
3240 4755 3381 4794 uxor
3417 4739 3647 4809 capien-

2935 4965 3043 5004 non
3093 4949 3246 5020 ipse.
3305 4949 3394 5013 8.,
3447 4963 3640 5004 annon

2363 5163 2683 5230 septimanae
2738 5161 2927 5214 statuti
2973 5162 3191 5224 messis,
3249 5161 3344 5230 qui
3400 5161 3643 5213 custodit

707 5229 746 5298 ζ,
777 5233 1064 5288 illusionis.
1095 5234 1177 5295 8.,
1204 5229 1544 5286 insidiarum.
1581 5231 1641 5301 tl}
1667 5229 1934 5285 Iudicium

2088 5249 2092 5284 μ
2124 5234 2211 5295 (1.,
2245 5235 2330 5295 8.,
2354 5229 2672 5302 pauperum.
2699 5232 2775 5299 (η)
2810 5233 2900 5302 A._.
2933 5231 3234 5298 corruptio.
3267 5229 3351 5292 8.,
3376 5232 3642 5302 commis-

349 5305 451 5360 tio.
485 5299 573 5375 (o)‘
593 5299 771 5375 Falsa.
799 5306 875 5372 (p)
897 5302 966 5375 _ln
1015 5303 1216 5375 medio.
1249 5304 1324 5375 (_q)
1358 5305 1449 5375 AD
1494 5312 1546 5354 et
1580 5299 1998 5375 Superdomum
2029 5299 2262 5375 Carmeli
2291 5299 2730 5375 elevatefacem.
2765 5301 2833 5375 (ιζ)
2863 5299 2944 5375 8.,
2991 5309 3238 5375 venusta:
3287 5311 3344 5354 et
3386 5299 3638 5375 delicatae

352 5367 658 5429 assimi'lavi
694 5367 866 5427 filiani
892 5371 1098 5427 Sionis.
1139 5373 1209 5442 (δ)
1243 5367 1335 5434 Al,
1387 5371 1470 5435 8.,
1505 5381 1559 5425 ct
1594 5367 1806 5442 stabula
1850 5387 1934 5424 cor

2110 5373 2173 5440 (t)
2211 5371 2344 5426 Diei.
2378 5372 2457 5438 (tt)
2489 5371 2583 5434 Λ.,
2613 5369 2695 5436 8.,
2731 5367 2950 5438 palatia.
2985 5371 3064 5436 με)
3112 5373 3400 5439 Aggerem.
3440 5367 3634 5442 (yiSu

357 5443 497 5512 ipsa,
523 5459 647 5512 qua:
679 5451 788 5498 tota
813 5442 970 5511 plena
997 5453 1077 5496 est
1105 5437 1376 5512 ininedio
1399 5456 1520 5512 suo.
1554 5441 1630 5511 (π)
1670 5437 1754 5512 8.,
1790 5437 2175 5510 oppressio‘nes
2210 5445 2262 5495 in
2300 5437 2479 5496 medio
2515 5443 2667 5510 ejus:
2702 5451 2759 5494 ut
2797 5453 2858 5495 so
2880 5451 2981 5512 vat
3008 5437 3432 5512 puteusaquam
3479 5439 3629 5512 frigi-

397 5527 481 5566 am
515 5507 577 5581 in
612 5529 694 5576 se,
723 5513 794 5566 ita
817 5507 1066 5581 servavit
1097 5510 1292 5581 frigus,
1349 5507 1621 5563 malitiam
1653 5511 1774 5579 ejus
1805 5507 2147 5566 audiverunt.
2205 5513 2280 5579 (a)
2310 5520 2398 5576 Α.,
2435 5507 2634 5566 meam.
2689 5512 2762 5580 (ὁ)
2802 5514 2892 5573 Α.,
2921 5507 3043 5573 ΤΙιζ,
3083 5507 3293 5581 furoris
3309 5521 3502 5581 autem
3535 5507 3642 5559 Do-

361 5581 515 5654 mini.
551 5579 636 5645 8.,
669 5592 722 5636 et
753 5580 920 5654 exira
949 5578 1398 5654 Dortlini'repleta
1435 5590 1536 5654 est,
1558 5578 1824 5654 laboravit
1859 5581 2108 5653 tolerare.
2139 5578 2219 5653 (c)
2239 5583 2330 5648 .»1.,
2365 5581 2622 5654 fatigatus
2663 5578 2784 5639 sum
2816 5582 3071 5636 tolerare.
3103 5579 3190 5644 8.,
3227 5578 3488 5653 fatigatus
3513 5591 3636 5634 sum

364 5648 605 5707 tolerans
633 5665 753 5721 ego.
813 5649 890 5720 (ά)
926 5650 1015 5713 Α.,
1058 5649 1178 5716 Th.,
1211 5651 1691 5711 contcordautium,
