3782 6222
357 187 502 245 ’Βιῦ

1545 193 1773 250 CODEX
1819 194 2500 252 SYRO-HEXAPLARIS.

3507 206 3642 261 1316

360 305 574 361 faciunt
617 305 674 361 in
718 307 948 362 urbibus
997 305 1152 363 Judae
1178 347 1193 373 ,
1238 315 1293 363 et
1342 308 1394 363 in
1445 309 1550 366 viis
1601 308 1948 366 Jerusalem?
1976 318 2020 374 Α
2053 311 2170 366 Filii
2202 311 2366 380 Num,
2395 314 2490 369 sed
2522 313 2617 370 sed
2649 314 2714 385 (‘)
2752 315 2910 372 vallis
2937 317 3019 388 (a)
3065 317 3428 374 occisorum:
3471 332 3525 374 et
3563 339 3644 381 εο-

364 397 453 452 18.
501 397 628 452 Filii
673 413 864 454 eorum
906 399 1173 470 colligunt
1214 400 1384 471 ligna,
1434 409 1489 456 et
1534 410 1716 472 patres
1754 418 1945 458 eorum

363 488 706 545 succendunt
735 491 804 559 Χ
837 490 1014 562 ignem
1041 490 1089 559 ζ,
1116 500 1172 546 et
1202 492 1456 549 mulieres
1484 508 1678 550 eorum
1710 495 1786 565 (η)
1818 496 1951 552 sub—

331 581 520 658 gigunt
551 597 789 638 massam
811 627 825 651 ,
858 585 925 638 ad
963 582 1272 640 faciendum
1318 587 1598 657 placentas
1629 588 1706 658 (ο)
1741 589 1950 646 militia:

329 655 488 730 leaeli
524 693 537 728 :
571 685 625 730 et
663 676 904 731 libarunt
934 677 1194 733 libamina
1223 655 1332 734 diis
1365 679 1582 744 alienis,
1614 655 1771 737 uit-ad
1811 683 1948 738 iram

363 775 664 836 provocent
693 783 800 823 me.
835 769 920 824 19.
956 767 1098 824 Num
1131 786 1217 826 me
1240 771 1340 841 ipsi
1366 771 1434 827 ad
1464 771 1600 826 iram
1624 782 1947 843 provocant,

363 858 497 914 dicit
532 859 834 916 Dominus?
891 875 1070 916 nonne
1115 864 1462 933 semetipsos,
1517 873 1578 918 ut
1623 865 1954 920 erubescant

365 951 537 1009 facies
566 955 794 1010 eorum?
822 954 910 1007 20.
952 953 1178 1026 Propter
1214 957 1316 1012 hoc
1353 958 1468 1012 haec
1498 957 1631 1012 dicit
1660 960 1726 1026 >εί
1762 958 1952 1014 Domi-

364 1059 469 1100 nus
499 1044 520 1112 ζ
549 1063 564 1100 :
603 1043 745 1101 Ecce
774 1044 850 1099 ira
881 1054 934 1101 et
967 1045 1122 1102 furor
1152 1063 1307 1104 meus
1341 1049 1416 1118 (p)
1461 1047 1760 1104 eﬂunditur
1788 1064 1953 1118 super

365 1135 550 1192 locum
582 1138 749 1204 hunc,
777 1148 830 1192 et
861 1154 1024 1210 super
1053 1139 1325 1203 homines,
1363 1149 1418 1194 et
1467 1155 1632 1210 super
1678 1139 1950 1209 iumenta,

365 1236 421 1282 et
449 1244 614 1299 super
643 1245 807 1286 omne
833 1231 1042 1301 lignum
1073 1232 1210 1301 agri,
1241 1240 1294 1286 et
1320 1247 1485 1301 super
1505 1246 1698 1287 omnes
1731 1233 1804 1302 (q)
1827 1245 1954 1301 pro-

366 1331 566 1377 ventus
599 1332 794 1378 terrm:
830 1334 884 1378 et
926 1323 1269 1392 incendetur,
1306 1334 1362 1380 et
1402 1340 1511 1380 non
1548 1325 1950 1394 exstinguctur.

367 1409 459 1465 21.
497 1409 621 1467 Πειξο
641 1412 776 1467 dicit
807 1412 1073 1470 Dominus
1102 1419 1170 1483 )s(
1197 1416 1462 1471 virtutum
1498 1414 1644 1471 Deus
1677 1414 1950 1482 lsraelisﬁ:

372 1501 696 1560 Iiolocausta
726 1515 906 1562 vestra
931 1515 1260 1579 congregato
1285 1524 1408 1562 cum
1431 1508 1718 1563 sacrificiis
1734 1507 1953 1572 vestris,

367 1605 423 1650 et
459 1597 730 1652 comedite
759 1613 1028 1654 carnem:
1074 1599 1165 1652 22.
1220 1598 1350 1669 quia
1402 1613 1512 1652 non
1572 1599 1790 1654 locutus
1829 1612 1952 1651 sum

368 1689 437 1742 ad
467 1698 650 1758 patres
691 1701 924 1756 vestros,
978 1705 1158 1760 neque
1202 1693 1433 1763 praecepi
1479 1691 1560 1746 eis
1606 1691 1660 1745 in
1693 1691 1800 1755 die,
1847 1704 1957 1760 quo
1991 1669 2032 1728 Β

367 1785 530 1840 eduxi
563 1800 656 1840 eos
685 1801 751 1840 ex
795 1795 941 1841 terra
980 1786 1220 1858 Egypti,
1250 1787 1318 1842 de
1344 1789 1411 1854 >ε<
1443 1785 1608 1840 verbo
1641 1785 1658 1854 ζ
1690 1784 1955 1840 holocau-

368 1884 602 1943 storum,
636 1889 691 1932 et
719 1878 976 1934 sacrificii
1009 1897 1021 1932 :
1053 1878 1143 1933 25.
1185 1878 1278 1934 sed
1315 1879 1361 1933 si
1397 1877 1626 1932 verbum
1675 1877 1778 1931 hoc
1812 1890 1953 1946 prae-

369 1970 485 2040 cepi
512 1973 612 2032 eis,
640 1970 869 2025 dicens:
898 1970 1099 2026 Audite
1135 1985 1320 2026 vocem
1357 1985 1556 2034 meam,
1590 1979 1646 2024 et
1677 1984 1772 2024 ero
1801 1968 1957 2023 vobis

369 2061 426 2115 in
464 2060 656 2124 Deum,
693 2070 747 2117 et
777 2077 878 2117 vos
921 2062 1078 2118 eritis
1119 2063 1254 2117 mihi
1298 2063 1352 2117 in
1393 2062 1653 2132 populum
1697 2080 1712 2117 :
1753 2070 1808 2117 et
1839 2077 1958 2115 am-

367 2155 554 2211 bulate
577 2157 631 2210 in
656 2156 914 2211 omnibus
943 2157 1049 2212 viis
1079 2157 1237 2222 meis,
1276 2157 1333 2211 in
1370 2157 1438 2212 iis
1476 2172 1616 2227 quas
1645 2171 1958 2227 praecepero

367 2249 629 2315 vobis,ut
659 2248 796 2304 bene
830 2249 902 2304 sit
937 2249 1114 2304 vobis.
1159 2249 1248 2304 24.
1287 2248 1354 2304 Ει
1387 2264 1496 2306 non
1530 2248 1862 2304 audiverunt
1887 2249 1958 2317 Ἀ(

367 2355 456 2395 me
487 2341 532 2409 ζ,
566 2356 742 2412 neque
770 2339 840 2412 (r)
870 2341 1103 2397 attendit
1133 2341 1282 2397 auris
1315 2356 1539 2408 eorum;
1581 2342 1675 2397 sed
1705 2341 1958 2395 ambula-

367 2433 572 2486 runtin
602 2431 1028 2504 cegitationibus
1064 2433 1248 2488 cordis
1286 2433 1373 2487 sui
1407 2433 1558 2497 mali,
1583 2442 1637 2487 et
1665 2431 1793 2488 facti
1827 2441 1960 2488 sunt

367 2531 697 2592 retrorsum,
731 2533 785 2580 et
816 2539 924 2580 non
961 2524 1089 2582 facti
1116 2534 1245 2581 sunt
1271 2533 1614 2590 antrorsum,
1647 2525 1740 2582 25.
1773 2541 1839 2578 ex
1869 2525 1959 2580 die

371 2627 483 2682 quo
519 2615 725 2685 egressi
756 2625 886 2672 sunt
918 2626 1102 2687 patres
1131 2632 1322 2672 eorum
1353 2632 1420 2672 ex
1452 2625 1598 2672 terra
1635 2615 1878 2687 Egypti,
1903 2624 1961 2671 et

371 2721 549 2776 usque
594 2708 648 2762 in
701 2709 845 2763 diem
897 2709 1065 2765 hunc.
1103 2707 1169 2763 Et
1221 2708 1348 2764 misi
1387 2709 1455 2762 ad
1495 2723 1591 2762 vos
1621 2723 1812 2762 omnes
1843 2721 1960 2762 ser-

371 2813 471 2853 vos
502 2813 655 2854 meos
681 2801 993 2870 prophetas,
1022 2799 1109 2856 die
1140 2799 1209 2870 (s)
1234 2808 1287 2855 et
1311 2813 1507 2854 mane:
1537 2806 1592 2855 et
1622 2798 1766 2862 misi,
1789 2797 1879 2851 26.
1903 2806 1959 2851 et

373 2904 484 2944 non
562 2891 891 2947 audiverunt
936 2907 1045 2960 me,
1090 2901 1145 2947 et
1201 2910 1309 2947 non
1378 2891 1731 2948 attenderunt
1796 2905 1960 2946 aures

2051 403 2253 472 pelient
2282 405 2338 458 in
2362 403 2673 475 Thapheth,
2699 420 2765 460 eo
2799 406 2948 476 quod
2985 423 3096 463 non
3122 409 3195 464 sit
3233 411 3436 466 locus:
3475 414 3563 467 35.
3594 427 3648 470 et

2049 503 2214 550 erunt
2238 496 2441 551 mortui
2469 497 2659 567 populi
2686 498 2852 568 hujus
2885 501 3043 556 cibus
3073 501 3399 558 volucribus
3425 507 3567 568 coeli,
3597 518 3647 560 ct

2051 587 2241 644 bestiis
2267 597 2468 646 teme:
2507 599 2563 645 et
2590 606 2702 645 non
2735 592 2859 658 erit,
2911 593 3007 662 qui
3051 593 3270 648 obviam
3313 603 3426 649 eat.
3465 597 3553 651 54.
3589 597 3650 653 Ει

2052 693 2273 734 cessare
2310 679 2509 735 faciam
2539 697 2605 736 ex
2632 682 2866 740 urbibus
2888 682 3067 752 Judae,
3092 695 3148 740 et
3170 701 3235 741 ex
3262 687 3470 757 plateis
3500 689 3648 744 Jeru-

2053 767 2224 824 salem
2261 768 2337 840 (ὁ)
2374 785 2565 826 vocem
2592 771 2916 836 laetantium,
2948 783 3004 829 et
3036 791 3223 830 vocem
3269 778 3650 846 gaudentium,

2055 875 2244 915 vocem
2273 863 2483 932 sponsi,
2510 873 2566 919 et
2579 869 2773 920 ‘vocem
2799 869 3193 937 sponsae;quia
3210 869 3267 922 in
3287 871 3652 926 vastationem

2052 954 2159 1008 erit
2199 963 2365 1010 terra.

2127 1045 2279 1099 CAP.
2310 1045 2445 1100 VIII.
2470 1078 2539 1088 —
2561 1048 2612 1102 1.
2656 1047 2715 1102 1η
2750 1058 2996 1118 tempore
3037 1050 3152 1116 illo,
3187 1051 3321 1107 dicit
3357 1052 3654 1119 Dominus,

2053 1139 2282 1196 ell‘erent
2302 1157 2430 1198 ossa
2465 1157 2655 1213 regum
2683 1141 2855 1208 Judae,
2896 1153 2953 1199 et
2992 1160 3119 1201 ossa
3165 1147 3487 1217 principum
3516 1149 3659 1217 ejus,

2055 1239 2111 1286 et
2152 1245 2281 1286 ossa
2311 1233 2660 1288 sacerdotum
2693 1246 2748 1289 et
2790 1249 2916 1290 ossa
2961 1235 3383 1306 pr0pbetarum,
3433 1247 3493 1292 et
3532 1253 3658 1294 ossa

2056 1337 2247 1378 eorum
2273 1324 2368 1394 qui
2407 1324 2658 1380 habitant
2687 1325 2742 1379 in
2772 1325 3105 1396 Jerusalem,
3146 1343 3211 1384 ex
3253 1331 3536 1398 sepulcris
3569 1347 3632 1386 eo

2055 1431 2203 1479 rum,
2229 1419 2286 1470 2.
2312 1425 2367 1471 et
2393 1416 2706 1486 expandent
2729 1432 2792 1471 ea
2830 1417 2903 1488 (ε)
2932 1419 2999 1472 ad
3034 1419 3225 1486 solem,
3263 1433 3330 1475 οξ-
3365 1430 3424 1475 et
3465 1422 3535 1474 ad
3578 1422 3660 1476 lu-

2056 1523 2206 1572 nam,
2229 1515 2283 1562 et
2307 1507 2372 1561 ad
2405 1522 2598 1562 omnes
2628 1508 2812 1564 stellas
2840 1511 2888 1578 ζ,
2929 1519 2984 1563 et
3029 1510 3096 1564 ad
3143 1525 3367 1565 omnem
3401 1513 3658 1568 militiam

2059 1598 2206 1664 eteli,
2228 1613 2352 1668 qua:
2379 1606 2657 1666 amarunt,
2691 1608 2746 1654 et
2784 1601 2988 1670 quibus
3028 1601 3319 1657 coluerunt
3340 1604 3655 1669 servitium,

2061 1697 2116 1743 et
2145 1704 2288 1759 quos
2311 1689 2666 1744 ambularunt
2698 1701 2821 1761 post
2862 1707 2980 1756 eos,
3015 1703 3069 1746 et
3099 1693 3307 1762 quibus
3344 1694 3428 1764 (Δ)
3471 1695 3659 1749 adhae-

2062 1791 2271 1845 serunt,
2294 1790 2350 1835 et
2378 1796 2500 1851 quae
2528 1782 2895 1837 adoraverunt
2923 1798 3010 1838 ea.
3045 1783 3114 1854 (ε)
3141 1781 3265 1838 Non
3301 1785 3657 1855 plangentur.

2061 1887 2240 1942 neque
2265 1873 2623 1943 sepelientur:
2651 1875 2719 1944 (f)
2759 1877 2814 1930 in
2847 1876 3149 1932 ludibrium
3177 1894 3346 1948 super
3379 1877 3528 1935 facie
3555 1890 3662 1934 ter-

2060 1979 2135 2018 rae
2166 1974 2348 2020 erunt.
2383 1965 2436 2019 5.
2470 1965 2610 2032 Quia
2639 1966 2712 2037 (g)
2759 1967 3041 2037 elegerunt
3082 1978 3341 2033 mortem,
3378 1986 3552 2039 quam
3585 1971 3664 2024 vi-

2063 2065 2192 2110 tam.
2232 2056 2296 2112 Et
2345 2059 2604 2114 omnibus
2659 2059 2925 2124 residuis,
2971 2062 3065 2130 qui
3118 2063 3293 2116 relicti
3347 2062 3563 2117 fuerint
3601 2079 3660 2116 es

2062 2149 2413 2217 generatione
2461 2152 2530 2220 )9:
2567 2153 2708 2205 mala
2749 2152 2774 2218 ζ
2810 2153 2922 2216 illa,
2982 2154 3056 2223 (Ιι)
3096 2153 3150 2208 in
3208 2155 3362 2207 omni
3425 2155 3570 2219 loco,
3600 2159 3661 2220 χ

2064 2239 2154 2303 iis,
2199 2240 2292 2308 qui
2346 2241 2524 2295 rt-licti
2571 2241 2777 2296 fuerint
2823 2243 2873 2310 ζ,
2913 2242 2974 2313 (ἱ)
3002 2259 3357 2314 quocumque
3405 2248 3666 2314 expuleo

2062 2346 2158 2385 eos
2183 2333 2334 2398 illuc,
2365 2336 2433 2401 >ε<
2461 2333 2593 2388 dicit
2623 2332 2894 2388 Dominus
2934 2336 3201 2390 virtutum
3235 2336 3285 2403 ζ.
3325 2337 3384 2389 4.
3420 2335 3492 2389 Et
3521 2337 3666 2389 dices

2062 2426 2130 2491 )s:
2156 2423 2224 2477 ad
2249 2439 2344 2479 eos
2369 2425 2416 2493 ζ,
2438 2424 2584 2493 quod
2613 2424 2727 2478 haec
2758 2425 2891 2480 dicit
2924 2424 3195 2482 Dominus
3220 2445 3233 2481 :
3260 2427 3408 2481 Num
3440 2430 3539 2498 qui
3577 2444 3665 2480 ra-

2063 2514 2164 2577 dit,
2209 2530 2318 2568 non
2369 2517 2630 2582 resurgit?
2660 2515 2713 2568 5.
2758 2525 2855 2570 aut
2885 2517 2978 2586 qui
3009 2518 3257 2581 dicessit,
3295 2533 3412 2572 non
3457 2535 3520 2574 se
3545 2535 3666 2573 cen-

2064 2607 2294 2660 vertet?
2333 2605 2515 2672 Quare
2571 2623 2799 2663 aversus
2854 2621 2938 2664 est
3011 2611 3242 2680 populus
3309 2611 3426 2674 hic,
3490 2614 3558 2676 ξεί
3620 2621 3667 2664 et

2063 2696 2368 2752 Jerusalem
2405 2700 2427 2766 ζ
2473 2701 2759 2755 aversione
2800 2701 2874 2771 (li)
2911 2704 3245 2772 importuna,
3287 2711 3343 2756 et
3375 2703 3513 2756 victi
3553 2700 3666 2755 fue-

2063 2799 2194 2844 runt
2224 2791 2278 2844 in
2309 2791 2540 2845 arbitrio
2569 2808 2693 2857 suo,
2738 2803 2792 2847 ct
2841 2810 2950 2848 non
2995 2795 3295 2850 voluerunt
3334 2810 3398 2850 se
3440 2809 3666 2850 conver-

2066 2888 2180 2936 tere
2201 2882 2224 2935 ?
2249 2882 2303 2936 6.
2331 2883 2394 2954 (Ι)
2426 2883 2704 2938 Altendite
2740 2902 2906 2952 nunc,
2932 2896 2986 2941 et
3008 2888 3213 2940 audite.
3246 2885 3452 2940 Nonne
3483 2887 3567 2940 sic
3599 2886 3670 2937 lo-

373 2997 585 3039 corum:
609 2992 664 3038 et
691 2983 1021 3038 indurarunt
1053 2985 1114 3056 (t)
1147 2986 1413 3041 cervicem
1451 2993 1606 3040 suam
1644 2984 1767 3054 plus
1795 2999 1959 3052 quam
1989 3015 2032 3072 ο
2065 2983 2335 3045 ψιυηιυΐ,
2375 2992 2484 3030 NOII
2529 2987 2614 3031 est
2656 2978 2843 3042 ὶιοιηο.
2893 2979 2989 3047 qui
3043 2979 3432 3048 ναξηῑιθιιιίιιιι
3473 2989 3597 3048 agat
3640 2992 3667 3029 ³

373 3081 560 3143 patres
594 3088 807 3128 eorum.
841 3073 932 3128 27.
984 3073 1050 3130 Et
1096 3075 1251 3130 dices
1299 3075 1382 3130 eis
1428 3089 1742 3129 sermonem
1791 3074 1959 3140 hunc,

377 3167 446 3232 χ
487 3173 541 3219 et
573 3180 684 3220 non
716 3166 941 3220 audient
989 3176 1062 3230 te,
1115 3175 1170 3222 et
1226 3169 1450 3222 vocabis
1483 3183 1600 3234 eos,
1631 3177 1686 3222 et
1723 3183 1835 3221 non
1875 3182 1964 3221 re-

377 3257 726 3326 spondebunt
755 3257 876 3323 tibi,
901 3259 992 3313 28.
1019 3267 1074 3314 et
1103 3259 1254 3314 dices
1283 3260 1363 3314 eis
1399 3260 1420 3328 ζ
1451 3279 1464 3314 :
1495 3258 1622 3315 Rrec
1653 3275 1810 3329 gens,
1841 3273 1965 3328 quae

376 3363 487 3403 non
519 3349 729 3404 audivit
755 3365 945 3406 vocem
973 3351 1186 3406 Domini
1223 3351 1314 3407 Dei
1348 3366 1564 3419 eorum,
1597 3368 1778 3422 neque
1807 3366 1962 3406 rece-

378 3442 459 3511 pit
484 3441 829 3512 disciplinam
859 3463 874 3498 :
907 3444 1102 3499 defecit
1130 3445 1282 3510 fides,
1308 3447 1376 3515 3K
1401 3456 1455 3500 et
1484 3447 1696 3501 sublata
1722 3455 1807 3501 est
1839 3447 1860 3515 ζ
1895 3462 1959 3503 ex

379 3550 474 3589 ore
503 3550 726 3590 eorum.
752 3536 842 3591 29.
879 3537 958 3606 (ιι)
999 3536 1187 3592 Tonde
1233 3548 1398 3608 caput
1441 3548 1616 3606 tuum,
1649 3549 1704 3595 et
1737 3540 1962 3610 projice,

379 3635 435 3679 et
471 3640 627 3681 sume
655 3642 820 3696 super
846 3628 988 3682 labia
1021 3638 1112 3682 tua
1143 3629 1610 3696 lamentationem;
1631 3630 1758 3699 quia
1784 3645 1969 3700 repro-

380 3717 532 3772 bavit
582 3718 867 3783 Dominus,
920 3728 974 3774 et
1024 3721 1223 3790 repulit
1263 3721 1669 3792 generationem
1711 3721 1811 3793 (ω),
1845 3739 1968 3793 quae

381 3810 515 3866 facit
539 3811 686 3867 haec:
713 3811 802 3867 '50.
825 3814 955 3882 quia
972 3813 1650 3885 feceruntﬁliiJudaaquod
1671 3815 1873 3869 malum
1889 3816 1966 3885 (ει)

384 3911 575 3952 coram
607 3913 717 3966 me,
751 3899 885 3954 dicit
919 3901 1207 3969 Dominus,
1243 3904 1648 3958 constituerunt
1677 3904 1966 3959 abomina-

383 3989 566 4044 tioncs
607 4007 738 4048 suas
781 3990 838 4046 in
891 3992 1076 4058 domo,
1123 4009 1232 4064 qua
1272 3995 1585 4049 invocatum
1637 4003 1724 4050 est
1769 4011 1968 4050 nomen

383 4099 568 4139 meum
605 4101 771 4156 super
791 4101 876 4153 ea,
913 4096 973 4142 ut
1005 4090 1311 4157 polluerent
1334 4107 1455 4144 eam
1483 4109 1497 4145 :
1527 4092 1615 4145 3i.
1647 4100 1702 4145 et
1727 4091 1967 4147 aedifica-

383 4183 516 4229 runt
531 4175 604 4244 (τ)
628 4190 779 4231 aram
803 4177 1160 4249 Thaphethis,
1182 4196 1303 4249 qua:
1319 4191 1402 4236 est
1423 4182 1478 4235 in
1500 4183 1641 4237 valle
1659 4182 1783 4237 Filii
1801 4181 1966 4247 Num,

385 4265 452 4319 ad
484 4267 923 4322 eomburendum
958 4270 1099 4326 ﬁlios
1127 4286 1279 4335 suos,
1312 4279 1367 4325 et
1398 4271 1537 4327 tilias
1573 4287 1706 4327 suas
1731 4272 1785 4325 in
1812 4271 1962 4342 igne:

2075 3067 2284 3121 malitia
2311 3084 2433 3132 sua,
2463 3069 2653 3124 dicens
2691 3089 2704 3123 :
2749 3069 2889 3134 Quid
2932 3069 3075 3124 feci?
3101 3070 3356 3126 Cessavit
3378 3084 3616 3124 currens
3640 3083 3667 3120 a

2071 3171 2238 3211 cursu
2278 3173 2402 3222 suo,
2438 3158 2581 3212 sicut
2629 3174 2805 3227 equus
2845 3160 2941 3230 (m)
2989 3159 3206 3216 irruens
3238 3163 3332 3230 ς’)
3362 3160 3426 3214 in
3463 3160 3667 3214 hinnitu

2073 3267 2201 3306 suo.
2238 3250 2288 3306 7.
2325 3249 2392 3304 Et
2421 3253 2498 3321 (tt)
2529 3252 2680 3306 asida
2708 3253 2762 3306 in
2795 3256 2937 3308 caelo
2961 3255 3220 3325 cognovit
3245 3263 3474 3324 tempus
3494 3269 3668 3314 suum,

2076 3352 2276 3408 turtur,
2314 3343 2387 3413 (o)
2419 3353 2473 3398 et
2507 3344 2761 3405 hirundo.
2803 3359 2858 3401 -ί-
2916 3346 3144 3401 avicula:
3188 3346 3306 3416 agri
3339 3346 3364 3414 ζ
3403 3345 3671 3400 custodit?

2073 3443 2205 3490 runt
2239 3437 2306 3503 ὴ(
2338 3436 2635 3505 tempora:
2699 3437 3049 3506 ingressuum
3107 3451 3378 3492 suorum:
3441 3437 3673 3506 populus

2077 3537 2257 3582 autem
2274 3542 2429 3583 meus
2453 3544 2560 3584 non
2583 3531 3170 3600 eognoveruntjudicia
3190 3530 3436 3586 Domini.
3459 3532 3513 3586 8.
3529 3531 3672 3596 Quo-

2076 3621 2242 3676 modo
2269 3621 2451 3676 dieitis
2488 3639 2503 3677 :
2547 3621 2704 3688 Quod
2746 3623 3024 3692 sapientes
3074 3640 3270 3679 sumus
3323 3639 3456 3692 nos,
3508 3635 3564 3678 et
3597 3624 3674 3677 lex

2077 3711 2293 3766 Domini
2321 3722 2404 3767 est
2435 3715 2769 3770 nobiscum?
2801 3718 2869 3783 )9;
2896 3714 3123 3785 Propter
3157 3716 3262 3771 hoc
3301 3715 3325 3782 ζ
3375 3716 3436 3769 in
3477 3731 3674 3769 vanum

2077 3803 2257 3860 factus
2283 3813 2368 3860 est
2400 3805 2647 3861 calamus
2679 3809 2912 3861 mendax
2953 3808 3173 3863 scribis.
3225 3808 3280 3862 9.
3318 3806 3674 3862 Erubuerunt

2079 3899 2376 3968 sapientes,
2404 3908 2745 3966 expaverunt
2767 3939 2782 3963 ,
2810 3909 2865 3954 et
2902 3901 3045 3970 capti
3075 3911 3240 3965 sunt;
3282 3900 3417 3970 quia
3452 3901 3672 3953 verbum

2048 3986 2297 4050 ,Domini
2326 3989 2711 4057 reprobarunt.
2763 3990 2841 4060 (ρ)
2871 3989 3151 4059 Sapientia
3195 3991 3270 4060 (q)
3324 4005 3458 4059 quae
3503 4001 3589 4044 est
3625 3992 3672 4042 in

2077 4079 2202 4135 eis?
2234 4079 2319 4134 10.
2369 4079 2599 4151 Propter
2640 4081 2746 4135 hoc
2795 4081 2938 4135 dabo
2983 4095 3180 4135 uxores
3209 4096 3408 4135 eorum
3442 4081 3591 4146 aliis,
3629 4092 3672 4132 tl

2080 4189 2242 4244 agros
2267 4189 2458 4228 eorum
2490 4174 2800 4230 haeredibus
2826 4192 2838 4228 :
2875 4176 2943 4241 >ε<
2974 4175 3100 4244 quia
3131 4189 3160 4227 a
3203 4188 3379 4242 parvo
3407 4189 3603 4227 eorum
3628 4184 3672 4224 rt

2080 4281 2258 4335 usque
2288 4266 2354 4319 ad
2385 4281 2644 4333 magnum
2677 4280 2869 4320 eorum
2891 4265 3229 4334 quicumque
3255 4262 3444 4316 illudit
3468 4262 3668 4320 fraude,

385 4356 530 4424 quod
563 4372 671 4411 non
699 4359 932 4428 praecepi
954 4360 1051 4424 eis,
1075 4376 1254 4430 neque
1283 4362 1515 4433 cogitavi
1544 4362 1600 4415 iu
1634 4363 1803 4418 cordo
1827 4379 1971 4419 meo.
2008 4371 2052 4426 1)
2082 4378 2112 4417 a
2143 4361 2406 4431 propheta
2450 4375 2627 4432 usque
2679 4362 2746 4416 ad
2793 4361 3132 4416 sacerdotem
3177 4360 3529 4430 quicumque
3557 4357 3668 4411 fact

385 4450 478 4505 52.
509 4448 737 4521 Propter
768 4452 872 4507 hoc
902 4467 1028 4507 ecce
1067 4455 1188 4510 dies
1227 4455 1475 4522 veniunt,
1510 4455 1645 4509 dicit
1681 4454 1969 4518 Dominus;

385 4553 578 4600 etnon
622 4545 805 4600 dicent
837 4545 1095 4616 amplius,
1133 4548 1242 4601 Ara
1299 4545 1660 4616 Thaphethis,
1709 4556 1764 4600 et
1814 4547 1973 4601 vallis

459 4836 537 4907 (ιι)
584 4836 670 4903 8.,
709 4838 968 4909 depsunt.
1046 4838 1122 4907 (oi
1162 4837 1413 4908 Reliqui,
1446 4837 1647 4908 reginae
1664 4837 1831 4909 Δ(εαξιί.
1876 4835 2072 4902 Aliter,
2106 4837 2328 4908 reginae.
2409 4837 2486 4909 (p)
2526 4840 2617 4901 Α..
2654 4837 2738 4909 3.,
2775 4836 2868 4892 red

2134 4837 2328 4908 eginae.
2409 4837 2486 4909 (p)
2526 4840 2617 4901 Α..
2654 4837 2738 4909 3.,
2775 4836 3123 4892 redundabit.

2081 4455 2397 4524 iniquitates
2429 4473 2441 4508 :
2479 4455 2564 4509 11.
2595 4463 2649 4509 et
2677 4463 2944 4509 curarunt
2973 4452 3303 4508 fractionem
3334 4451 3467 4506 tiliae
3496 4449 3668 4521 populi

2081 4548 2185 4602 mei
2233 4563 2396 4616 super
2429 4547 2808 4618 ignominiam,
2841 4547 3103 4613 dicentes,
3139 4545 3277 4610 Pax,
3305 4561 3439 4615 pax,
3474 4555 3532 4600 et
3575 4559 3666 4599 non

3209 4838 3282 4908 (q)
3314 4839 3410 4904 A.,
3443 4837 3535 4903 S.,
3573 4839 3667 4892 fru-

387 4906 558 4981 ctum.
631 4909 701 4977 (r)
727 4906 954 4979 Reliqui,
1001 4906 1403 4981 inelinarunt._
1435 4906 1620 4981 (a)—.11.,
1651 4906 1735 4975 S.,
1770 4924 1896 4962 cum
1933 4906 2206 4978 prwvenio
2237 4919 2292 4964 et
2316 4906 2493 4981 mitto.
2570 4909 2634 4979 (ι)
2669 4907 2753 4981 3.,
2785 4909 3026 4981 cervices
3057 4906 3396 4971 suas,’male
3429 4909 3666 4964 fecerunt

389 4978 512 5044 plus
539 4994 703 5047 quam
735 4978 916 5046 patres
948 4995 1162 5034 eorum.

388 5047 772 5102 rectitudinem
830 5047 1297 5105 lamentationem.

394 5116 477 5182 S.,
510 5119 740 5187 excelsa
764 5117 1084 5187 Thaphetis.

396 5187 598 5241 Drucu.
674 5186 752 5257 (a)
785 5186 990 5252 A.,'S,.,
1027 5186 1393 5245 mactationis.

393 5257 472 5328 td)
518 5257 610 5319 A.,
651 5273 774 5326 quae
823 5260 1220 5329 quaesiverunt.

392 5343 543 5382 mors
565 5329 709 5398 plus,
732 5345 896 5398 quam
926 5331 1059 5384 vita.

394 5399 455 5466 (ι)
493 5399 586 5463 A.,
621 5401 706 5463 8..
745 5399 976 5456 intuitus
1018 5415 1158 5466 sum,
1180 5399 1241 5455 et
1289 5401 1494 5454 audivi.

393 5469 553 5541 dieis_.
586 5467 849 5541 Norberg.
928 5469 1014 5541 (rt),
1047 5472 1139 5535 A.,
1174 5471 1410 5541 ciconia,
1450 5471 1542 5541 μ,
1574 5470 1792 5541 milvus.

1242 4979 1319 5051 (α)
1364 4978 1452 5046 S.,
1487 4978 1651 5051 tonde
1691 4994 1905 5034 comam
1930 4987 2202 5051 r_sanct_at_n
2269 4978 2733 5051 nazirealusgtui,
2785 4989 2839 5051 e__t
2883 4979 3155 5051 disperge,
3201 4987 3256 5032 et
3294 4995 3464 5051 sume
3521 4995 3666 5048 super

1376 5051 1454 5120 (ας)
1491 5051 1581 5112 Α.,
1615 5049 1707 5103 irae
1746 5064 1878 5104 sum.
1917 5048 2000 5113 S.,
2034 5048 2122 5120 cui
2157 5048 2329 5103 iratus
2361 5057 2462 5102 est.
2541 5049 2618 5118 (y)
2656 5050 2747 5113 A.,
2789 5048 2870 5120 _S.,

2907 5048 2960 5102 in
3007 5049 3184 5120 oculis
3216 5049 3383 5102 meis.
3471 5050 3548 5120 (a)
3593 5055 3663 5110 Α..

1164 5121 1228 5189 (‘l
1264 5119 1339 5174 lta
1373 5117 1457 5176 bis
1501 5120 1554 5190 in
1597 5120 1820 5190 Syriaco
1853 5127 2020 5172 textu.
2059 5117 2236 5185 Quam
2275 5117 2613 5173 iterationem
2644 5134 2750 5172 non
2791 5117 2993 5190 habent
3018 5117 3189 5190 Hebr.
3238 5128 3294 5190 et
3328 5135 3442 5173 us:
3484 5117 3660 5174 nusni.

1473 5189 1548 5259 (bl
1583 5189 1672 5256 A.,
1707 5205 1895 5243 vocem
1933 5192 2142 5258 gaudii,
2173 5200 2227 5242 et
2258 5205 2445 5243 vocem
2485 5189 2805 5242 laetantium.

1325 5261 1519 5330 (ε)λΑ.,
1563 5276 1669 5312 non
1702 5262 2043 5329 eolligentur.

1168 5332 1244 5401 (lt)
1269 5327 1477 5393 A.‘,'S.,
1507 5330 1560 5383 in
1585 5327 1850 5401 tintniltus
1877 5330 2040 5401 locis.

1574 5399 1669 5468 (m)
1715 5401 1806 5466 A.,
1832 5399 2039 5455 effusus
2066 5399 2370 5455 inbellnm.

2883 5188 2954 5258 (ο)
2992 5189 3083 5251 Α.,
3120 5191 3174 5242 in
3205 5188 3324 5244 sole
3351 5201 3406 5244 et
3441 5191 3500 5244 in
3531 5193 3656 5244 luna

2153 5260 2221 5329 (Γ)
2253 5260 2484 5332 Ληλδη
2530 5261 2582 5312 in
2624 5261 2841 5332 limum.
2951 5260 3026 5329 (g)
3071 5262 3160 5332 4.,
3195 5258 3413 5332 Tlt.,_et
3443 5263 3662 5332 eligetur

2123 5327 2184 5400 (ἱ)
2227 5331 2315 5391 Α.,
2352 5327 2434 5395 S.,
2460 5344 2580 5401 quo
2615 5329 2843 5401 dispersi
2878 5327 3014 5401 eos.
3071 5329 3144 5398 (It)
3176 5331 3270 5393 Α..
3307 5330 3400 5394 S.,
3437 5327 3660 5401 litigosa.

2446 5400 2532 5470 (“⁹)
2567 5407 2719 5463 κων
2757 5399 3043 5470 legendum
3071 5410 3226 5468 pulo,
3263 5415 3366 5470 pro
3395 5399 3548 5466 κινῇ
3581 5417 3661 5456 co.

1871 5471 1945 5552 (0}
2099 5473 2268 5552 tettix_
2293 5468 2554 5552 [Yerb‘um
2581 5470 2729 5552 quod
2758 5469 2955 5552 l‘e'gitur
2981 5469 3038 5523 in
3068 5468 3279 5552 codice,
3305 5479 3542 5552 Dp’cu,
3568 5487 3660 5551 non

395 5549 478 5610 est
521 5537 830 5610 Syriacum]
860 5537 953 5595 sed
989 5540 1238 5596 Graecum
1287 5538 1490 5610 τέττιξ,
1523 5540 1731 5596 cicada.
1782 5539 1888 5594 Pro
1927 5537 2076 5595 icties
2126 5537 2514 5609 quod'Latine
2567 5537 2736 5595 edidit
2764 5537 3030 5610 Norberg,
3059 5537 3434 5610 reposuimus,
3495 5544 3652 5598 tortis.

399 5603 635 5677 υνιλειὶο]
659 5619 714 5664 et
741 5603 999 5665 hirundo.
1081 5611 1158 5681 tp)
1199 5612 1291 5675 A.,
1329 5609 1408 5675 S.,
1444 5612 1711 5680 Sapientia
1743 5610 1902 5681 cujus
1935 5611 2036 5667 eis.
2117 5603 2192 5681 (ᾇ)
2223 5609 2488 5680 Amplius.

2134 5603 2192 5681 pq)
2223 5609 2488 5680 Amplius.
