3782 6222
396 241 537 300 2319

1571 252 1803 308 CODEX
1847 253 2504 310 SYRO-IIEX.\PLARIS

3533 257 3665 315 2320

397 374 561 428 stras,
597 362 841 432 ingressa
890 373 975 420 est
1016 364 1091 435 (g)
1137 365 1190 419 in
1237 372 1436 420 terram
1483 377 1717 422 vestram
1761 369 1826 423 ad
1860 384 1983 438 per-
2013 375 2058 429 Α
2088 367 2156 420 tis
2193 385 2205 420 :
2253 367 2369 432 dii,
2405 367 2498 436 qui
2534 365 2733 421 ccelum
2765 377 2818 422 et
2851 377 3050 424 terram
3099 386 3209 425 non
3240 371 3518 435 fecerunt,
3559 387 3674 440 ρει-ο

398 453 634 508 dendum
679 454 936 522 parvulos
971 471 1001 509 a
1037 455 1195 519 foris,
1225 464 1282 511 et
1321 455 1552 526 juvenes
1590 459 1657 512 de
1685 458 1880 528 plateis
1914 460 1983 527 Χ

397 555 591 597 morte.
625 543 715 597 22.
749 541 875 598 Haec
903 544 1038 600 dicit
1068 545 1332 600 Dominus
1361 545 1384 614 1
1415 561 1429 598 :
1458 546 1532 615 (li)
1561 545 1625 600 Et
1650 557 1812 602 erunt
1840 563 1984 601 mor-

396 635 476 688 tui
498 635 784 689 hominum
807 637 1101 692 ludibrium
1121 653 1282 707 super
1300 637 1438 692 facie
1454 639 1629 708 campi
1653 654 1714 693 -ξ-
1733 647 1984 693 terrmve—

395 738 520 780 strae
548 727 595 795 1,
622 737 676 783 et
707 738 765 783 ut
792 729 998 784 foenum
1029 742 1151 800 post
1179 745 1500 793 messorem,
1529 739 1582 785 et
1605 747 1710 785 non
1739 732 1859 794 erit,
1887 732 1980 800 qui

394 830 712 891 congregat.
747 821 839 875 25.
885 819 1010 876 Haec
1043 821 1175 875 dicit
1201 818 1471 875 Dominus
1512 837 1526 874 :
1568 819 1686 874 Non
1717 822 1982 892 glorietur

395 911 614 978 sapiens
648 913 702 965 in
736 911 1004 980 sapientia
1037 926 1159 976 sua,
1191 920 1245 965 et
1280 927 1389 964 non
1432 912 1694 982 glorietur
1735 910 1896 966 fortis
1925 911 1978 964 in

395 1003 717 1058 fortitudine
762 1019 882 1069 sua,
918 1013 972 1058 et
1019 1017 1129 1057 non
1181 1001 1444 1072 glorietur
1492 1001 1645 1056 dives
1685 1002 1739 1055 in
1775 1001 1980 1056 divitiis

397 1095 516 1149 suis
547 1113 560 1149 :
591 1095 682 1148 24.
723 1094 815 1148 sed
844 1095 895 1146 in
928 1094 1032 1148 hoc
1058 1093 1320 1163 glorietur
1345 1093 1440 1162 qui
1466 1092 1750 1163 gloriatur,
1780 1091 1981 1145 intelli-

391 1200 538 1254 gere,
569 1198 620 1238 et
651 1199 813 1238 nosse
835 1198 940 1248 me,
981 1183 1127 1252 quod
1157 1198 1258 1254 ego
1284 1199 1408 1238 sum
1450 1182 1715 1237 Dominus
1735 1182 1826 1251 qui
1849 1181 1981 1236 facit

391 1276 848 1340 misericordiam,
868 1275 1236 1345 etjjudicium,
1256 1284 1309 1330 et
1327 1275 1595 1345 justitiam
1617 1290 1782 1344 super
1811 1285 1975 1341 terra;

389 1369 518 1437 quia
537 1367 589 1420 in
609 1367 693 1422 his
711 1370 962 1421 voluntas
982 1366 1263 1431 Inea,dicit
1281 1367 1564 1422 Dominus.
1587 1367 1677 1420 25.
1701 1366 1838 1422 Ecce
1860 1367 1978 1423 dies

388 1459 638 1521 veniunt,
668 1459 800 1512 dicit
833 1457 1119 1523 Dominus,
1152 1467 1207 1513 et
1245 1459 1480 1514 visitabo
1511 1459 1568 1528 (ί)
1596 1474 1758 1528 super
1786 1473 1976 1514 omnes

390 1550 746 1605 circumcisus
789 1550 1072 1620 praeputiis
1106 1550 1223 1605 suis
1257 1568 1271 1604 :
1314 1549 1404 1604 26.
1456 1565 1621 1621 super
1655 1549 1972 1621 Egyptum,

389 1651 443 1696 et
469 1658 634 1711 super
664 1640 930 1706 Judaeam,
958 1653 1012 1697 et
1037 1658 1200 1711 super
1229 1642 1540 1706 ldumaeam,
1567 1653 1621 1697 et
1648 1658 1811 1712 super
1832 1643 1974 1700 filios

2086 469 2213 514 eant
2243 474 2309 512 ex
2343 468 2508 523 terra,
2547 466 2601 513 et
2631 474 2697 514 ex
2735 461 2838 515 sub
2885 461 3027 517 caelo
3072 464 3198 517 hoc.
3259 463 3347 516 12.
3396 461 3673 526 Dominus,

2085 551 2178 618 qui
2215 549 2340 604 fecit
2369 559 2569 604 terram
2597 551 2651 604 in
2689 552 2886 606 robore
2915 568 3037 618 suo,
3065 553 3158 622 qui
3193 556 3271 623 (υ)
3308 563 3529 608 rectum
3558 554 3677 607 fecit

2083 641 2268 696 orbem
2304 641 2360 695 in
2396 641 2662 710 sapientia
2701 659 2799 697 sua
2827 683 2842 708 ,
2874 651 2929 697 et
2970 645 3022 698 in
3075 646 3263 699 subtili
3321 646 3676 714 intelligentia

2085 749 2182 788 sua
2237 733 2481 788 extendit
2519 734 2746 798 ccelum,
2810 736 2891 790 l3.
2934 738 3002 803 Ἀ(
3034 744 3089 790 et
3133 738 3225 806 qui
3267 737 3344 807 (π)
3396 738 3452 790 in
3497 752 3674 791 vocem

2084 824 2179 878 dat
2210 824 2234 892 1
2267 825 2670 880 multitudinem
2703 841 2858 894 aqua:
2887 829 2944 880 in
2973 829 3116 882 coelo
3156 846 3168 882 :
3204 837 3258 882 et
3286 829 3486 882 eduxit
3517 830 3680 883 nubes

2084 916 2152 970 ab
2181 925 2426 970 extremo
2471 925 2629 971 terra:
2677 935 2691 971 :
2737 917 2950 987 fulgura
2996 919 3193 988 pluviae
3224 918 3380 986 fecit,
3415 929 3472 973 et
3496 921 3680 974 eduxit

2083 1013 2279 1060 ventos
2307 1021 2374 1059 ex
2402 1007 2673 1062 thesauris
2703 1008 2843 1062 suis.
2875 1008 2963 1064 14.
2992 1007 3257 1081 lnsanivit
3293 1011 3486 1065 omnis
3516 1011 3680 1064 homo

2082 1110 2112 1149 a
2153 1097 2380 1151 scientia
2416 1112 2431 1150 :
2480 1098 2701 1153 erubuit
2747 1099 2928 1153 omnis
2973 1099 3220 1155 conflans
3264 1117 3472 1155 aurum
3520 1119 3681 1171 super

2081 1186 2426 1256 sculptilibns
2454 1201 2669 1254 eorum,
2697 1189 2827 1258 quia
2874 1188 3013 1244 falsa
3041 1190 3352 1245 conﬂarunt
3401 1211 3417 1246 :
3463 1208 3577 1246 non
3605 1201 3682 1246 est

2081 1277 2305 1346 spiritus
2339 1279 2393 1332 in
2423 1277 2524 1334 eis.
2557 1279 2646 1332 15.
2689 1277 2836 1334 Vana
2868 1289 3001 1334 sunt
3029 1297 3217 1351 opera,
3253 1283 3336 1352 (α)
3371 1283 3546 1337 infixa
3585 1300 3596 1334 :
3629 1285 3678 1337 in

2079 1383 2324 1440 tempore
2362 1370 2694 1426 visitationis
2729 1387 2843 1427 suae
2874 1374 3148 1442 peribunt.
3190 1374 3283 1429 16.
3325 1373 3448 1430 Non
3482 1387 3568 1430 est
3598 1378 3681 1430 in-

2079 1475 2191 1522 star
2219 1466 2379 1536 hujus
2415 1482 2541 1534 pars
2572 1465 2798 1532 Jacobo,
2848 1468 3108 1537 quoniam
3138 1470 3233 1537 qui
3266 1468 3534 1525 formavit
3566 1485 3681 1523 om-

2079 1557 2190 1622 nia,
2226 1556 2341 1626 ipse
2371 1559 2440 1625 Χ
2466 1565 2551 1611 est
2581 1557 2655 1627 (ὁ)
2682 1565 2736 1611 et
2773 1556 2941 1612 Israel
2983 1557 3006 1624 1
3041 1558 3112 1627 (c)
3147 1557 3302 1627 virga
3339 1559 3679 1613 hzereditatis

2079 1648 2198 1716 ejus
2227 1666 2239 1700 :
2273 1646 2540 1702 Dominus
2565 1649 2828 1702 virtutum
2860 1662 3060 1702 nomen
3093 1649 3170 1718 (ά)
3195 1650 3265 1702 ei.
3301 1649 3392 1704 17.
3429 1650 3500 1719 (ε)
3527 1651 3675 1704 Con-

387 1733 647 1797 Ammon,
684 1747 746 1788 -ξ-
789 1743 843 1788 et
882 1749 1044 1803 super
1093 1733 1237 1788 filios
1269 1735 1291 1802 1
1341 1732 1529 1800 Moab,
1562 1741 1616 1788 et
1654 1749 1816 1804 super
1851 1749 1973 1789 om-
2005 1714 2047 1768 Β
2080 1714 2322 1807 gregavit
2351 1755 2380 1792 a
2414 1739 2549 1793 foris
2589 1738 2953 1793 substantiam
2989 1714 3159 1799 tuam,
3201 1741 3271 1809 (Γ)
3303 1714 3678 1811 qmehabitat

389 1840 511 1878 nem
553 1826 860 1880 tondentem
899 1841 1021 1896 quae
1047 1841 1211 1896 super
1246 1825 1442 1882 faciem
1481 1842 1662 1891 suam,
1695 1827 1790 1897 qui
1821 1828 1976 1882 habi-

388 1921 505 1965 tant
530 1913 584 1966 in
603 1913 850 1976 deserto;
869 1915 996 1984 quia
1013 1930 1203 1970 omnes
1220 1924 1405 1985 gentes
1427 1916 1498 1986 (k)
1513 1931 1618 1971 non
1639 1918 1976 1974 circumcisae

390 2016 455 2056 +
487 2018 652 2058 carne
687 2004 750 2071 1,
813 2013 867 2059 et
901 2004 1082 2060 omnis
1118 2004 1315 2061 domus
1348 2003 1567 2062 lsraelis
1617 2006 1680 2079 (ι)
1719 2022 1827 2061 ιιοη
1865 2007 1974 2062 cir-

389 2094 624 2148 cumcisi
661 2095 824 2150 corde
856 2110 982 2150 suo.

456 2185 589 2255 Cap.
631 2184 1058 2242 X.——1.Audite
1083 2187 1486 2259 verbum,quod
1511 2189 1728 2243 locutus
1759 2197 1843 2243 est
1867 2188 1974 2244 Do-

385 2278 568 2331 minus
604 2292 765 2346 super
795 2292 915 2341 vos,
941 2277 1139 2334 domus
1170 2276 1410 2334 lsraelis.
1444 2279 1500 2332 2.
1542 2278 1668 2334 Haec
1701 2281 1827 2334 dicit
1865 2279 1971 2334 Do-

385 2369 568 2422 minus
602 2368 623 2435 1
653 2385 666 2421 :
695 2366 857 2422 Juxta
886 2369 1006 2423 vias
1029 2369 1271 2438 gentium
1302 2385 1370 2425 ne
1402 2371 1649 2436 discatis,
1671 2380 1723 2424 et
1744 2387 1773 2424 a
1800 2371 1972 2441 signis

385 2460 508 2514 coeli
539 2476 606 2514 ne
647 2461 905 2514 metuatis
938 2461 1035 2528 (νη)
1071 2461 1094 2529 1
1130 2462 1258 2530 quia
1292 2470 1545 2516 metuunt
1578 2464 1646 2516 ab
1685 2463 1765 2517 eis
1805 2462 1971 2519 facies

382 2567 574 2606 eorum
615 2555 637 2623 1
683 2553 735 2607 '5.
773 2554 903 2624 quia
949 2555 1189 2625 legitima
1222 2554 1462 2624 gentium
1510 2570 1646 2608 vana
1696 2566 1844 2609 sunt.
1878 2555 1970 2608 Li-

383 2658 574 2712 gnum,
611 2644 757 2713 quod
796 2659 864 2699 ex
910 2645 1047 2698 silva
1079 2661 1281 2699 czesum
1308 2685 1322 2711 ,
1373 2660 1512 2714 opus
1541 2647 1608 2714 3K
1641 2661 1901 2699 manuum
1943 2646 1964 2714 1

385 2735 524 2789 fabri
555 2735 768 2806 lignarii
789 2777 804 2802 ,
837 2745 890 2790 ct
919 2735 1177 2803 conflatio
1201 2778 1214 2802 ,
1247 2737 1301 2791 4.
1335 2745 1581 2808 argento,
1616 2746 1670 2790 et
1713 2753 1848 2792 auro
1877 2740 1971 2793 de-

383 2838 567 2882 corata
611 2837 739 2883 sunt
781 2847 794 2882 :
852 2828 1069 2884 laminis
1107 2827 1299 2884 ferreis
1342 2837 1396 2884 et
1436 2829 1646 2884 malleis
1679 2830 1970 2884 firmarunt

382 2935 469 2982 ea,
501 2928 684 2974 etnon
706 2919 1098 2976 movebuntur:
1132 2920 1186 2975 9.
1214 2923 1290 2988 (η)
1312 2931 1593 2990 argentum
1623 2921 1696 2992 (ο)
1728 2929 1965 2977 tractum

383 3016 534 3075 sunt,
561 3023 667 3062 non
708 3008 865 3062 ibunt
902 3025 914 3058 τ
957 3023 1020 3064 -τ-
1057 3019 1338 3079 argentum
1369 3010 1678 3080 disruptum
1709 3026 1774 3066 ex
1797 3010 1967 3066 Thar-
1996 3041 2037 3097 ο

382 3099 461 3154 sis
494 3114 504 3145 ε
547 3099 728 3153 veniet
759 3115 952 3153 aurum
989 3100 1065 3170 (p)
1099 3099 1326 3170 MOphaz
1361 3120 1373 3156 :
1401 3111 1455 3156 et
1483 3119 1678 3158 manus
1720 3104 1966 3158 conflan-

384 3190 520 3244 tium
554 3205 790 3244 aurum:
825 3205 992 3259 opera
1047 3191 1317 3246 artificum
1382 3194 1567 3247 omnia
1607 3211 1620 3248 ;
1672 3196 1970 3266 hyacintho

380 3290 436 3336 et
465 3296 702 3350 purpura
735 3281 962 3335 induent
991 3297 1053 3336 ea
1098 3282 1120 3350 1
1163 3297 1178 3333 :
1210 3283 1262 3338 5.
1289 3286 1556 3353 portando
1582 3287 1966 3355 portabuntur,

381 3374 510 3443 quia
540 3389 646 3428 non
682 3373 955 3429 incedent.
991 3373 1069 3430 Ne
1113 3375 1354 3431 timeatis
1394 3392 1480 3440 ea,
1515 3378 1642 3446 quia
1672 3379 1970 3441 nonmale-

380 3466 602 3530 facient,
635 3474 691 3521 et
731 3467 934 3521 bonum
971 3483 1080 3522 non
1117 3477 1266 3523 sunt.
1308 3468 1361 3522 6.
1414 3473 1480 3538 >ε<
1520 3468 1674 3524 Unde
1719 3469 1790 3540 (q)
1827 3472 1970 3525 sicut

380 3567 461 3622 tu,
493 3557 742 3623 Domine,
775 3575 1007 3626 magnus
1032 3576 1091 3616 es
1120 3569 1197 3624 tu,
1222 3569 1275 3614 et
1299 3577 1555 3631 magnum
1582 3577 1779 3616 nomen
1814 3571 1965 3616 tuum

379 3647 435 3701 in
468 3648 728 3716 potentia.
765 3647 816 3701 7.
850 3647 985 3714 Quis
1028 3665 1140 3704 non
1181 3651 1394 3704 timebit
1425 3661 1475 3704 te
1500 3692 1514 3717 ,
1567 3667 1661 3705 rex
1700 3653 1965 3721 gentium,

379 3738 507 3806 quia
543 3737 635 3790 tibi
673 3747 755 3791 est
781 3737 850 3808 (r)
883 3740 1214 3794 conveniens
1249 3741 1504 3807 adorare;
1540 3743 1666 3809 quia
1697 3743 1752 3796 in
1787 3745 1969 3804 omni-

378 3827 480 3882 bus
515 3829 850 3898 sapientibus
877 3830 1142 3899 gentium,
1185 3830 1253 3900 (ε)
1286 3840 1341 3885 et
1367 3832 1422 3884 in
1459 3833 1716 3887 omnibus
1745 3834 1966 3906 regibus

377 3932 568 3971 eorum
597 3918 743 3972 unde
769 3918 911 3972 sicut
933 3928 1010 3983 tu,
1043 3916 1274 3973 Domine
1295 3921 1316 3972 ?
1339 3920 1394 3975 8.
1425 3920 1488 3990 (ε)
1519 3929 1572 3976 et
1601 3921 1654 3974 in
1689 3938 1796 3976 uno
1822 3932 1962 3977 tem-

377 4025 510 4078 pore
558 4010 934 4074 incendentur,
978 4019 1032 4064 et
1079 4011 1523 4076 infirmahuntur,
1569 4013 1646 4084 (α)
1677 4029 1770 4068 cor
1801 4029 1966 4068 vano-

379 4117 497 4154 rum
528 4101 733 4171 lignum
765 4111 849 4157 est
894 4122 905 4156 :
939 4102 990 4157 9.
1031 4112 1317 4172 argentum
1346 4105 1694 4174 productum,
1725 4107 1872 4176 quod
1897 4123 1960 4162 ex

378 4191 604 4248 Tharsis
633 4197 804 4258 venit,
837 4204 889 4249 et
915 4211 1112 4249 aurum
1149 4195 1224 4266 (3:)
1253 4211 1321 4250 ex
1353 4195 1559 4265 Uphaz.
1603 4213 1767 4267 Opera
1800 4197 1962 4266 fabri,

375 4292 426 4337 et
464 4298 725 4336 manuum
771 4283 1058 4339 conflatilis
1107 4300 1324 4350 aurum,
1371 4285 1702 4355 hyacinthus
1742 4295 1797 4342 et
1832 4302 1965 4356 pur-

2078 1829 2132 1881 in
2169 1829 2380 1883 electis.
2423 1829 2511 1883 18.
2554 1829 2695 1896 Quia
2726 1830 2839 1884 haec
2869 1831 3002 1885 dicit
3037 1830 3306 1888 Dominus
3339 1851 3352 1886 :
3397 1831 3540 1887 Ecce
3574 1847 3674 1902 ego

2079 1918 2151 1987 (g)
2194 1918 2476 1988 projiciam
2509 1935 2603 1974 eos
2637 1921 2729 1989 qui
2766 1921 3014 1976 habitant
3055 1922 3109 1976 in
3158 1932 3303 1977 terra
3347 1924 3457 1978 hac
3489 1926 3544 1978 in
3595 1926 3676 1978 af-

2075 2009 2335 2074 flictione,
2370 2018 2424 2064 et
2453 2009 2686 2080 aﬂligam
2735 2027 2851 2075 eos,
2894 2020 2953 2064 ut
2986 2013 3061 2082 (Ii)
3100 2013 3439 2068 inveniatur.
3473 2014 3562 2068 19.
3614 2018 3675 2087 (ἱ)

2077 2099 2169 2153 Vae
2216 2117 2380 2171 super
2432 2102 2700 2156 fractioue
2741 2111 2828 2154 tua
2869 2118 2881 2154 :
2925 2102 3113 2157 dolore
3155 2104 3350 2157 aliecta
3396 2115 3485 2159 est
3517 2106 3675 2175 plaga

2077 2201 2187 2245 tua.
2225 2191 2399 2245 Etiam
2426 2207 2527 2260 ego
2553 2191 2688 2255 dixi,
2722 2190 2861 2245 Vere
2895 2191 2997 2246 hoc
3032 2193 3232 2247 vulnus
3266 2209 3479 2257 meum,
3513 2195 3591 2265 (Ir)
3623 2206 3675 2249 et

2074 2282 2434 2351 apprehendit
2464 2298 2570 2336 me.
2599 2281 2688 2336 20.
2729 2282 3165 2337 Tabernaculum
3197 2299 3382 2338 meum
3413 2285 3476 2353 (Ι)
3507 2288 3672 2340 inise-

2073 2389 2196 2426 rum
2233 2370 2438 2427 laetum
2481 2383 2586 2437 est,
2632 2387 2695 2428 οξ-
2730 2374 2893 2442 periit
2928 2374 2950 2440 1
2981 2415 2997 2440 ,
3034 2384 3089 2428 et
3121 2377 3305 2428 omnia
3338 2377 3514 2429 aulaea
3553 2393 3671 2432 inea

2071 2459 2304 2514 discissa
2335 2468 2483 2513 sunt.
2514 2459 2636 2513 Filii
2665 2461 2794 2527 mei,
2819 2469 2875 2515 et
2894 2476 3024 2516 oves
3052 2478 3185 2517 mea:
3213 2479 3324 2518 non
3354 2475 3491 2520 sunt
3524 2484 3538 2517 :
3576 2469 3670 2536 (ηε)

2072 2567 2181 2605 non
2213 2562 2296 2606 est
2339 2552 2492 2607 locus
2523 2553 2761 2622 amplius
2792 2554 3132 2610 tabernaculi
3185 2557 3292 2611 mei
3320 2598 3334 2623 ,
3368 2557 3530 2612 locus
3577 2575 3671 2612 au-

2073 2642 2294 2697 heorum
2320 2659 2589 2698 meorum.
2621 2645 2710 2698 21.
2743 2644 2882 2711 Quia
2915 2647 3275 2716 desipuerunt
3308 2659 3586 2718 pastores,
3621 2660 3670 2703 et

2071 2731 2363 2786 Dominum
2392 2749 2500 2786 non
2537 2734 2927 2799 quaesiverunt.
2964 2735 3195 2804 Propter
3221 2737 3324 2792 hoc
3360 2754 3474 2792 non
3514 2741 3672 2792 intel-

2071 2823 2203 2877 lexit
2249 2838 2412 2877 omne
2455 2840 2718 2893 pascuum
2764 2842 2778 2878 :
2822 2835 2876 2880 et
2922 2825 3161 2896 dispersi
3203 2836 3353 2882 sunt.
3396 2829 3496 2883 22.
3555 2829 3672 2884 Vox

2069 2916 2312 2970 rumoris
2338 2930 2470 2971 ecce
2514 2919 2681 2985 venit,
2716 2926 2773 2973 et
2822 2919 3124 2974 commotio
3168 2936 3365 2990 magna
3402 2937 3475 2975 es
3528 2931 3670 2976 terra

2071 3008 2367 3077 aquilonis,
2409 3009 2477 3062 ad
2508 3010 2819 3079 ponendum
2857 3011 3022 3067 urbes
3045 3009 3200 3066 Iudae
3227 3013 3280 3066 in
3309 3013 3576 3078 exitium,
3606 3029 3668 3070 σι»

2071 3108 2125 3153 et
2158 3099 2180 3167 1
2220 3101 2272 3152 in
2302 3101 2480 3155 cubile
2520 3101 2595 3170 (η)
2627 3101 3230 3157 struthiocamelorum.
3257 3104 3353 3159 25.
3386 3104 3544 3171 Scio,
3575 3105 3672 3159 Do-

2073 3189 2239 3251 mine,
2279 3189 2423 3258 quod
2466 3204 2572 3243 non
2613 3191 2848 3245 hominis
2896 3193 2982 3246 via
3035 3194 3176 3262 eius,
3229 3196 3307 3264 (ο)
3359 3211 3548 3265 neque
3594 3197 3672 3250 vir

2073 3279 2172 3333 ibit
2203 3279 2300 3350 (p),
2332 3291 2386 3335 et
2407 3281 2603 3350 diriget
2630 3283 2696 3349 >ε<
2734 3282 2840 3336 iter
2869 3299 3031 3338 suum
3067 3284 3089 3352 1
3127 3321 3143 3337 .
3170 3284 3262 3339 24.
3295 3286 3523 3356 Castiga
3549 3303 3672 3350 nos,

2072 3367 2322 3431 Domine,
2360 3379 2733 3425 verumtamen
2778 3372 2832 3424 in
2868 3373 3103 3441 judicio,
3144 3383 3200 3428 et
3234 3391 3346 3428 non
3386 3376 3442 3428 in
3488 3377 3674 3431 furare

2073 3468 2198 3526 tuo;
2232 3462 2360 3531 quia
2396 3477 2504 3516 non
2539 3477 2742 3532 paucos
2783 3462 2951 3519 facies
3000 3481 3102 3520 nos
3138 3483 3152 3520 :
3189 3465 3282 3520 25.
3329 3467 3556 3522 cﬂ'unde
3590 3468 3675 3520 fu-

2069 3565 2250 3604 rorem
2299 3560 2449 3605 tuum
2495 3568 2660 3622 super
2699 3564 2888 3625 gentes
2929 3555 3050 3611 illas
3077 3599 3092 3621 ,
3135 3571 3260 3621 quae
3305 3573 3421 3612 non
3467 3576 3677 3627 cogno-

2070 3651 2232 3696 scunt
2255 3653 2324 3707 te,
2354 3653 2406 3698 et
2439 3659 2604 3713 super
2626 3646 2701 3716 (q)
2727 3647 3106 3716 generationes
3136 3646 3278 3709 illas,
3307 3664 3436 3717 quae
3469 3665 3674 3702 nemen

2070 3742 2224 3787 tuum
2267 3744 2374 3789 uo’n
2410 3736 2778 3802 invocarunt;
2817 3739 2946 3806 quia
2987 3740 3350 3793 comederunt
3387 3739 3588 3806 Jacob,
3622 3754 3676 3796 et

2069 3839 2291 3894 pessum
2322 3826 2590 3881 dederunt
2617 3844 2763 3895 eum,
2790 3831 2861 3898 >ε<
2887 3839 2942 3885 et
2982 3842 3416 3886 consumserunt
3447 3848 3581 3886 eum
3623 3835 3670 3900 1,

2068 3924 2122 3970 et
2145 3916 2216 3985 (r)
2241 3931 2442 3986 pascua
2472 3933 2664 3974 eorum
2707 3932 3013 3976 vastarunt.

2139 4006 2272 4076 Cap.
2310 4007 2531 4064 ΧΙ.--1.
2572 4008 2832 4076 Verbum,
2870 4012 3016 4081 quod
3050 4011 3255 4067 factum
3289 4024 3375 4069 est
3414 4017 3483 4068 ad
3517 4014 3674 4071 Jcre-

2067 4099 2234 4152 miam
2266 4115 2296 4153 a
2326 4099 2582 4164 Domino,
2613 4101 2798 4158 dicens
2843 4122 2856 4158 :
2899 4102 2953 4157 2.
2993 4104 3190 4157 Audite
3225 4105 3394 4158 verba
3441 4105 3673 4161 foederis

2067 4189 2235 4258 hujus
2271 4209 2286 4246 :
2331 4201 2386 4247 et
2427 4194 2671 4264 loqueris
2713 4195 2780 4248 ad
2822 4196 2967 4250 viros
3011 4194 3182 4259 Judze,
3230 4205 3286 4249 ct
3319 4198 3389 4250 ad
3438 4214 3538 4252 eos
3580 4201 3670 4268 qui

2067 4282 2320 4337 habitant
2347 4285 2401 4338 in
2433 4283 2761 4353 Jerusalem,
2797 4286 2848 4340 3.
2881 4295 2935 4340 ct
2964 4287 3114 4341 dices
3140 4286 3207 4340 ad
3236 4303 3334 4341 eos
3382 4306 3397 4340 :
3430 4287 3560 4344 flare
3584 4291 3670 4342 di-

375 4390 513 4443 pura
546 4375 931 4430 vestimentum
957 4391 1170 4443 eorum,
1195 4391 1333 4446 opus
1358 4378 1688 4446 sapientium
1719 4379 1906 4432 omnia
1943 4395 1957 4432 :
1995 4371 2037 4425 Ι)
2066 4375 2142 4429 cit
2174 4373 2443 4431 Dominus
2477 4377 2621 4432 Deus
2657 4378 2875 4432 lsraelis
2927 4392 2942 4430 :
2983 4377 3304 4433 Maledictus
3342 4378 3536 4443 homo,
3577 4383 3668 4450 qui

376 4467 465 4522 10.
504 4464 771 4521 Dominus
805 4475 988 4520 autem
1028 4466 1172 4522 Deus
1217 4483 1381 4522 verus
1419 4478 1524 4534 est,
1558 4469 1702 4526 Deus
1746 4471 1957 4538 vivens,

374 4569 428 4613 et
455 4573 550 4612 rex
579 4568 816 4613 mternus
845 4574 857 4610 :
892 4573 923 4611 a
956 4558 1142 4613 furore
1166 4559 1286 4627 ejus
1315 4561 1687 4615 contremiscit
1717 4570 1882 4625 terra,
1907 4572 1961 4617 et

373 4664 485 4704 non
521 4648 871 4703 sustinebunt
914 4658 1103 4718 gentes
1138 4649 1274 4703 iram
1320 4649 1440 4718 ejus
1479 4649 1527 4717 1.
1567 4649 1652 4703 11.
1696 4650 1961 4706 Sic-dice-

443 4810 516 4882 (g)
553 4812 643 4874 A.,
679 4808 735 4861 in
774 4809 1208 4882 palatiavestra.

369 4879 656 4953 ﬁgi—[latim
696 4895 741 4932 s.
771 4879 1226 4953 paullatirn),gqui
1253 4891 1393 4953 sunt
1426 4882 1479 4934 in
1509 4883 1792 4949 przeputio.

1286 4808 1361 4879 (It)
1415 4809 1649 4880 Reliqui,
1685 4821 1740 4866 et
1771 4812 1985 4867 cadent.

1874 4883 1944 4952 (It)
1976 4883 2446 4954 A.,‘prteputia_tze.

369 4949 734 5019 eipavescent
758 4959 946 5018 gentes
977 4949 1176 5023 ab_eis.
1243 4950 1321 5020 (η)
1348 4951 1452 5023 A._,_
1473 4961 1531 5003 ut
1558 4953 1759 5023 palma.
1790 4949 1890 5018 8.,’
1916 4970 1919 5006 ;

2159 4949 2220 5023 )-”
2274 4955 2291 5023 (

2069 4480 2180 4520 nun
2217 4466 2402 4521 audiet
2442 4468 2604 4523 verba
2646 4467 2871 4523 hederis
2901 4469 3086 4538 hujus,
3128 4469 3182 4523 4.
3226 4469 3386 4536 Quod
3432 4475 3666 4542 praecepi

2067 4560 2318 4627 patribus
2355 4562 2550 4616 vestris
2584 4562 2640 4615 in
2679 4562 2789 4628 die,
2821 4577 2930 4632 quo
2959 4562 3121 4617 eduxi
3151 4576 3248 4617 eos
3281 4579 3347 4618 ex
3384 4574 3536 4619 ten’a
3569 4565 3665 4619 Ai-

2069 4655 2239 4724 gypti,
2272 4669 2338 4708 ex
2369 4653 2592 4710 fornace
2637 4653 2769 4708 ferri
2804 4696 2820 4722 ,
2885 4655 3100 4710 dicente
3142 4673 3228 4711 me
3261 4673 3275 4710 :
3314 4659 3522 4713 Audite
3569 4676 3664 4714 vu-

2068 4814 2130 4885 (i)
2159 4813 2242 4877 8.,
2273 4830 2438 4895 super
2468 4831 2660 4895 omnes
2685 4832 2784 4887 per
2816 4830 3042 4895 manum
3078 4831 3174 4895 per
3215 4832 3450 4895 manum
3505 4821 3568 4895 (ᾖ.
3597 4836 3659 4895 _e.

2525 4886 2587 4956 (ι)
2620 4886 2710 4948 Ai,
2737 4886 3046 4955 praeputiati
3081 4889 3360 4958 ingcorde.
3446 4886 3542 4958 (ni)
3572 4893 3663 4954 Α..

2274 4956 2350 5037 (ο)
2500 4967 2728 5037 extensa
2760 4965 2913 5037 sunt,
2937 4964 3125 5037 etnon
3153 4956 3478 5037 loquentur.
3506 4956 3590 5020 8.,
3613 4971 3667 5013 et

370 4959 734 5019 expavescent
758 4959 946 5018 gentes
977 4955 1046 5003 ab
1075 4955 1176 5003 eis.
1243 4955 1321 5020 (η)
1348 4955 1453 5032 Α,
1473 4961 1531 5003 ut
1558 4955 1759 5031 palma.
1790 4955 1873 5018 8.,
1916 4969 2079 5023 rupes
2104 4955 2195 5078 8).
2274 4955 2350 5037 (ο)
2383 4959 2473 5019 Α..
2500 4955 2728 5036 extensa
2760 4965 2913 5037 sunt,
2937 4964 3125 5036 etnon
3153 4956 3478 5026 loquentur.
3506 4955 3590 5020 8.,
3613 4971 3662 5013 et

370 5031 612 5096 extracta
642 5027 880 5096 sunt,_et
906 5034 1016 5073 non
1050 5019 1364 5096 loquentur.
1390 5020 1534 5096 _'Ih.,
1573 5022 1738 5075 infixa
1768 5033 1916 5077 sunt.
1996 5027 2072 5093 (p)
2151 5025 2317 5093 phiri.
2395 5028 2468 5096 (q)
2502 5027 2592 5092 A.,
2624 5041 2718 5094 qui
2750 5025 2948 5080 smnhs
2989 5024 3104 5078 tibi.
3182 5027 3263 5096 (r),
3296 5029 3391 5090 A.,
3436 5030 3662 5083 decens.

372 5093 440 5162 (ε)
477 5093 543 5146 Et
589 5092 643 5144 in
678 5089 933 5162 omnibus
961 5090 1162 5162 regnis.

370 5159 478 5216 te'ni
510 5162 661 5216 stulti
698 5159 1024 5230 videbuntur
1053 5169 1107 5212 et
1139 5159 1492 5230 desipientes.

369 5369 491 5437 qua:
522 5371 732 5424 habitat
773 5371 827 5423 in
870 5370 1232 5424 munimento.
1275 5369 1361 5434 8.,
1397 5371 1448 5423 in
1490 5372 1706 5439 oppido.

370 5444 433 5512 (ι)
462 5441 854 5514 A.,_direptu_m
884 5450 986 5505 est,
1014 5449 1068 5492 et
1089 5454 1288 5514 omnes
1319 5441 1504 5509 paxilli
1538 5442 1773 5514 dispersi
1807 5441 1955 5509 sunt,
1992 5445 2089 5498 filii
2119 5447 2222 5498 mei
2258 5441 2531 5514 eiciet-unt,
2556 5456 2611 5500 et
2643 5441 2749 5498 non
2776 5456 2922 5499 sunt.

367 5510 609 5565 extendit
635 5511 870 5580 amplius
905 5510 1200 5563 tentorium
1239 5526 1444 5575 meum,
1481 5520 1535 5563 et
1563 5513 1723 5581 erigit
1763 5515 1931 5568 aulaea
1977 5531 2117 5569 mea.

369 5596 545 5648 neque
583 5581 685 5633 viri
729 5579 1028 5642 ambulare,
1060 5588 1115 5632 et
1145 5578 1342 5649 dirigat
1371 5597 1592 5650 gressus
1635 5598 1784 5637 suos.
1865 5586 1938 5650 (p)
1976 5583 2140 5641 Recte

1865 5601 1938 5653 rp)
1976 5601 2159 5641 noete.

439 5670 504 5737 (')
537 5667 678 5739 [Huc
705 5669 965 5724 translata
994 5679 1121 5725 sunt
1151 5670 1258 5726 ista
1291 5687 1319 5725 a
1352 5688 1510 5728 versu
1542 5675 1573 5728 9
1609 5691 1721 5746 seq.
1764 5676 1993 5749 Dmcn.]

369 5596 545 5648 neque
583 5581 685 5633 viri
725 5578 1028 5642 ambulare,
1060 5588 1115 5632 et
1145 5578 1342 5649 dirigat
1371 5597 1592 5650 gressus
1635 5578 1784 5637 suos.

1268 5091 1330 5170 (ζ)
1366 5090 1456 5176 ᾼ.,
1499 5101 1550 5143 et
1576 5107 1690 5176 Iuno
1719 5101 1919 5176 tempOI

2159 5090 3200 5176 'lsine‘inrofligenti'a,\et‘sineingenio.
3233 5090 3318 5176 8.,
3354 5099 3524 5176 simul
3561 5116 3664 5176 au-

370 5173 478 5216 tem
510 5163 661 5216 stulti
698 5163 1024 5213 videbuntur
1053 5169 1107 5212 et
1139 5163 1492 5230 desipientes.
1571 5163 1649 5230 (ιι)
1698 5163 1788 5226 Α,,
1826 5165 2084 5219 eruditio.

368 5241 502 5287 mat.
558 5231 655 5302 7(a)
689 5230 780 5294 A.,
816 5229 872 5302 in
907 5243 1095 5302 vocem
1120 5231 1268 5302 dedit
1297 5230 1378 5284 eis
1411 5231 1815 5286 multitudinem
1861 5250 2036 5302 aquae.

368 5303 520 5371 virga
556 5299 893 5355 htereditatis
929 5299 1090 5371 ejus:
1132 5299 1396 5371 Dominus
1436 5302 1794 5356 exercituum.
1832 5299 1919 5355 ΣΚ

2159 5299 2230 5358 Ν.

1816 5373 1890 5444 (9)
1922 5377 2014 5436 Α.,
2058 5373 2224 5428 funda
2268 5373 2571 5445 projiciam.

2163 5167 2242 5235 (π)
2275 5165 2353 5218 Ex
2387 5164 2577 5236 Uphir.
2655 5166 2733 5237 (y)
2770 5167 2862 5237 Α.,
2891 5164 3194 5237 s_t_abiliens.
3229 5165 3316 5230 8.,
3345 5169 3441 5236 qui
3471 5171 3669 5220 confir-

2115 5233 2326 5314 (μλΛπ
2352 5233 2756 5314 ᾳρίίεὶοηυιιὶ..
2794 5236 2868 5314 (ιζ)
2905 5233 3202 5314 Ηξξξιιθόίιεε
3236 5233 3382 5304 ejus.
3467 5241 3537 5314 (c_)
3573 5240 3663 5314 aL,

2310 5307 2388 5375 (d)
2427 5306 2589 5360 Deus.
2696 5306 2765 5377 (ε)
2807 5305 3027 5377 A.,_b_‘.,
3059 5319 3355 5377 congrega.
3464 5305 3533 5377 (ι)
3570 5309 3661 5370 A.,

2674 5373 2751 5444 (lt)
2781 5376 2873 5440 A.,
2912 5373 3033 5439 Th.,
3086 5384 3140 5428 et
3173 5373 3660 5444 perferam‘cam.

3007 5444 3103 5514 (ut)
3138 5447 3204 5498 Α.
3237 5484 3252 5505 ,
3284 5462 3397 5500 non
3422 5457 3529 5506 est.
3564 5464 3660 5518 qui

2221 5516 2296 5585 (η)
2327 5517 2416 5578 Α.,
2449 5515 2531 5582 S.,
2570 5517 2836 5585 sirenum.
2878 5514 2999 5580 Th.,
3032 5518 3362 5569 draconum.
3459 5520 3532 5583 (ο)
3571 5515 3656 5581 8.,

2241 5590 2312 5657 (q)
2349 5586 2612 5657 Regnum.
2684 5584 2752 5654 (r)
2788 5585 2876 5647 .›1.,
2907 5585 3074 5640 decus
3100 5585 3220 5654 ejus
3251 5586 3654 5658 depravarunt.
