3782 6222
65 231 221 289 εῧὲὶ

1358 237 1680 297 JEBEMIIE
1720 238 1952 297 CAPUT
1993 242 2106 298 XII.

3207 232 3352 304 i522

64 367 194 407 cem
228 367 436 416 meam,
467 360 524 408 et
557 353 717 408 {acute
746 352 1042 408 secundum
1073 353 1279 422 omnia,
1309 373 1431 426 quae
1462 373 1665 427 prmce-
1692 364 1735 421 Α
1766 373 1862 427 per
1896 367 1948 413 te
1997 358 2156 423 mala,
2190 372 2291 428 pro
2320 358 2528 414 malitia
2563 360 2759 417 domus
2799 359 3034 429 lsraelis,
3067 370 3123 417 et
3153 362 3353 417 domus

67 460 207 516 pero
236 445 419 508 vobis,
459 453 514 499 et
542 445 695 498 eritis
743 444 877 497 mihi
917 445 970 497 in
1016 445 1298 514 populum,
1344 454 1399 500 et
1434 462 1533 517 ego
1572 463 1666 502 cro

66 537 234 592 vehis
268 538 327 590 in
354 534 522 590 Deum
565 551 579 588 :
613 535 668 589 5.
701 544 760 589 ιιι
789 545 1026 589 statuam
1053 536 1424 606 juramcutum
1456 554 1664 604 meum,

64 626 218 695 quod
248 624 433 696 juravi
466 624 715 694 patribus
746 627 964 688 vestris,
995 626 1060 679 ad
1087 626 1326 680 dandum
1354 627 1434 682 eis
1466 638 1665 683 terram

63 726 395 772 manantem
427 714 567 768 lacte
592 722 649 768 et
679 714 856 779 melle,
883 714 1025 768 sicut
1055 715 1174 769 dies
1200 714 1311 769 hic.
1343 713 1413 768 Et
1441 730 1666 784 respou-

62 808 144 870 di,
192 814 251 861 et
278 805 393 860 dixi
435 820 449 856 :
493 803 561 873 (ε)
603 800 750 869 Fiat,
779 802 1029 858 Domine.
1059 802 1114 856 6.
1140 804 1207 858 Et
1235 803 1375 859 dixit
1404 803 1667 861 Dominus

63 898 134 952 ad
181 912 274 952 ine
319 916 332 952 :
361 897 427 966 (ι)
458 896 597 965 Lege
628 898 696 964 χ(
724 895 909 948 omnia
941 893 965 962 1
1003 894 1167 949 verba
1200 894 1319 948 haec
1356 894 1410 947 in
1440 894 1668 951 urbibus

64 988 252 1055 Judz,
282 998 340 1043 et
368 988 446 1058 (ιι)
472 986 610 1042 furis
639 986 966 1050 Jerusalem,
998 986 1188 1042 dicens
1225 1006 1238 1042 :
1273 987 1476 1043 Audite
1501 989 1668 1043 verba

68 1080 152 1150 (τ)
194 1078 422 1133 hederis
450 1078 638 1148 hujus,
681 1081 748 1146 Χ
778 1086 833 1131 et
881 1076 1043 1132 facite
1069 1094 1132 1133 ea
1167 1079 1215 1147 1.
1256 1078 1309 1131 7.
1360 1078 1500 1145 Quia
1533 1094 1668 1134 con-

66 1170 337 1225 testando
380 1170 447 1238 >κ
491 1176 834 1224 eontestatus
881 1183 1003 1223 sum
1056 1168 1305 1237 patribus
1359 1169 1558 1225 vestris
1611 1171 1667 1225 in

65 1263 182 1328 die,
230 1278 346 1333 quo
395 1260 556 1317 eduxi
591 1276 685 1316 eos
721 1276 785 1316 ex
836 1271 978 1315 terra
1027 1260 1267 1331 Egypti,
1308 1270 1362 1316 et
1395 1278 1572 1331 usque
1600 1262 1669 1317 ad

66 1356 221 1409 diem
264 1354 436 1416 hunc,
478 1353 817 1425 praeveniens
851 1362 904 1407 et
948 1362 1283 1418 contestans,
1327 1362 1383 1408 et
1430 1353 1664 1410 dicens:

64 1446 275 1502 Audite
306 1460 495 1501 vocem
531 1461 735 1501 meam.
771 1446 824 1499 8.
873 1444 939 1501 Et
977 1462 1084 1502 non
1117 1446 1463 1510 audiverunt,
1501 1444 1576 1517 (υ)
1616 1456 1671 1502 et

65 1536 420 1592 deﬂexerunt
462 1550 654 1590 aurem
690 1550 870 1601 suam,
900 1543 955 1590 et
984 1534 1238 1589 abierunt
1268 1535 1350 1589 vir
1382 1534 1454 1606 (ι)
1495 1536 1550 1589 in
1581 1551 1670 1591 re-

66 1628 347 1685 ctitudine
368 1627 554 1684 cordis
587 1627 674 1682 sui
701 1627 828 1681 mali
862 1641 878 1681 :
911 1636 966 1683 et
997 1627 1196 1682 adduxi
1231 1642 1394 1697 super
1425 1641 1522 1682 eos
1548 1643 1670 1683 om-

1767 448 1940 513 Judaa,
1978 448 2076 520 (m)
2107 451 2237 520 quia
2269 449 2519 507 fecerunt
2551 451 2627 505 illi
2656 452 2758 507 sibi
2791 453 2856 508 ad
2886 453 3211 508 irritandum
3240 468 3349 518 me,

1770 539 2048 594 adolentes
2098 539 2269 594 Baali.
2311 541 2402 596 18.
2439 541 2688 606 Domine,
2724 553 2911 599 notum
2959 544 3046 600 fac
3102 545 3353 611 mibi,et

1771 631 1960 705 sciam.
1993 630 2147 686 Tunc
2176 630 2282 685 vidi
2315 633 2494 687 studia
2539 648 2753 688 eorum.
2803 635 2889 689 19.
2940 635 3052 706 Ego
3082 638 3238 704 quasi
3270 633 3354 706 (η)

1769 736 1944 791 agnus
1983 722 2264 784 innocens,
2303 723 2501 778 ductus
2541 725 2608 778 ad
2657 725 3071 793 immolandum,
3109 742 3217 781 non
3259 742 3355 781 co-

1770 812 2100 881 gnoscebam
2136 828 2148 866 :
2182 816 2248 880 >ε<
2279 814 2403 882 quia
2436 815 2459 883 1
2493 831 2658 885 super
2690 832 2775 870 me
2810 817 3119 887 cogitarunt
3146 819 3354 887 cogita-

1770 900 2000 965 tionem,
2035 901 2279 957 dicentes
2311 919 2325 956 :
2377 902 2598 970 Venite,
2635 914 2689 959 et
2718 907 2791 976 (ο)
2828 906 3107 961 mittamus
3145 908 3355 977 lignum

1770 990 1825 1045 in
1853 1006 2049 1061 panem
2073 992 2215 1060 ejus,
2241 1000 2296 1047 et
2317 994 2610 1062 perdamus
2635 1010 2760 1049 eum
2781 1011 2844 1050 ex
2865 1004 3008 1051 terra
3032 998 3352 1060 viventium,

1769 1091 1825 1137 et
1872 1098 2068 1138 nomen
2101 1084 2221 1153 ejus
2251 1100 2358 1139 non
2395 1087 2786 1141 memorabitur
2825 1089 3081 1157 amplius.
3124 1088 3214 1145 20.
3260 1090 3362 1143 Do-

1774 1172 1919 1227 mine
1951 1173 2235 1238 virtutum,
2264 1174 2522 1243 judicans
2547 1176 2711 1245 iusta,
2747 1177 2821 1247 (p)
2850 1178 3087 1247 probans
3118 1193 3276 1234 renes
3302 1188 3357 1233 et

1770 1266 1957 1331 corda,
1992 1266 2205 1321 videam
2231 1267 2498 1321 ultionem
2529 1284 2651 1336 quae
2676 1284 2707 1323 a
2747 1280 2801 1325 te
2831 1273 2883 1324 in
2913 1271 3015 1336 cis,
3050 1271 3178 1342 quia
3207 1273 3275 1326 ad
3305 1280 3360 1328 te

1769 1358 2005 1412 revelavi
2040 1356 2113 1428 (q)
2154 1358 2248 1427 jus
2279 1373 2483 1412 meum.
2528 1357 2618 1413 21.
2664 1357 2892 1431 Propter
2930 1360 3036 1417 hoc
3082 1363 3197 1417 haec
3226 1362 3359 1418 dicit

1770 1446 2039 1505 Dominus
2086 1463 2254 1519 super
2296 1451 2447 1507 viros
2473 1451 2774 1516 Anatboth,
2823 1453 2917 1521 qui
2951 1462 3204 1522 quaerunt
3234 1454 3358 1514 ani-

1771 1553 1915 1590 mam
1948 1550 2094 1592 tuam
2116 1576 2133 1601 ,
2177 1538 2421 1594 dicentes
2452 1556 2466 1592 :
2514 1538 2632 1593 Non
2674 1541 3023 1611 prophetabis
3056 1558 3223 1612 super
3257 1558 3359 1597 no-

1772 1628 1919 1680 mine
1945 1627 2185 1688 Domini,
2219 1639 2274 1682 et
2315 1629 2361 1683 si
2393 1644 2523 1684 vero
2563 1646 2696 1697 non,
2731 1630 2982 1686 morieris
3020 1630 3075 1685 in
3108 1633 3360 1687 Inanibus

70 1737 171 1776 nes
209 1735 502 1794 sermones
536 1718 762 1775 fmderis
794 1718 984 1790 bnjus,
1013 1719 1161 1789 quod
1204 1719 1461 1789 praecepi,
1506 1726 1563 1773 ut
1587 1716 1669 1773 ια.
1702 1706 1745 1762 Β
1776 1717 1998 1773 nostris.
2035 1718 2124 1772 22.
2160 1723 2228 1788 Χ
2270 1718 2497 1789 Propter
2538 1721 2643 1776 hoc
2696 1723 2718 1791 1
2766 1723 2883 1778 haec
2920 1738 2998 1778 --ι-
3066 1722 3201 1778 divit
3255 1722 3361 1779 Do-

69 1820 288 1877 cerent,
334 1820 394 1868 et
418 1827 527 1866 non
558 1810 810 1867 fecerunt
840 1811 888 1879 1.
920 1811 974 1867 9.
1012 1810 1078 1866 Et
1119 1810 1256 1866 dixit
1296 1809 1560 1866 Dominus
1603 1810 1672 1865 ad
1778 1808 1962 1864 minus
1989 1809 2059 1878 (ν)
2085 1810 2393 1880 virtutuni1
2426 1827 2440 1863 :
2472 1810 2610 1867 Ecce
2638 1829 2738 1882 ego
2769 1814 2998 1870 visitabo
3024 1829 3191 1883 super
3213 1830 3308 1870 eos
3339 1832 3353 1868 :

73 1917 163 1957 me
195 1920 209 1957 :
251 1901 480 1956 Inventa
518 1909 606 1956 est
629 1902 709 1970 (α)
755 1900 1035 1970 colligatio
1073 1900 1127 1954 in
1155 1900 1292 1954 viris
1322 1898 1497 1966 Judae,
1531 1907 1586 1954 ct
1617 1900 1673 1954 in
1774 1897 2005 1966 juvenes
2043 1914 2232 1954 eorum
2271 1904 2571 1957 morientur
2601 1903 2653 1957 in
2685 1904 2884 1974 gladio,
2916 1915 2971 1959 et
2999 1906 3093 1959 lilii
3139 1921 3355 1973 eorum,

72 1992 145 2050 iis
176 1994 272 2065 qui
304 1994 559 2049 habitant
580 1994 636 2049 in
664 1991 964 2048 Jerusalem
996 2012 1008 2046 :
1064 1993 1147 2049 10.
1187 1991 1393 2047 reversi
1428 2001 1557 2046 sunt
1578 2007 1676 2046 su-

72 2104 176 2159 per
217 2088 547 2158 iniquitates
588 2094 805 2156 patrum
852 2100 1077 2140 suorum
1114 2084 1382 2153 priorum,
1424 2084 1515 2153 qui
1567 2100 1675 2138 non

72 2180 377 2233 voluerunt
408 2178 600 2234 audire
628 2178 791 2232 verba
827 2192 946 2231 mea
980 2193 992 2228 :
1020 2186 1071 2232 et
1097 2192 1221 2231 ecce
1249 2178 1348 2247 ipsi
1375 2176 1450 2248 (ιν)
1472 2177 1677 2232 abeunt

72 2279 204 2340 post
250 2270 390 2326 deos
424 2270 653 2334 alienos,
703 2269 771 2323 ad
821 2268 1109 2323 colendum
1159 2269 1442 2323 servitium
1473 2269 1573 2324 eis.
1608 2269 1677 2323 Et

77 2363 301 2416 irritum
350 2359 603 2416 fecerunt
644 2360 841 2415 domus
889 2357 1128 2424 lsraelis,
1179 2370 1233 2414 et
1277 2360 1475 2415 domus
1518 2359 1674 2414 Judze

77 2452 264 2508 [cadus
305 2466 515 2518 meum,
548 2450 619 2520 (ο)
664 2451 811 2521 quod
845 2450 1103 2506 constitui
1146 2452 1210 2505 ad
1242 2462 1421 2521 patres
1458 2468 1671 2507 eorum.

76 2543 169 2597 11.
208 2541 447 2612 Propter
483 2542 591 2597 hoc
619 2542 736 2597 hac
764 2543 895 2597 dicit
928 2542 1195 2598 Dominus
1228 2560 1241 2596 :
1279 2542 1419 2599 Ecce
1446 2559 1548 2613 ego
1587 2544 1672 2599 in-

76 2636 223 2690 duco
256 2649 427 2703 super
452 2647 550 2688 eos
581 2632 745 2699 mala,
777 2649 842 2688 ex
869 2634 1072 2705 quibus
1101 2649 1208 2688 non
1240 2642 1498 2704 poterunt
1526 2636 1678 2691 exire

72 2742 145 2781 ex
173 2726 257 2782 eis
288 2742 302 2777 :
339 2725 419 2797 (ά)
467 2734 523 2779 et
552 2725 868 2779 clamabunt
912 2724 982 2778 ad
1012 2740 1118 2788 me,
1154 2734 1206 2779 et
1238 2742 1345 2780 non
1378 2726 1673 2781 exaudiam

72 2834 198 2883 eos,
236 2817 325 2872 1‘2.
359 2827 413 2871 et
442 2817 602 2871 ibunt
636 2817 799 2871 urbes
829 2816 1001 2880 Judaa,
1034 2824 1087 2870 et
1116 2816 1153 2870 ii
1182 2817 1276 2885 qui
1327 2817 1574 2872 habitant
1619 2817 1677 2871 in

83 2909 424 2971 Jerusalem,
461 2919 513 2964 et
550 2909 867 2963 clamabunt
896 2909 958 2962 ad
1002 2909 1154 2971 deus,
1192 2910 1393 2978 quibus
1418 2910 1520 2978 ipsi
1547 2909 1682 2964 ado-

74 3006 193 3058 lent
225 3001 332 3066 eis,
383 3003 451 3069 »ζ
499 3011 553 3056 et
601 3000 862 3056 salvando
908 3002 929 3069 1
984 3015 1088 3054 non
1135 3001 1425 3054 salvabunt
1473 3016 1569 3055 eos
1619 3001 1673 3053 in

71 3104 330 3164 tempore
356 3094 627 3148 malorum
652 3108 862 3148 eorum.
899 3092 986 3147 15.
1027 3091 1166 3158 Quia
1193 3091 1351 3161 juxta
1378 3108 1671 3147 numerum

78 3186 307 3241 urbium
335 3193 554 3240 tuarum
581 3196 737 3241 erant
772 3186 848 3241 dii
882 3186 985 3251 tui,
1009 3185 1175 3247 Juda.
1209 3196 1262 3240 et
1288 3185 1446 3254 juxta
1481 3198 1675 3239 nume-

80 3294 206 3334 rum
238 3276 310 3349 (e)
353 3278 599 3333 exituum
628 3275 931 3332 Jerusalem
972 3277 1237 3347 posuistis
1267 3275 1334 3346 (Γ)
1362 3274 1577 3331 excelsa
1606 3275 1675 3342 >κ

80 3368 283 3438 pudori
315 3368 508 3422 altaria
548 3369 569 3437 1
605 3367 670 3422 ad
704 3368 1031 3423 adolendnm
1069 3368 1241 3421 Baali.
1278 3367 1365 3420 H.
1414 3364 1481 3420 Et
1521 3375 1575 3420 tu
1608 3379 1676 3419 ne

79 3476 210 3515 ores
242 3475 344 3528 pro
371 3460 572 3529 populo
607 3459 729 3523 hoc,
762 3474 936 3528 neque
962 3459 1037 3527 (ῃ)
1077 3458 1353 3528 supplices
1379 3473 1478 3526 pro
1507 3456 1587 3510 eis
1620 3455 1674 3509 in

80 3551 349 3623 petitione
381 3564 435 3606 et
469 3551 743 3615 oratione,
787 3551 919 3621 quia
959 3566 1067 3604 non
1111 3548 1396 3603 exaudiam
1441 3546 1497 3600 in
1539 3554 1677 3618 tern—

80 3655 243 3713 pore,
276 3655 387 3710 quo
415 3641 673 3697 invocant
704 3655 809 3702 me,
840 3640 895 3693 in
921 3650 1162 3708 tempore
1191 3635 1515 3690 humilitatis
1538 3648 1673 3688 suae.

82 3733 177 3787 15.
222 3732 304 3803 (Ιι)
335 3731 516 3797 Quare
556 3732 752 3787 dilecta
795 3732 848 3785 in
877 3731 1042 3786 domo
1074 3744 1192 3783 mea
1238 3727 1365 3781 fecit
1393 3726 1678 3781 abomina-

81 3824 345 3879 tionem?
373 3822 514 3877 Num
542 3832 665 3882 vota
699 3832 750 3878 et
778 3838 907 3877 caro
933 3830 1117 3876 sancta
1151 3819 1397 3874 auferent
1432 3835 1461 3872 a
1492 3828 1542 3872 te
1566 3833 1680 3871 ma-

89 3918 247 3974 litias
277 3925 422 3982 tuas,
450 3926 543 3971 aut
591 3931 689 3987 per
729 3916 842 3970 haec
892 3914 1154 3984 ellugies?
1187 3913 1266 3965 l6.
1297 3911 1482 3966 Oleam
1515 3911 1681 3965 decu-

92 4024 244 4073 ram,
275 4009 415 4063 bene
444 4009 758 4063 umbrosam
792 4018 1012 4076 aspectu
1049 4006 1262 4060 vocavit
1292 4004 1553 4058 Dominus
1580 4017 1681 4057 no-

90 4114 227 4154 men
284 4107 461 4163 tuum,
512 4099 575 4169 (i)
609 4098 663 4152 in
698 4112 890 4153 vocem
952 4095 1344 4165 atnputatiouis
1399 4094 1518 4163 ejus
1555 4112 1568 4148 :
1609 4090 1680 4162 (k)

83 4205 291 4260 magna
317 4190 537 4245 aﬂlictio
566 4205 726 4259 super
750 4198 801 4243 te
831 4207 843 4243 :
876 4188 934 4259 (ι)
967 4188 1154 4242 laedam
1180 4201 1362 4241 ramos
1391 4186 1512 4255 ejus
1539 4201 1553 4238 :
1592 4184 1680 4241 17.

1778 1999 1833 2045 et
1860 1991 1984 2044 lilia:
2015 2005 2204 2045 eorum
2250 2004 2642 2049 consumantur
2674 1995 2729 2049 in
2759 1994 2902 2050 fame
2947 2015 2959 2050 :
3007 1997 3095 2051 23.
3129 2006 3185 2052 et
3223 2000 3360 2053 resi-

1778 2080 1946 2137 duum
1983 2096 2088 2135 non
2128 2083 2234 2137 erit
2273 2100 2500 2151 eorum;
2545 2087 2672 2155 quia
2703 2087 2970 2142 adducam
3011 2089 3151 2142 mala
3195 2094 3364 2159 Stlpr

1777 2187 1874 2228 eos
1921 2173 2014 2241 qui
2059 2173 2304 2229 habitant
2343 2174 2398 2230 in
2438 2177 2717 2231 Anathoth
2760 2177 2815 2231 in
2856 2192 3000 2233 anno
3030 2179 3358 2236 visitationis

1777 2274 1993 2317 eorum.

1849 2356 1980 2425 Cap.
2008 2353 2122 2409 ΧΠ.
2156 2386 2197 2395 -
2223 2357 2273 2410 1.
2311 2357 2376 2427 (ε)
2405 2355 2598 2413 Justus
2625 2372 2708 2420 es,
2730 2357 2992 2427 Domine;
3021 2362 3147 2430 quia
3174 2360 3361 2431 profe-

1778 2462 1896 2501 rant
1928 2447 2178 2516 spiritum
2207 2448 2267 2519 ti.
2296 2464 2346 2504 e.
2378 2450 2714 2519 contendam)
2752 2451 2818 2505 ad
2852 2460 2904 2505 te
2937 2471 2949 2506 :
2985 2460 3361 2508 verumtamen

1775 2536 1981 2607 judicia
2008 2538 2204 2607 loquar
2233 2538 2299 2592 ad
2329 2548 2399 2593 te.
2437 2537 2618 2605 Quare
2646 2540 2731 2595 via
2763 2539 3055 2610 impiorum
3070 2556 3365 2612 prospera-

1781 2629 1912 2682 tur?
1938 2629 2303 2684 ebullivcrunt
2329 2646 2543 2694 omnes,
2571 2633 2665 2702 qui
2696 2633 3126 2703 prtevaricantur
3152 2651 3364 2704 praeva-

1779 2720 2118 2774 ricationes?
2157 2719 2211 2773 2.
2245 2720 2505 2775 l’lantasti
2531 2737 2647 2787 cos,
2695 2735 2749 2776 et
2789 2723 3106 2778 conﬁrmata
3153 2735 3242 2781 est
3274 2741 3366 2780 ra-

1779 2811 1870 2867 dix
1902 2826 2092 2866 eorum
2127 2827 2140 2864 :
2181 2812 2243 2882 (1)
2285 2821 2589 2881 genuerunt
2630 2813 2791 2877 ﬁlios,
2828 2822 2883 2868 et
2923 2813 3169 2870 fecerunt
3215 2814 3362 2872 fruc-

1783 2911 1918 2957 tum.
1954 2901 2301 2973 Propinquus
2333 2912 2389 2957 tu
2418 2905 2499 2958 ori
2522 2920 2739 2968 eorum,
2770 2916 3013 2961 remotus
3036 2916 3092 2962 tu
3127 2916 3304 2964 autem
3328 2925 3363 2965 a

1783 2994 2007 3048 renibus
2035 3008 2244 3048 eorum.
2271 2994 2323 3047 5.
2356 2993 2419 3048 Ει
2445 3003 2524 3055 ιιι,
2554 2992 2801 3061 Domine,
2828 2994 2907 3066 (ιι)
2939 2996 3225 3066 cognoscis
3255 3012 3362 3061 me.

1778 3083 1979 3139 novisti
2009 3099 2115 3151 me,
2154 3085 2221 3152 >κ
2251 3092 2306 3138 et
2344 3083 2369 3153 1
2405 3085 2646 3154 probasti
2685 3100 2779 3141 cor
2825 3101 3007 3142 meum
3043 3102 3229 3144 coram
3262 3097 3312 3144 te
3347 3108 3362 3143 ε

1776 3178 1844 3245 >κ
1877 3192 2145 3248 congrega
2188 3191 2282 3232 eos
2324 3183 2384 3232 ut
2420 3191 2551 3232 oves
2587 3178 2654 3232 ad
2697 3181 3105 3249 mactationem,
3134 3191 3190 3237 et
3225 3182 3248 3250 1
3284 3183 3367 3252 (as)

1776 3268 2004 3339 purilica
2037 3283 2132 3323 eos
2174 3268 2228 3321 in
2263 3268 2408 3322 diem
2441 3268 2790 3325 mactationis
2828 3286 3042 3327 eorum.
3083 3272 3137 3326 4.
3181 3270 3369 3343 Usque

1776 3372 1888 3426 quo
1924 3357 2132 3426 lugebit
2178 3367 2342 3416 terra.
2381 3365 2434 3411 ct
2465 3357 2631 3412 herba
2657 3359 2839 3415 omnis
2869 3360 2982 3428 agri
3014 3360 3307 3415 siccabitur
3334 3378 3367 3415 a

1778 3449 1983 3501 malitia
2011 3462 2199 3503 eorum
2229 3447 2323 3517 qui
2355 3447 2605 3502 habitant
2630 3449 2685 3502 in
2717 3464 2780 3504 ea
2805 3449 3112 3519 ?Corrupta
3141 3452 3369 3527 suntjuv

1778 3547 1985 3605 menta,
2040 3549 2095 3593 et
2130 3538 2375 3593 volatilia
2405 3578 2422 3604 ,
2474 3540 2604 3608 quia
2654 3541 2909 3595 dixerunt
2946 3558 2960 3594 :
2999 3541 3116 3595 Non
3164 3542 3369 3597 videbit

1778 3628 1923 3684 Deus
1958 3628 2035 3700 (ῃ)
2066 3629 2182 3685 vias
2212 3638 2451 3684 nostras.
2499 3628 2551 3683 5.
2589 3630 2664 3700 (ι)
2707 3630 2881 3686 Pedes
2913 3631 2993 3687 tui
3024 3643 3275 3695 currunt,
3313 3640 3368 3686 et

1782 3722 2079 3777 remissum
2127 3721 2361 3776 reddunt.
2402 3730 2456 3776 te
2489 3737 2502 3772 :
2538 3722 2815 3791 quomodo
2845 3723 3240 3794 praeparaberis
3275 3739 3370 3779 su-

1783 3829 1882 3883 per
1915 3814 2096 3883 equis,
2127 3823 2181 3868 et
2214 3814 2268 3867 in
2301 3823 2443 3870 terra
2476 3816 2625 3885 pacis
2654 3815 2936 3871 conlidens
2970 3818 3064 3871 tu?
3092 3819 3370 3887 quomodo

1783 3906 1954 3962 facies
1984 3908 2060 3977 (α)
2095 3908 2148 3961 in
2181 3909 2436 3977 superbia
2467 3908 2764 3964 Jordanis?
2808 3910 2861 3964 6.
2896 3909 3033 3976 Quia
3062 3913 3224 3965 etiam
3257 3910 3367 3964 fra-

1783 4009 1895 4054 tres
1918 3998 2021 4063 tui,
2050 4005 2105 4053 et
2131 3998 2327 4054 domus
2358 4000 2530 4069 patris
2563 4002 2659 4068 tui,
2691 4001 2855 4055 etiam
2887 4001 2987 4069 ipsi
3018 4001 3222 4070 perfide
3245 4016 3369 4072 ego-

1783 4098 1914 4145 runt
1947 4101 2151 4154 tecum,
2181 4101 2234 4144 et
2265 4091 2365 4160 ipsi
2391 4093 2694 4147 clamarunt
2721 4110 2735 4147 :
2779 4108 2811 4146 a
2843 4103 2992 4162 tergo
3021 4107 3114 4148 tuo
3142 4108 3371 4163 congre-

1786 4182 1895 4251 gati
1921 4190 2050 4236 sunt
2081 4193 2155 4224 ω
2181 4197 2344 4251 super
2372 4190 2423 4235 te
2461 4182 2508 4250 1,
2539 4198 2606 4236 ne
2634 4185 2824 4238 credas
2845 4185 2959 4251 eis;
2988 4184 3118 4254 quia
3143 4185 3372 4254 loquen-

83 4292 146 4340 et
179 4281 448 4338 Dominus
473 4292 687 4351 potens,
719 4281 813 4352 qui
840 4280 1102 4351 plantavit
1131 4288 1205 4347 te,
1236 4278 1450 4334 locutus
1475 4286 1560 4333 est
1592 4291 1688 4332 su-
1789 4281 1875 4329 tur
1910 4273 1977 4330 ad
2029 4282 2082 4329 te
2111 4274 2291 4345 ,bona.
2340 4274 2393 4329 7.
2438 4273 2653 4346 Reliqui
2688 4275 2914 4331 domum
2950 4292 3150 4344 meam,
3190 4275 3375 4331 dimisi

170 4636 241 4705 (ε)
275 4633 654 4705 Ιιθιιηίιιηιθη.
684 4630 777 4697 Α.,
799 4646 960 4705 rvere.
1024 4629 1101 4705 Δ(ι)
1135 4629 1220 4695 8.,
1262 4629 1564 4705 [ιι-ίιξιίἰιιιι.Δ
1595 4630 1663 4702 (uj

1882 4632 1954 4705 h.,
1984 4632 2039 4687 in
2073 4633 2331 4689 exitibus.
2412 4631 2489 4704 (τί)
2515 4632 2603 4699 Α.,
2638 4631 2721 4705 8.,
2749 4631 2888 4705 pacti
2914 4630 3097 4705 hujus.
3174 4630 3248 4702 (υ)
3282 4632 3375 4697 Α.,

94 4700 303 4762 etnon
351 4704 705 4759 inclinarunt.
746 4704 865 4774 ιμ)
897 4702 985 4765 Α.,
1023 4701 1077 4774 in
1118 4703 1489 4774 perversitate.
1526 4700 1627 4774 8.,
1654 4700 1718 4756 in
1763 4703 2124 4774 beneplaeito.
2236 4706 2315 4774 (α)
2360 4700 2891 4774 A.,'pr:evaricatio.
2929 4701 3027 4774 _S.,
3066 4700 3375 4770 juranienta

95 4778 363 4832 invicem.
438 4774 512 4842 (b)
563 4768 938 4827 Ambulabtes.
1017 4771 1088 4840 (ε)
1127 4772 1220 4833 Α.,
1259 4774 1405 4839 quod
1454 4772 1588 4825 escit

1894 4768 1982 4835 .11.,
2014 4773 2097 4834 8.,
2147 4784 2200 4829 et
2243 4768 2702 4828 t'ocil‘crabuntnr.
2756 4841 2763 4842 ί
2803 4772 2870 4840 (e)
2918 4768 3002 4838 S.,
3051 4768 3376 4840 platearum.

97 4848 172 4917 (Γ)
215 4846 309 4907 Α.,
335 4841 655 4917 8.,έιιιιιικίιι.
734 4843 819 4917 (θλ
845 4842 928 4908 S.,
955 4843 1097 4917 leves
1129 4851 1183 4895 tu
1223 4859 1318 4909 pro
1343 4844 1422 4895 eis
1457 4843 1848 4910 precationem,
1877 4859 2054 4917 neque
2081 4859 2225 4898 ores.
2305 4845 2380 4917 (It)
2413 4845 2504 4902 Λ..
2538 4858 2708 4917 quare
2738 4841 2935 4917 dilecto
2975 4858 3095 4895 meo
3131 4842 3381 4917 injdomo

96 4913 225 4971 inea
260 4916 326 4967 ad
359 4913 670 4968 faciendum
704 4914 937 4982 cogitata
982 4913 1173 4975 multa,
1204 4920 1262 4982 et
1297 4927 1517 4966 carnem
1568 4923 1812 4965 sanctam
1864 4914 2042 4965 amovi
2083 4928 2113 4966 a
2155 4925 2226 4978 ιιι,
2280 4916 2407 4981 quia
2439 4914 2678 4982 malitias,
2725 4913 2851 4980 quia
2893 4922 3021 4965 tunc
3057 4914 3381 4982 exsultabis.

99 4988 168 5054 (ἱ)
202 4983 292 5045 8.,
325 4983 392 5038 ad
421 4998 607 5039 vocem
637 4980 1001 5037 multitudinis
1025 4981 1280 5054 grandis.
1342 4982 1412 5051 (k)
1451 4983 1592 5054 Arsit

1886 5000 1959 5036 per
1990 4997 2133 5035 eam.
2188 4983 2271 5054 7(1)
2301 4980 2392 5046 Α..
2429 4980 2511 5048 S.,
2533 4982 2804 5054 inﬁrmati
2835 4992 2981 5036 sunt.
3061 4982 3265 5054 (nt)A._,
3296 4981 3379 5045 8.,

101 5050 181 5111 bi.
266 5055 344 5126 (η)
385 5055 476 5126 8.,
508 5070 682 5123 agnus
716 5054 1001 5123 pacilicus,
1030 5050 1128 5121 qui
1159 5050 1479 5126 duciturad
1527 5051 1943 5126 jugulutiunem.
1983 5054 2074 5126 Α.,
2106 5050 2413 5126 _adsuetus.
2520 5051 2595 5120 (0)
2639 5050 2719 5117 8.,
2764 5066 3197 5126 corrtunpainus
3237 5052 3384 5122 ligno

101 5119 488 5196 panem'eius‘,
532 5119 586 5177 et
619 5119 901 5196 deleamus
940 5119 1088 5177 cuni.
1138 5192 1151 5196 _
1193 5120 1271 5196 (ρ)
1305 5119 1778 5196 8.,ἰιινέδιιςειιιε.
1855 5128 1932 5196 (q)
1973 5123 2063 5187 A.,
2094 5124 2153 5178 S.
2187 5124 2451 5196 judicium
2487 5119 2693 5196 meum.
2771 5119 2864 5196 (περ
2901 5123 2987 5196 Α.,
3020 5119 3383 5196 exercituum.

102 5190 180 5263 is)
221 5195 314 5259 A.,
342 5194 526 5264 justus
569 5204 645 5254 tu,
683 5192 930 5258 Domine,
973 5192 1191 5264 quando
1216 5193 1446 5264 _ju_diciu
1472 5194 1797 5245 contendam
1831 5193 2096 5264 adversus
2121 5190 2200 5246 te.
2228 5192 2308 5256 S.,
2343 5196 2467 5264 plus
2497 5192 2682 5259 justus
2712 5202 2790 5255 tu,
2830 5191 3079 5264 Domine,
3118 5190 3161 5264 si
3194 5191 3388 5259 loquar

103 5260 208 5333 ego
238 5260 505 5318 adversus
535 5273 586 5317 te
614 5283 628 5331 ;
666 5260 1040 5333 verumtamen
1060 5261 1478 5333 judicialoquar
1509 5277 1695 5333 coram
1737 5271 1807 5333 te.
1876 5261 2051 5333 r(t)A.,
2081 5265 2318 5317 iveruut.
2346 5260 2435 5320 8..
2455 5278 2513 5317 se
2531 5263 2883 5316 extendentes
2899 5260 3385 5333 faciuntfructum.

107 5330 188 5405 (ᾗ)
227 5337 319 5396 Α.,
352 5330 747 5401 S.,cogu0visti
788 5332 892 5387 me.
952 5404 959 5405 ί
993 5334 1069 5403 (.r.)
1102 5333 1197 5405 τι..
1234 5330 1354 5394 ΤΙι.,
1390 5332 1600 5386 sanctili

1895 5330 2126 5405 iseerne.
2168 5333 2280 5405 _(y)
2315 5337 2402 5397 A.,
2434 5334 2519 5396 S.,
2560 5333 2856 5405 novissima
2890 5341 3094 5405 nostra.
3150 5330 3247 5405 _(z)
3295 5332 3387 5405 4.,

106 5398 387 5473 quiacuu.
413 5398 640 5471 pedibus
670 5398 1070 5465 cucurristi,'et
1095 5402 1391 5473 fatigarunt
1428 5412 1498 5468 te,
1535 5412 1586 5455 et
1630 5402 1908 5471 quomodo
1947 5398 2336 5473 implicabis'te
2365 5417 2487 5473 cum
2523 5402 2798 5471 equitibus
2822 5398 3269 5473 intelligentibus.
3304 5398 3389 5473 8.,

110 5470 157 5528 si
204 5489 329 5525 eum
362 5470 588 5541 pedibus
619 5475 747 5527 dum
781 5476 1060 5534 currebas,
1091 5470 1418 5541 defatigatus
1439 5488 1519 5537 es,
1556 5470 1829 5540 quomodo
1859 5470 2154 5528 contendes
2195 5488 2321 5526 cum
2356 5471 2531 5536 equis,
2560 5470 2615 5525 et
2644 5473 2697 5525 in
2745 5481 2886 5526 terra
2920 5472 3141 5541 pacilica
3170 5486 3228 5525 es
3272 5472 3393 5525 sine

92 5538 529 5597 sollicitudine?
602 5542 679 5613 (ιι)
724 5547 812 5605 Α..
838 5545 892 5596 in
931 5544 1187 5613 elatione.
1221 5538 1304 5613 8.,
1341 5538 1621 5613 quomodo
1652 5542 1900 5613 visitabis
1940 5543 1995 5597 in
2037 5544 2234 5597 robore
2272 5541 2572 5597 Jordanis?
2604 5544 2732 5612 quia
2773 5538 3037 5613 adltucet
3069 5540 3263 5613 fratres
3290 5542 3393 5599 tui.

109 5627 166 5666 et
195 5615 394 5684 domus
419 5614 590 5682 patris
612 5610 693 5667 tui
729 5628 925 5684 rursus
948 5614 1113 5667 etiam
1150 5610 1253 5679 ipsi
1292 5610 1365 5667 ad
1393 5612 1818 5682 exspectandum
1850 5620 1924 5680 te,
1965 5629 2184 5683 quoque
2225 5613 2301 5668 illi
2332 5610 2641 5668 clamarunt
2666 5619 2787 5684 post
2814 5622 2884 5678 te,
2919 5611 3083 5667 additi
3120 5619 3290 5668 sunt:
3325 5624 3395 5666 tto

114 5681 313 5738 credas
335 5681 439 5750 eis,
459 5684 505 5739 si
535 5684 831 5754 loquantur
865 5683 931 5737 ad
961 5692 1012 5738 te
1042 5685 1207 5738 bona.
