3782 6222
81 331 231 387 9323

76 547 374 590 currerunt
398 537 528 591 mihi
561 539 715 592 haec?
743 547 966 609 propter
1006 538 1412 594 multitudinem
1443 539 1664 609 injusti—

78 633 166 682 ttre
204 639 313 684 tuae
344 631 555 685 detecta
599 641 730 686 sunt
751 631 828 701 (p)
853 633 1157 701 posteriora
1190 640 1303 697 tua,
1341 641 1400 687 ut
1431 631 1666 686 illudan-

78 731 169 774 tur
212 721 452 775 calcanei
501 723 602 775 tui.
653 723 745 777 25.
789 722 846 776 Si
896 723 1132 777 mutabit
1178 723 1431 793 .IEthiops
1472 725 1662 792 pellem

79 825 260 873 suam,
283 817 338 864 et
369 810 572 879 pardus
599 811 892 867 varietates
914 829 1066 878 suas,
1098 815 1263 869 etiam
1300 832 1398 871 vos
1422 817 1666 886 poteritis

77 899 437 966 benefacere,
467 917 590 956 cum
621 903 920 957 didiceritis
943 905 1293 977 niala.24.(q)
1322 905 1386 962 Et
1414 909 1668 964 dissemi-

77 992 204 1045 navi
236 991 308 1063 (r)
351 1007 467 1059 eos,
502 1002 560 1048 ut
609 994 859 1064 stipulas,
909 1011 1030 1065 qua:
1062 996 1318 1053 feruntur
1344 1015 1373 1055 a
1414 1009 1576 1055 vento
1611 1004 1663 1055 in

75 1087 378 1140 desertum.
419 1086 510 1140 25.
562 1085 688 1140 Haec
727 1101 850 1142 sors
895 1095 1008 1153 tua,
1057 1103 1184 1156 pars
1233 1091 1376 1160 ejus,
1419 1093 1564 1159 quod
1596 1092 1664 1161 (ε)

79 1177 418 1232 rebellabitis
458 1178 720 1232 adversus
761 1194 870 1243 me,
909 1178 1043 1233 dicit
1093 1179 1382 1238 Dominus.
1423 1183 1487 1252 (ι)
1526 1183 1664 1249 Quia

76 1269 250 1323 oblita
271 1284 332 1324 es
355 1269 482 1334 mei,
501 1281 556 1322 et
579 1271 812 1338 sperasti
841 1285 1007 1340 super
1037 1274 1358 1336 mendaciis,
1389 1275 1480 1328 26.
1501 1276 1662 1330 etiam

76 1378 178 1430 ego
212 1363 459 1431 detegam
494 1363 571 1430 (ιι)
607 1364 913 1432 posteriora
945 1375 1035 1418 tua
1066 1383 1231 1435 super
1267 1367 1458 1420 faciem
1490 1377 1662 1433 tuam,

74 1461 128 1506 et
155 1452 431 1506 videbitur
458 1453 759 1523 ignominia
799 1463 912 1522 tua,
945 1455 1035 1508 27.
1063 1457 1417 1520 adulterium,
1451 1468 1503 1512 et
1541 1461 1664 1512 hin-

75 1544 232 1598 nitus
257 1551 406 1610 tuus,
429 1553 480 1598 et
509 1545 589 1614 (ac)
623 1546 884 1601 alienatio
919 1547 1304 1604 fornicationis
1334 1560 1457 1604 tum.
1491 1551 1666 1619 Super

75 1635 334 1700 collibus,
370 1643 416 1689 et
462 1635 516 1689 in
563 1639 709 1702 agris
762 1637 874 1691 vidi
919 1639 1351 1694 abominatioues
1396 1649 1534 1696 tuas.
1576 1640 1665 1696 Va:

79 1728 203 1793 tibi,
237 1726 576 1795 Jerusalem;
603 1729 678 1798 (υ)
714 1730 845 1798 quia
890 1745 1000 1786 non
1034 1733 1292 1787 mundata
1325 1750 1381 1787 es
1413 1745 1534 1803 post
1577 1752 1662 1788 me

76 1831 370 1886 usquequo
407 1817 605 1872 adhuc.

148 1910 204 1963 1.
239 1908 605 1978 Cap.XlV.—
625 1911 675 1965 1.
707 1911 771 1965 Et
796 1910 999 1967 factum
1020 1921 1102 1967 est
1120 1913 1338 1966 verbum
1359 1914 1571 1970 Domini
1602 1916 1667 1970 ad

76 2001 374 2056 Jernmiam
411 2003 478 2056 de
518 2004 584 2069 Ἃ(
631 2005 810 2058 verbis
853 2006 875 2072 ζ
922 2004 1311 2072 prohibitioois
1352 2007 1567 2075 plurim.
1609 2007 1665 2062 2.

79 2091 245 2146 Luxit
267 2091 478 2156 Judma,
509 2102 562 2146 et
592 2104 760 2163 portae
794 2097 916 2164 ejus
957 2097 1028 2164 (π.)
1061 2110 1246 2150 vacua:
1271 2096 1426 2152 facta:
1456 2109 1670 2163 sunt,et

77 2186 452 2240 obtenebrata:
472 2195 599 2240 sunt
624 2202 786 2254 super
818 2195 963 2242 terra
991 2207 1001 2242 :
1043 2199 1092 2242 et
1132 2190 1338 2242 clamor
1372 2187 1668 2243 Jerusalem

76 2277 352 2332 ascendit.
373 2277 428 2331 ὅ.
458 2277 532 2347 (a)
557 2277 622 2330 Et
649 2287 934 2349 magnates
959 2279 1032 2350 (b)
1055 2280 1175 2348 ejus
1211 2280 1672 2350 misernntjunio-

77 2384 166 2419 res
192 2382 328 2421 suos
354 2376 477 2436 post
499 2383 694 2436 aquam
737 2387 750 2421 :
786 2381 1053 2423 venerunt
1083 2370 1153 2439 (ε)
1184 2385 1347 2438 super
1372 2381 1584 2440 puteos,
1618 2381 1671 2425 et

78 2478 187 2512 non
244 2460 572 2514 invenerunt
612 2477 833 2529 aquam,
866 2471 1220 2533 reportat-unt
1271 2464 1489 2533 lagenas
1542 2481 1671 2520 suas

74 2566 312 2614 vacuas,
342 2552 410 2618 ><
455 2552 817 2617 erubuerunt,
860 2563 913 2606 et
947 2555 1153 2622 pudore
1212 2553 1389 2608 allecti
1437 2564 1584 2618 sunt,
1618 2567 1672 2608 et

75 2651 420 2708 Operm-runt
442 2653 605 2710 caput
635 2657 793 2695 suum
833 2643 880 2708 ζ.
906 2643 961 2697 4.
994 2644 1070 2712 ((1)
1097 2642 1162 2696 Ει
1190 2660 1356 2714 opera
1387 2652 1545 2699 terra:
1575 2645 1670 2698 dc-

77 2732 354 2797 feeerunt,
380 2734 509 2801 quia
546 2749 654 2787 non
688 2743 804 2788 erat
849 2735 1029 2804 pluvia
1062 2737 1129 2802 Χ
1155 2750 1320 2804 super
1348 2746 1512 2790 terra.
1544 2735 1673 2789 Eru-

77 2824 326 2877 buerunt
364 2825 650 2892 agricolzn,
699 2835 1036 2895 operuerunt
1079 2835 1242 2895 caput
1297 2842 1480 2881 suum.
1508 2827 1563 2881 5.
1607 2826 1672 2882 Et

77 2913 335 2967 cervzeiu
357 2929 490 2982 agro
517 2924 866 2982 pepererunt,
907 2923 962 2968 et
993 2915 1374 2984 reliquerunt;
1412 2918 1539 2985 quia
1563 2931 1670 2969 non

75 3014 202 3059 erat
245 3005 415 3060 herba
449 3005 495 3073 ζ.
526 3005 578 3060 6.
622 3005 824 3076 Onagri
887 3014 1155 3061 steterunt
1205 3007 1274 3076 (ε)
1327 3022 1492 3076 super
1516 3007 1667 3076 juga,

74 3107 436 3153 attraxerunt
487 3107 740 3166 ventum,
799 3103 866 3168 )K
913 3109 970 3153 ut
1031 3099 1199 3155 draco
1243 3101 1265 3169 ζ
1303 3118 1316 3154 :
1357 3099 1671 3155 defecerunt

78 3192 230 3245 oculi
264 3207 479 3256 eorum,
533 3195 660 3260 quia
699 3207 805 3244 non
853 3199 972 3244 erat
1015 3189 1224 3245 fumum
1282 3193 1350 3246 ab
1389 3193 1672 3262 iniquitate

77 3282 297 3350 pepuli.
337 3281 388 3335 7.
439 3280 494 3334 Si
530 3292 747 3350 peccata
789 3289 977 3335 nostra
1007 3289 1278 3336 steterunt
1319 3289 1510 3336 contra
1545 3298 1672 3347 nos,

78 3369 339 3433 Domine,
378 3369 461 3424 fac
491 3379 710 3440 propter
763 3386 959 3425 nomen
1017 3380 1192 3433 tuum,
1227 3372 1355 3440 quia
1401 3371 1571 3424 multa
1604 3372 1670 3443 (f)

78 3475 310 3530 peccata
351 3471 536 3514 nostra
579 3475 642 3514 οι-
677 3476 861 3514 coram
910 3471 960 3515 te
996 3462 1054 3530 ζ,
1085 3462 1179 3515 tibi
1213 3461 1582 3530 peccavimus.
1614 3461 1668 3513 8.

80 3556 159 3625 (9)
197 3552 553 3621 Exspectatio
587 3553 824 3617 lsraelis,
850 3550 1168 3616 Domine,et
1195 3551 1433 3606 salvabis
1459 3552 1511 3604 in
1545 3561 1675 3604 tem-

76 3660 220 3714 pore
260 3643 552 3696 malorum.
605 3641 785 3703 Quare
831 3641 1010 3697 factus
1041 3658 1122 3708 es,
1163 3651 1224 3696 ut
1265 3643 1471 3696 advena
1507 3656 1673 3710 super

76 3746 255 3797 terra,
292 3744 347 3787 et
373 3736 526 3799 utUt)
567 3732 819 3800 indigena
853 3733 1132 3786 divertens
1171 3733 1238 3786 ad
1271 3731 1674 3787 diversorium?

75 3828 131 3883 9.
165 3828 235 3894 (ἱ)
269 3823 387 3877 Non
415 3825 544 3888 eris,
565 3831 624 3876 ut
647 3824 811 3876 homo
837 3824 1137 3890 dormiens,
1171 3825 1243 3893 (k)
1273 3833 1328 3880 et
1359 3833 1418 3879 ut
1451 3825 1553 3889 vir,
1579 3824 1672 3893 qui

74 3932 194 3972 non
244 3925 426 3986 potest
474 3917 704 3969 salvare.
738 3915 804 3969 Et
840 3927 897 3969 tu
927 3917 978 3968 in
1027 3917 1187 3971 nobis
1215 3933 1308 3980 es,
1339 3916 1589 3980 Domine,
1620 3925 1675 3972 et

74 4023 291 4064 nomen
330 4017 480 4062 tuum
517 4022 682 4076 super
722 4023 821 4061 nos
857 4007 1166 4062 invocatum
1186 4019 1270 4062 est
1299 4028 1310 4062 :
1344 4008 1406 4077 (Ι)
1435 4023 1503 4062 ne
1535 4008 1674 4062 obli-

73 4099 324 4154 viscaris
349 4098 542 4154 nostri.
572 4099 655 4153 10.
699 4097 792 4153 Sic
823 4099 956 4153 dicit
987 4099 1250 4154 Dominus
1279 4099 1479 4168 pepulo
1507 4099 1670 4154 huic:

74 4198 148 4264 Χ
183 4196 268 4247 lta
302 4194 326 4262 ζ
363 4193 669 4247 dilexerunt
696 4206 914 4246 movere
949 4191 1112 4260 pedes
1147 4207 1297 4259 suos,
1332 4202 1386 4247 et
1421 4209 1529 4247 non
1580 4207 1673 4263 ρε-

72 4294 406 4356 percerunt,
431 4293 484 4340 et
509 4284 652 4340 Deus
673 4300 782 4338 non
824 4285 926 4338 sibi
963 4285 1294 4354 complacuit
1316 4286 1367 4339 in
1399 4287 1676 4340 eis:nunc

72 4377 472 4433 recordabitur
536 4376 887 4446 iniquitatum
942 4391 1172 4440 eorum,
1230 4379 1297 4444 >ε<
1338 4386 1392 4431 et
1431 4377 1676 4432 visitabit

1329 337 1653 396 JEREMIIE
1707 337 1937 394 CAPUT
1990 339 2105 396 XV.

78 447 351 500 rientem?
379 445 468 502 22.
494 445 559 500 Et
589 446 633 500 si
669 447 873 504 dixeris
902 448 956 502 in
987 447 1156 505 corde
1205 457 1334 504 tuo:
1362 448 1545 516 Quare
1571 463 1666 503 oc-
1697 451 1738 506 Α
1773 459 1948 504 morte
1975 465 2076 520 ego
2121 450 2517 505 consummabo
2557 464 2672 505 eos.
2699 449 2787 505 15.
2823 449 2886 504 Ει
2917 450 3028 506 dixi
3071 467 3083 503 :

3207 332 3350 391 9.526

3129 438 3211 516 (ιι)
3239 453 3346 517 llie,

1771 541 1864 610 qui
1918 549 2019 604 est,
2059 539 2306 604 Domine,
2358 539 2616 606 Domine,
2661 555 2789 594 ecce
2836 540 3112 609 propheta
3164 541 3353 594 dicunt

1769 631 1850 685 eis
1890 649 1902 684 :
1937 629 2054 684 Non
2084 631 2340 685 videbitis
2379 630 2619 700 gladium
2643 669 2659 695 ,
2707 636 2762 684 et
2791 627 2961 683 fames
3011 646 3118 684 non
3158 629 3264 684 erit
3297 631 3350 683 in

1767 724 1958 789 vobis;
1995 724 2123 793 quia
2160 739 2344 792 pacem
2370 723 2443 792 (ο)
2467 731 2520 776 et
2545 736 2732 776 verum
2765 721 2905 774 dabo
2923 736 2982 776 -ε-
3001 738 3163 791 super
3180 731 3352 785 terra,

1768 815 1930 867 etiam
1965 815 1986 880 ζ
2016 816 2070 867 iu
2101 814 2220 868 loco
2254 815 2379 867 hoc.
2416 814 2504 868 M.
2532 812 2596 867 Et
2637 813 2774 866 dixit
2814 811 3078 867 Dominus
3108 815 3177 866 ad
3209 828 3297 867 me
3333 831 3349 867 :

1770 905 1926 960 Falsa
1956 907 2234 975 pr0phctaz
2259 905 2588 975 prophetaut
2615 919 2779 974 super
2806 905 3025 959 nomine
3054 920 3175 958 meo
3201 922 3214 956 :
3245 919 3352 957 non

1767 999 1890 1052 misi
1925 1013 2038 1058 eos,
2067 1007 2119 1051 ct
2151 1013 2258 1052 non
2284 999 2512 1068 praecepi
2545 999 2645 1061 eis,
2671 1011 2848 1067 neque
2882 997 3096 1051 locutus
3123 1012 3246 1051 sum
3284 998 3352 1051 ad

1767 1103 1882 1143 eos.
1916 1088 2054 1154 Quia
2081 1089 2322 1143 visiones
2359 1087 2674 1150 mendaces,
2703 1098 2757 1141 et
2783 1087 3172 1152 divinationes,
3197 1097 3250 1140 et
3277 1090 3354 1180 (ρ)

1767 1181 2027 1250 auguria,
2064 1190 2116 1234 et
2157 1181 2437 1250 proposita
2493 1181 2678 1236 cordis
2731 1183 2816 1237 sui
2871 1184 2970 1253 ipsi
3025 1185 3356 1253 prophetarit

1767 1273 1943 1325 vobis.
1975 1272 2061 1326 15.
2102 1271 2334 1342 Propter
2377 1272 2481 1327 hoc
2520 1271 2635 1326 haec
2663 1273 2796 1326 dicit
2838 1272 3102 1328 Dominus
3131 1275 3198 1328 de
3231 1289 3357 1342 pro-

1766 1365 1965 1434 phetis,
1999 1365 2091 1433 qui
2142 1365 2472 1434 prophetant
2524 1379 2687 1432 super
2723 1368 2942 1420 nomine
2994 1382 3136 1430 meo,
3167 1376 3218 1421 et
3257 1383 3359 1436 ego

1767 1471 1876 1510 non
1903 1457 2026 1509 misi
2054 1456 2280 1525 eos,qui
2302 1456 2491 1509 dicunt
2517 1474 2530 1508 :
2565 1455 2811 1518 Gladius,
2844 1465 2897 1509 et
2925 1455 3096 1510 fames
3125 1472 3234 1511 non
3255 1459 3358 1510 erit

1767 1557 1934 1611 super
1952 1550 2093 1596 terra
2128 1543 2230 1597 hac
2259 1560 2272 1594 :
2299 1541 2356 1594 In
2393 1552 2568 1596 morte
2596 1543 2934 1597 vehementis
2963 1544 3264 1606 cruciatus,
3289 1546 3356 1610 >ιε

1767 1633 1820 1687 in
1847 1633 2027 1702 gladio
2074 1643 2128 1686 et
2165 1632 2188 1700 ζ
2229 1632 2282 1686 in
2331 1632 2474 1687 fame
2520 1632 2594 1701 (q)
2637 1641 3029 1687 consumentur
3082 1635 3360 1704 prophetae

1771 1726 1839 1791 λ(
1872 1725 1946 1777 illi
1975 1724 2022 1790 ζ,
2053 1725 2135 1778 16.
2163 1734 2215 1778 ct
2245 1725 2498 1793 populus,
2530 1725 2731 1793 quibus
2763 1725 2861 1793 ipsi
2893 1725 3218 1794 prophetarit
3239 1726 3356 1781 eis:

1695 1795 1738 1851 Β
1769 1826 1823 1870 et
1843 1828 2003 1870 erunt
2027 1817 2252 1886 projecti
2283 1816 2335 1868 in
2359 1815 2551 1883 plateis
2576 1813 2875 1870 Jerusalem
2899 1831 2931 1869 a
2959 1815 3096 1870 faeie
3121 1817 3282 1872 famis
3301 1827 3356 1871 ct

1773 1910 1956 1978 gladii,
1980 1917 2035 1963 et
2052 1925 2160 1962 non
2183 1917 2286 1969 est,
2310 1909 2410 1980 qui
2428 1908 2653 1976 sepeliat
2669 1923 2784 1971 eos,
2803 1910 2870 1975 )K
2894 1908 2996 1977 ipsi
3021 1910 3066 1977 ζ,
3086 1917 3140 1963 et
3158 1923 3356 1964 uxores

1771 2017 1984 2064 eorum,
2005 2013 2057 2055 et
2082 2001 2174 2054 filii
2199 2016 2413 2062 eorum,
2446 2009 2499 2053 et
2526 1999 2649 2054 tiliae
2669 2015 2879 2066 eorum,
2911 2009 2965 2055 et
2980 2001 3250 2056 effundam
3271 2018 3358 2058 su-

1772 2107 1868 2161 per
1896 2106 1991 2146 cos
2017 2093 2155 2146 mala
2189 2108 2308 2147 sua.
2338 2089 2424 2144 17.
2453 2089 2516 2143 Ει
2537 2091 2684 2146 dices
2715 2093 2782 2147 ad
2810 2109 2904 2149 eos
2946 2095 3172 2150 verbum
3215 2097 3356 2152 hoc:

1773 2182 2031 2238 Deducite
2065 2187 2134 2237 ab
2159 2185 2226 2254 (r)
2252 2187 2428 2240 oculis
2459 2188 2658 2241 vestris
2697 2186 2950 2242 lacrimas
2977 2197 3134 2243 nocte
3159 2198 3212 2242 et
3245 2190 3354 2254 die,

1771 2287 1826 2327 et
1856 2287 2226 2341 nouccsseut;
2265 2278 2392 2344 quia
2453 2277 2720 2332 fractionc
2745 2295 2941 2348 magna
2974 2280 3144 2334 fracta
3171 2289 3254 2335 est
3284 2284 3354 2350 ﬁt;

1773 2368 1974 2437 virgo:
2013 2367 2121 2421 filia
2158 2369 2342 2438 populi
2404 2370 2530 2433 mei,
2563 2379 2618 2424 et
2650 2371 2806 2439 plaga
2865 2370 3121 2425 dolorosa
3176 2371 3351 2425 valde.

1776 2457 1862 2512 18.
1913 2456 1969 2511 Si
2018 2472 2207 2510 exeam
2244 2458 2296 2511 in
2329 2473 2620 2526 campum,
2664 2467 2718 2512 et
2764 2474 2890 2512 ecce
2931 2460 3098 2514 occisi
3143 2460 3353 2530 gladio:

1773 2558 1827 2604 et
1866 2551 1912 2604 si
1957 2550 2230 2618 ingrediar
2276 2550 2331 2604 in
2365 2551 2582 2613 urbem,
2615 2557 2668 2604 et
2697 2565 2823 2605 ecce
2860 2554 2926 2622 (ιε)
2954 2552 3112 2607 dolor
3155 2551 3354 2612 famis;

1773 2641 1899 2710 quia
1942 2641 2204 2709 propheta
2251 2651 2305 2695 et
2357 2643 2613 2696 sacerdos
2647 2642 2706 2712 (I)
2731 2643 2984 2697 abierunt
3027 2644 3082 2697 iu
3127 2653 3352 2706 terram.

1775 2749 1940 2802 quam
1991 2748 2099 2787 non
2152 2744 2547 2802 cognoverunt.
2597 2734 2682 2789 l9.
2723 2736 2802 2805 (u)
2834 2734 2972 2788 Num
3013 2737 3360 2805 reprobando

1776 2825 2078 2894 reprobasti
2130 2824 2348 2890 ludam,
2387 2835 2442 2881 et
2479 2841 2509 2880 a
2545 2826 2712 2880 Sione
2742 2829 2969 2882 recessit
2997 2829 3182 2882 anima
3226 2830 3358 2883 tua?

1774 2916 1955 2982 Quare
1998 2918 2324 2987 percussisti
2368 2933 2499 2980 nos,
2527 2927 2581 2974 et
2629 2936 2734 2974 non
2777 2930 2861 2975 est
2907 2921 3068 2976 nobis
3109 2921 3357 2976 sanatio?

1774 3009 2223 3078 Exspectavimus
2253 3018 2535 3079 pacem,et
2563 3026 2672 3064 non
2703 3011 2925 3066 fuerunt
2955 3012 3121 3078 bona,
3144 3021 3358 3080 tempus

1776 3097 2098 3162 sanationis,
2117 3106 2171 3151 et
2188 3112 2314 3152 ecce
2333 3098 3082 3170 turbatio.20.Cognovimus,
3100 3101 3358 3165 Domine,

1775 3199 1994 3259 peccata
2040 3199 2263 3257 nostra,
2301 3204 2373 3230 υ·
2398 3199 2453 3246 et
2483 3192 2504 3260 ζ
2536 3193 2850 3262 iniquitates
2895 3203 3111 3263 patrum
3148 3204 3361 3251 nostro-

1773 3298 1931 3347 rum;
1976 3283 2103 3352 quia
2152 3283 2499 3351 peccavimus
2557 3299 2743 3339 coram
2792 3294 2861 3340 te.
2886 3286 2976 3341 21.
3015 3287 3095 3358 (π)
3135 3288 3357 3344 Abstine

1773 3383 1993 3441 propter
2019 3389 2216 3428 nomen
2249 3384 2424 3440 tuum,
2455 3376 2533 3444 (ν)
2557 3391 2621 3430 ue
2645 3377 2837 3445 perdas
2867 3379 3125 3433 thronum
3165 3381 3353 3450 gloria:

1776 3473 1900 3517 tuae.
1939 3465 2248 3519 Recordare
2278 3484 2291 3519 :
2327 3467 2399 3535 (κ)
2427 3482 2494 3519 ne
2527 3466 2740 3519 irritum
2766 3467 2937 3523 facias
2965 3479 3350 3526 testamentum

1774 3565 1952 3621 tuum,
1985 3558 2130 3627 quod
2183 3557 2492 3615 nobiscum.
2515 3558 2605 3611 2-2.
2635 3558 2775 3612 Num
2825 3569 2910 3615 est
2942 3561 2996 3615 in
3028 3562 3186 3619 idolis
3233 3579 3362 3635 gen-

1776 3650 1934 3712 tium,
1973 3649 2066 3718 qui
2096 3649 2282 3718 pluere
2316 3648 2518 3704 faciat?
2544 3649 2608 3705 Et
2642 3651 2686 3704 si
2719 3652 2918 3706 malum
2947 3653 3098 3707 dabit
3131 3656 3358 3710 satieta-

1774 3751 1881 3795 tem
1939 3757 2116 3804 suam,
2167 3756 2348 3796 nonne
2401 3752 2457 3797 tu
2506 3757 2566 3796 es
2613 3745 2680 3811 Χ
2722 3743 2838 3812 ipse
2890 3743 3163 3802 Dominus
3208 3745 3355 3803 Deus

1775 3831 2130 3898 nostcr:?Et
2161 3842 2539 3902 exspectamus
2591 3843 2662 3900 te,
2697 3835 2826 3904 quia
2859 3843 2915 3889 tu
2947 3835 3120 3891 fecisti
3167 3840 3353 3894 omnia

1777 3924 1912 3979 hate.

1847 4016 1980 4085 Cap.
2011 4013 2340 4068 XV.—l.Et
2360 4015 2498 4070 dixit
2519 4015 2781 4072 Dominus
2803 4017 2870 4072 ad
2899 4034 2986 4074 me
3017 4039 3031 4074 :
3056 4019 3114 4074 Si
3142 4023 3353 4077 steterit

1777 4108 1977 4168 Moses,
1998 4117 2050 4160 et
2075 4106 2296 4161 Samuel
2324 4117 2449 4162 ante
2477 4107 2673 4164 faciem
2704 4125 2904 4176 meam,
2933 4126 3040 4165 non
3068 4121 3152 4167 est
3171 4113 3352 4167 anima

1780 4218 1896 4256 mea
1936 4216 1997 4256 ψ
2033 4202 2099 4254 ad
2132 4217 2226 4254 eos
2259 4202 2303 4270 ζ.
2336 4201 2602 4271 Populum
2646 4203 2792 4257 hunc
2820 4203 3007 4258 emitte
3039 4207 3106 4273 >κ
3133 4206 3202 4260 ab
3233 4217 3365 4262 ante

1782 4296 1974 4350 faciem
2012 4311 2186 4349 meam
2223 4296 2246 4362 ζ
2280 4303 2333 4348 et
2355 4304 2572 4349 exeant.
2600 4295 2655 4349 2.
2699 4295 2763 4348 Et
2792 4296 2917 4361 erit,
2950 4297 2996 4352 si
3034 4297 3269 4353 dixerint
3293 4300 3364 4353 ad

1783 4399 1833 4443 te
1867 4409 1880 4443 :
1909 4391 2028 4455 Quo
2049 4389 2432 4459 egrediemur?
2461 4389 2625 4443 etiam
2657 4389 2806 4444 dices
2835 4390 2901 4443 ad
2938 4405 3034 4445 eos
3069 4408 3082 4444 ε
3121 4389 3246 4446 Haec
3275 4393 3359 4445 di-

72 4479 314 4541 peccata
342 4483 531 4522 eorum
570 4469 620 4537 ζ.
666 4468 749 4521 ll.
788 4467 853 4521 Et
885 4467 1022 4521 dixit
1054 4467 1316 4521 Dominus
1347 4470 1411 4522 ad
1447 4485 1570 4524 me:
1599 4467 1676 4524 Ne
1707 4469 1760 4529 ι)
1782 4483 1855 4535 cii
1889 4480 2150 4534 Dominus
2185 4501 2195 4534 ;
2227 4479 2332 4543 Qui
2374 4479 2440 4533 ad
2482 4489 2738 4544 mortem,
2771 4481 2836 4534 ad
2879 4491 3135 4547 mortem,
3184 4490 3238 4537 et
3271 4485 3363 4552 qui

72 4577 211 4616 ores
252 4575 356 4630 pro
394 4561 596 4629 populo
653 4559 755 4613 hoc
794 4559 849 4612 in
887 4559 1087 4612 bonum
1125 4577 1137 4612 :
1182 4559 1270 4611 12.
1308 4561 1590 4628 quoniam,
1626 4562 1672 4614 si

67 4653 480 4723 jejunaveriut.
523 4667 629 4705 non
655 4652 942 4706 exaudiam
981 4649 1285 4703 orationem
1315 4665 1526 4714 eorum,
1552 4661 1603 4706 et
1631 4654 1676 4706 si

74 4743 395 4800 obtulerint
421 4743 760 4807 holocausta,
795 4751 849 4796 et
883 4740 978 4811 (m)
1003 4741 1358 4808 sacrificium,
1400 4757 1507 4796 non
1541 4744 1675 4799 mihi

73 4835 448 4906 complacebo
479 4836 534 4889 in
560 4836 671 4900 eis;
708 4834 837 4903 quia
866 4833 919 4886 in
949 4833 1149 4896 gladio,
1173 4842 1229 4888 et
1260 4835 1313 4887 in
1349 4834 1514 4900 fame,
1547 4845 1602 4890 et
1624 4838 1678 4894 in

150 5087 238 5157 (ρ)
279 5085 373 5150 Α.,
396 5082 483 5148 8.,
515 5082 748 5138 fimbriae
769 5083 1488 5157 tute_,7pollutisuuttalitui.

73 5153 370 5212 tiieiiSura:
394 5163 500 5207 tua:
531 5169 559 5206 a
583 5170 689 5207 me.
769 5157 834 5223 (ι)
863 5153 1034 5207 Sicut.

75 5230 244 5280 natio
271 5224 654 5278 fornicationis
687 5233 810 5278 tute.
886 5223 962 5292 (y)
989 5227 1078 5285 A.,

77 5296 164 5362 8.,
202 5295 554 5349 ceciderunt.
631 5294 707 5362 (a)
737 5295 828 5353 Α..
875 5301 929 5346 et
961 5296 1192 5362 maximi
1236 5311 1425 5350 eorum
1474 5297 1744 5351 miserunt
1787 5298 2048 5350 minores.

1783 4572 1850 4626 ad
1882 4571 2144 4642 gladium,
2200 4569 2267 4623 ad
2309 4569 2573 4639 gladium,
2607 4577 2664 4624 et
2697 4569 2792 4639 qui
2825 4570 2891 4624 ad
2926 4569 3146 4635 famem,
3178 4571 3245 4624 ad
3279 4572 3363 4623 fa-

1786 4678 1950 4726 mem,
1980 4668 2035 4714 et
2059 4660 2151 4730 qui
2184 4659 2252 4713 ad
2284 4657 2676 4727 captivitatem,
2705 4658 2772 4711 ad
2801 4658 3195 4727 captivitatem.
3217 4660 3270 4713 '5.
3299 4659 3364 4714 Et

1785 4753 2026 4808 ulciscar
2058 4767 2220 4820 super
2251 4765 2346 4806 eos
2384 4759 2620 4820 quatuor
2655 4749 2883 4820 species,
2916 4751 3048 4806 dicit
3077 4750 3364 4817 Dominus,

1784 4845 2024 4915 gladium
2060 4844 2127 4898 ad
2179 4842 2600 4914 jugulationem,
2636 4849 2692 4896 et
2719 4855 2887 4897 canes
2917 4842 2986 4896 ad
3016 4842 3367 4898 dilaceratio-

1559 5087 1634 5156 (q)
1661 5087 1749 5150 Α.,
1769 5085 1852 5152 8.,
1869 5094 1922 5140 et
1943 5085 2250 5156 dispergam
2269 5083 2524 5156 eosvelut
2544 5082 2820 5156 stipulam.
2879 5082 2948 5153 (r)
2975 5081 3111 5156 Vos.
3183 5084 3251 5154 (ε)
3270 5085 3365 5152 Α.,

1114 5156 1194 5223 (u)
1226 5156 1315 5221 Α.,
1348 5154 1428 5221 8.,
1456 5153 1704 5210 fimbrias
1725 5167 1866 5211 tuas.
1946 5153 2129 5225 (τμη

1854 5195 1866 5207 .
1946 5153 2416 5225 (ω)“Α.,“οοεὶιθιίο
2435 5153 2811 5225 fornicationis
2836 5162 2982 5225 tute,
3036 5153 3120 5217 8.,
3154 5153 3362 5209 abOmi-

1135 5241 1239 5279 non
1268 5228 1413 5280 enim
1453 5235 1502 5280 te
1526 5227 1800 5281 niundastt
1830 5235 1954 5294 post
1988 5241 2074 5279 me
2113 5240 2356 5294 unquam
2393 5225 2591 5280 adhuc.

2668 5224 2740 5348 ξ)
2776 5225 2866 5288 Α.,
2897 5223 3183 5279 infirmata;
3209 5235 3362 5286 sunt.

2715 5308 2850 5348 utter
2897 5294 3087 5348 colles.
3165 5295 3241 5348 (di
3274 5293 3362 5348 8..

2127 5291 2223 5375 (b)_'
2252 5293 2480 5376 Eorum.
2556 5291 2630 5364 (ο)
2671 5291 2850 5376 Stiper
2897 5294 3087 5376 c‘olles.
3165 5295 3241 5376 (μ)
3274 5293 3364 5359 8.,

2692 5224 2740 5294 κ)

74 5375 318 5435 propter
349 5373 548 5416 terram
575 5361 699 5416 victi
725 5374 872 5417 sunt.
949 5361 1121 5433 (e)S.,
1159 5376 1300 5419 recte
1340 5367 1404 5419 ad
1437 5366 1821 5420 attrahendum
1869 5375 2088 5419 ventum
2112 5361 2314 5435 ,Ls'icut
2366 5361 2619 5418 sirenes.
2674 5361 2867 5435 (0].,
2903 5362 2987 5429 8.,
3021 5361 3360 5435 θνωεὶῥηεε.

75 5438 152 5504 (g)
187 5435 284 5497 8..
319 5436 656 5504 exspectatio
693 5435 924 5488 Israelis.

564 5503 658 5572 (m)
683 5504 772 5564 .4.,
805 5503 1158 5557 oblationem.
1198 5505 1359 5558 Hebr.
1392 5503 1617 5560 munus.

504 5575 579 5642 (p)
628 5578 716 5637 A.,
751 5575 1025 5628 delirium.
1067 5573 1152 5640 8.,
1181 5577 1411 5630 vanitas.

79 5649 146 5714 (r)
191 5644 282 5709 8.,
319 5644 710 5714 circuiverunt.

76 5507 343 5559 titinittas
362 5521 484 5557 nos.

77 5587 404 5628 veritatem.

1003 5435 1078 5504 (η)
1109 5437 1200 5499 Α.,
1237 5435 1356 5500 Th.,
1388 5437 1742 5504 proficiscens
1775 5438 1826 5489 in
1853 5437 1960 5488 via.

1695 5506 1772 5588 (nl
1805 5506 1968 5588 llehr.
1997 5498 2138 5588 abab
2168 5498 2443 5588 Domine."
2487 5503 2578 5584 8.,.

825 5575 1025 5628 lirium.
1067 5575 1152 5640 8.,
1181 5577 1411 5630 vanitas.
1526 5579 1600 5646 (q)
1641 5575 1959 5630 morientur.
2067 5575 2129 5645 (τ’

825 5645 901 5713 (u)
941 5646 1035 5716 A_.,
1062 5655 1192 5698 num
1223 5645 1490 5713 ejiciendo
1530 5647 1738 5716 ejecisti
1777 5645 1996 5699 Judam.
2111 5613 2129 5714 ί

1855 5587 1959 5629 tur.
2067 5575 2138 5714 (r2
2177 5575 2266 5637 Α..
2301 5575 2446 5630 oculi
2477 5575 2604 5629 mei.

1850 5647 1996 5698 dam.
2132 5645 2192 5716 ac)
2231 5645 2320 5716 Α.,
2364 5660 2433 5703 ne
2481 5653 2604 5715 prot

2040 5433 2400 5505 (i)S.‘,quare
2427 5435 2598 5505 fuisti.
2678 5433 2901 5504 (It)Aut.
2981 5434 3361 5505 (l)A.,S_.,ne

2487 5503 2570 5569 8.,
2605 5518 2660 5570 o,
2689 5503 2936 5558 Demine.
3017 5505 3092 5574 (ο)
3121 5508 3184 5557 Α.
3207 5503 3367 5566 S.,et

2703 5574 2772 5644 (δ)
2812 5576 2906 5644 A_.,
2940 5574 3142 5629 inﬁrmi
3193 5574 3362 5644 fame.

2132 5645 2192 5716 rc)
2231 5645 2320 5716 4.,
2364 5660 2433 5703 ne
2481 5642 2790 5715 protrahas.
2833 5642 2918 5712 8.,
2965 5659 3035 5700 ne
3084 5643 3362 5700 irascaris.

75 5711 159 5788 ω)
208 5718 306 5781 Α.,
336 5711 420 5778 8.,
451 5729 517 5769 ne
548 5711 893 5770 contemnas.
971 5713 1046 5782 (ι)
1090 5716 1179 5781 Α.,
1206 5711 1272 5770 ne
1300 5716 1514 5771 irritum
1549 5711 1718 5771 facias
1741 5726 1958 5786 pactum
1990 5711 2129 5770 tuurr

1847 5726 1958 5770 tum
1990 5711 2167 5770 tuum.
