3834 6224
468 291 612 349 9337

1638 292 1861 350 (iODEX
1916 293 2587 351 SYRO-HE‘XAPLARIS.

3595 294 3739 350 2328

472 425 620 474 nem,
669 419 725 463 et
771 409 1023 464 volucres
1071 408 1217 472 caeli,
1246 419 1302 463 et
1329 409 1533 465 bestias
1560 425 1718 465 terra:
1746 412 1812 465 ad
1844 411 2049 474 cibum,
2083 417 2125 473 Α
2159 411 2405 467 Seorsim
2447 411 2725 477 sedebam,
2768 409 2895 480 quia
2951 409 3022 481 (δ)
3080 409 3445 464 amaritudine
3498 411 3741 480 repletus

472 509 529 554 et
562 499 630 554 ad
660 500 1092 570 corruptionem.
1120 500 1173 554 4.
1212 497 1279 554 Ει
1308 502 1519 555 tradam
1553 515 1648 556 eos
1691 502 1768 569 (α)
1793 501 1851 554 iu
1879 516 2057 571 angu-

471 592 612 647 stias
645 592 904 646 omnibus
938 590 1123 661 regnis
1160 601 1318 646 terra;
1370 600 1592 661 propter
1640 591 1945 647 Manassem
1989 593 2055 646 ti-

471 680 608 735 lium
645 679 888 736 Hezecia:
921 694 1101 747 regem
1134 678 1309 745 Judaz,
1349 694 1447 748 pro
1474 680 1751 740 omnibus,
1779 696 1901 750 quae
1930 680 2059 735 fecit

474 772 532 825 in
566 770 896 826 Jerusalem.
940 771 994 825 5.
1021 769 1155 835 Quis
1191 779 1374 839 parcet
1403 785 1567 838 super
1609 779 1680 835 te,
1707 768 2057 824 Jerusalem?

472 871 529 916 et
579 863 704 932 quis
752 861 1167 915 contristabitur
1202 876 1365 929 super
1400 861 1483 913 te?
1533 870 1627 915 aut
1664 862 1788 931 quis
1820 872 2057 915 revisrte—

474 961 584 1017 tur,
640 956 705 1019 >κ
763 952 1122 1021 interrogabit
1170 952 1191 1020 1
1229 952 1282 1005 in
1317 967 1504 1022 pacem
1537 954 1727 1006 tuam?
1761 954 1814 1007 6.
1846 955 1927 1007 Tu
1971 955 2054 1007 itt-

469 1045 694 1113 dignata
739 1060 798 1099 es
831 1059 939 1110 me,
972 1044 1106 1098 dicit
1137 1043 1401 1098 Dominus
1439 1063 1452 1096 :
1489 1053 1789 1100 retrorsum
1826 1046 1948 1101 ibis.
1988 1045 2055 1100 Et

470 1139 759 1194 extendam
803 1152 1026 1191 manum
1074 1152 1250 1191 meam
1285 1152 1450 1206 super
1476 1147 1547 1203 te,
1601 1146 1655 1192 Ει
1703 1152 2051 1207 corrumpam

475 1240 546 1294 te,
586 1229 661 1300 (b)
712 1238 769 1285 et
795 1243 903 1283 non
949 1229 1186 1299 amplius
1216 1229 1492 1285 dimittam
1526 1245 1662 1286 eos:
1699 1231 1749 1285 7.
1787 1232 1857 1301 (c)
1893 1241 1947 1287 ct
1971 1232 2054 1287 di-

471 1336 724 1392 spergam
779 1336 876 1376 eos
924 1320 977 1374 in
1036 1320 1399 1389 dispersione,
1454 1322 1508 1375 in
1545 1324 1718 1392 portis
1753 1324 1831 1395 (ά)
1866 1324 2051 1394 populi

474 1416 580 1471 mei
638 1416 805 1485 stirpe
862 1415 1061 1471 succisi
1123 1425 1253 1469 sunt
1310 1432 1322 1469 :
1375 1416 1731 1486 perdiderunt
1788 1417 2048 1486 pepulum

473 1523 657 1563 meum
695 1509 765 1576 (θ)
797 1518 1017 1579 propter
1055 1510 1290 1563 malitias
1315 1524 1465 1571 suas,
1515 1510 1580 1576 Χ
1621 1517 1676 1562 et
1700 1524 1808 1563 non
1845 1509 2049 1565 reversi

471 1609 602 1653 sunt
630 1599 652 1666 1
682 1617 695 1653 :
730 1601 784 1653 8.
821 1598 1191 1668 multiplicatae
1225 1607 1353 1652 sunt
1387 1601 1453 1666 >κ
1494 1615 1657 1667 super
1693 1594 1778 1653 ine
1813 1599 1834 1665 1
1875 1598 2051 1653 viduae

469 1705 659 1743 eorum
686 1690 807 1759 plus
834 1704 998 1759 quam
1029 1705 1189 1743 arena
1218 1690 1386 1744 maris
1419 1707 1431 1741 :
1467 1687 1653 1741 induxi
1682 1692 1749 1757 Ξ(
1777 1690 1857 1742 eis
1898 1690 1919 1758 1
1953 1704 2048 1742 su-

2159 520 2302 558 sum.
2359 502 2442 557 18.
2475 502 2540 570 (t)
2576 501 2758 568 Quare
2801 501 2895 571 qui
2946 501 3194 569 allligunt
3244 517 3351 565 me,
3397 502 3742 556 invalescunt

2158 609 2323 663 super
2364 594 2492 648 me?
2545 592 2710 664 Plaga
2759 609 2881 647 mea
2909 594 3047 648 dura
3088 615 3099 647 :
3142 594 3285 648 unde
3306 593 3584 648 sanabor?
3611 594 3739 648 dum

2158 685 2240 747 ﬁt,
2276 685 2415 739 facta
2458 685 2593 739 mihi
2632 693 2737 751 est,
2783 692 2842 738 ut
2880 700 3019 752 aqua
3060 686 3315 748 mendax,
3369 686 3457 740 cui
3505 700 3619 739 non
3662 691 3745 739 est

2157 778 2317 833 fides.
2369 778 2456 832 19.
2498 776 2726 846 Propter
2767 777 2871 832 hoc
2918 777 3035 831 haec
3078 777 3211 831 dicit
3245 777 3513 831 Dominus
3548 794 3563 830 :
3599 775 3658 830 Si
3695 785 3746 829 te

2157 877 2471 933 convertas,
2505 878 2558 923 et
2601 868 2885 922 restituam
2924 877 3000 932 te,
3026 876 3153 922 ante
3175 866 3369 921 faciem
3416 883 3600 921 meam
3635 876 3747 921 sta-

2156 959 2261 1013 bis.
2304 958 2368 1013 Et
2415 960 2459 1014 si
2497 960 2698 1014 educas
2746 959 3044 1029 pretiosum
3105 958 3183 1029 (u)
3231 956 3300 1012 ab
3355 973 3443 1020 eo,
3491 958 3590 1027 qui
3635 973 3745 1011 non

2155 1050 2350 1119 dignus
2381 1058 2486 1113 est,
2512 1050 2673 1120 quasi
2707 1064 2770 1103 os
2801 1065 2981 1103 meum
3012 1050 3146 1103 eris.
3171 1048 3238 1102 Et
3272 1057 3617 1103 revertentur
3643 1047 3746 1117 ipsi

2156 1141 2222 1195 ad
2256 1152 2329 1205 to,
2363 1152 2417 1196 et
2443 1152 2498 1196 tu
2532 1156 2642 1195 non
2675 1142 2967 1197 reverteris
3008 1141 3075 1195 ad
3117 1154 3232 1196 eos.
3265 1134 3355 1195 ΞΟ.
3412 1139 3481 1194 Ει
3510 1141 3659 1195 dabo
3695 1149 3746 1193 te

2154 1231 2357 1299 popqu
2392 1230 2536 1294 huic,
2579 1240 2637 1285 ut
2684 1246 2900 1285 murum
2936 1231 3063 1286 teris
3106 1233 3399 1294 munitum,
3455 1240 3513 1286 et
3569 1231 3744 1286 bella-

2156 1322 2290 1376 bunt
2312 1323 2574 1376 adversus
2610 1333 2679 1389 te,
2716 1330 2772 1378 et
2797 1338 2906 1377 non
2938 1322 3197 1393 p'oterunt
3225 1323 3490 1378 adversus
3519 1324 3745 1393 te,quia

2157 1423 2336 1467 tecum
2363 1431 2484 1468 sum
2521 1413 2587 1468 ad
2622 1415 2945 1469 salvanzlum
2978 1423 3053 1479 te,
3080 1415 3173 1469 2L
3208 1425 3263 1468 et
3289 1415 3357 1469 ad
3386 1415 3743 1484 eripiendum

2156 1515 2228 1569 te,
2263 1510 2328 1574 χ(
2364 1507 2496 1561 dicit
2523 1507 2809 1570 Dominus,
2832 1516 2887 1560 et
2916 1506 3148 1576 eripiam
3185 1516 3239 1559 te
3276 1507 3387 1576 1e:
3420 1520 3592 1560 manu
3625 1520 3745 1560 ma-

2154 1600 2355 1662 lorum,
2391 1604 2458 1668 >ε<
2491 1611 2543 1654 et
2578 1600 2846 1654 redimam
2875 1606 2927 1654 te
2961 1597 2984 1667 1
3021 1613 3089 1654 ex
3118 1614 3284 1653 manu
3326 1598 3405 1667 (κ)
3445 1605 3744 1668 corrupto-

2168 1709 2177 1720 1

2152 1709 2294 1745 111111.

467 1797 563 1849 per
593 1750 817 1835 matrem
851 1750 1296 1836 adolescentium
1346 1780 1415 1849 (f)
1471 1750 1750 1835 miseriam
1795 1782 1847 1835 in
1884 1750 2046 1837 meri-
2079 1750 2122 1805 B
2221 1783 2353 1852 Cap.
2389 1781 2527 1835 XVI.
2561 1782 2692 1840 -1,
2734 1782 2873 1837 Dicit
2907 1781 3168 1836 Dominus
3194 1780 3335 1837 Deus
3359 1780 3578 1837 lsraelis
3609 1803 3621 1834 :
3662 1779 3741 1850 (ῃ)

465 1872 554 1926 die
594 1890 606 1925 :
642 1872 801 1941 injeci
830 1888 995 1942 super
1031 1888 1151 1927 eam
1204 1882 1425 1942 repente
1461 1874 1533 1942 (g)
1567 1882 1857 1928 tremorem
1886 1884 1939 1928 et
1968 1874 2047 1929 fe-

467 1965 840 2020 stinationem.
868 1965 922 2019 9.
950 1962 1134 2019 Vacua
1164 1964 1303 2020 facta
1339 1973 1443 2030 est,
1475 1981 1597 2034 qua:
1631 1967 1773 2034 parit
1802 1978 2042 2035 septem:

467 2058 781 2127 perturbata
831 2068 916 2111 est
967 2057 1146 2111 anima
1182 2058 1303 2127 ejus
1352 2078 1367 2112 :
1409 2058 1609 2113 occidit
1658 2059 1740 2114 sol
1784 2060 1855 2125 ei,
1918 2075 2046 2115 cum

465 2143 645 2198 adhuc
669 2143 881 2199 medius
910 2144 1065 2209 dies;
1093 2145 1335 2207 erubuit.
1358 2155 1410 2201 et
1439 2147 1699 2216 probrum
1732 2163 1895 2219 passa
1918 2158 2042 2207 est:

464 2234 712 2303 reliquos
741 2249 932 2289 eorum
980 2235 1032 2289 in
1076 2236 1314 2306 gladium
1367 2238 1511 2293 dabo
1560 2254 1747 2294 coram
1804 2242 2046 2299 inimicis

464 2339 679 2387 eorum,
730 2324 866 2379 dicit
916 2324 1203 2380 Dominus.
1261 2325 1349 2385 10.
1415 2313 1505 2383 Vat
1548 2328 1682 2383 mihi
1718 2345 1842 2400 ego,
1873 2343 2046 2387 mater

465 2429 610 2479 mea,
639 2414 858 2483 qualem
896 2416 1129 2484 genuisti
1164 2431 1247 2471 me
1281 2416 1456 2471 virum
1480 2418 1557 2488 (It)
1586 2418 1945 2488 iudicantem,
1977 2426 2044 2492 ῖς(

461 2513 520 2558 et
564 2506 790 2571 virum1
827 2508 890 2576 (ἕ)
916 2507 1184 2562 dicentem
1216 2507 1483 2577 judicium
1530 2513 1681 2565 oumi
1733 2513 1936 2568 terrae?
1969 2514 2040 2586 (It)

462 2595 581 2650 Non
645 2598 847 2662 profui,
898 2609 950 2652 et
985 2613 1092 2652 non
1140 2599 1343 2668 profuit
1392 2601 1526 2655 mihi
1581 2618 1682 2658 nec
1725 2604 2039 2674 quisquam.

464 2688 529 2759 (1)
563 2689 746 2743 Robur
776 2708 952 2745 meum
982 2692 1179 2746 defecit
1210 2691 1262 2745 in
1291 2692 1379 2759 iis,
1408 2694 1501 2763 qui
1531 2695 1862 2750 maledicunt
1886 2698 2040 2751 mibi.

464 2782 554 2834 11.
596 2781 735 2846 Fiat,
789 2782 1038 2848 Domine,
1068 2800 1193 2838 cum
1225 2784 1323 2854 (ιη)
1355 2784 1455 2854 ipsi
1491 2801 1749 2856 prospere
1780 2801 1945 2858 agunt
1974 2793 2041 2856 Ἀ(

465 2872 521 2925 iu
554 2874 756 2926 bonum
786 2874 834 2941 1.
860 2872 914 2925 Si
953 2889 1059 2928 non
1098 2875 1223 2929 steti
1256 2890 1442 2930 coram
1486 2885 1538 2929 te
1569 2875 1620 2930 in
1651 2886 1895 2947 tempore
1926 2894 2043 2933 ma-

465 2966 643 3020 lorum
679 2980 893 3029 eorum,
955 2974 1011 3019 et
1059 2966 1112 3020 in
1151 2975 1395 3036 tempore
1417 2968 1729 3024 atlliotionis
1761 2984 1826 3025 -t—
1849 2986 2039 3027 eorum

2149 1874 2215 1928 Et
2244 1884 2298 1928 tu
2339 1878 2405 1944 λξ(
2438 1890 2506 1929 ne
2537 1875 2722 1943 capias
2752 1874 2845 1928 tibi
2875 1889 3123 1939 uxorem,
3153 1874 3208 1927 2.
3233 1882 3288 1929 et
3329 1874 3351 1941 1
3390 1889 3501 1927 non
3541 1873 3742 1943 gigne-

2151 1976 2239 2021 tur
2266 1967 2361 2020 tibi
2395 1966 2561 2032 tilius,
2595 1981 2772 2035 neque
2799 1965 2905 2020 filia
2944 1965 2998 2020 in
3036 1966 3158 2019 loco
3190 1964 3315 2018 hoc.
3352 1966 3407 2019 5.
3442 1962 3585 2030 Quia
3623 1963 3742 2018 Inec

2148 2059 2281 2114 dicit
2311 2057 2579 2113 Dominus
2604 2059 2671 2113 de
2694 2059 2820 2114 filiis
2848 2067 2903 2112 et
2937 2057 3175 2121 filiabus,
3212 2056 3305 2127 qui
3334 2065 3653 2111 nascuntur
3683 2057 3739 2109 in

2148 2149 2270 2204 loco
2300 2149 2427 2213 boc,
2456 2158 2509 2204 et
2545 2150 2613 2205 de
2650 2149 2919 2203 matribus
2962 2163 3177 2213 eormn,
3228 2164 3352 2217 quae
3397 2155 3741 2217 pepererunt

2149 2256 2266 2304 cos,
2302 2249 2355 2294 et
2395 2241 2463 2295 de
2510 2241 2757 2309 patribus
2787 2255 3001 2305 eorum,
3048 2240 3142 2309 qui
3190 2247 3500 2309 genuerunt
3546 2252 3647 2292 eos
3682 2238 3737 2291 iri

2149 2341 2293 2386 terra
2324 2331 2424 2386 hac
2456 2350 2469 2385 :
2508 2331 2564 2387 4.
2608 2331 2663 2385 In
2713 2338 2888 2385 morte
2929 2330 3265 2385 vehementis
3297 2328 3579 2383 cruciatus
3616 2344 3737 2381 mo-

2151 2423 2359 2477 rientur
2410 2441 2423 2476 :
2482 2438 2589 2477 non
2644 2422 2991 2491 plangentur,
3040 2435 3218 2490 neque
3249 2419 3586 2490 sepelientur
3625 2436 3642 2472 :
3679 2419 3735 2473 in

2151 2514 2442 2568 ludibrium
2475 2529 2640 2581 super
2684 2512 2825 2567 facie
2868 2519 3220 2567 terrtelerunt
3267 2527 3281 2563 :
3317 2510 3370 2564 in
3408 2509 3593 2579 gladio
3642 2524 3737 2563 ca-

2147 2596 2296 2670 dent,
2332 2616 2387 2660 et
2416 2606 2470 2660 in
2515 2604 2658 2659 fame
2691 2612 3089 2658 consumeutur
3122 2619 3135 2656 :
3164 2610 3219 2656 et
3260 2609 3423 2655 erunt
3459 2601 3734 2655 cadavera

2147 2713 2337 2751 eorum
2373 2697 2425 2750 in
2453 2697 2636 2750 cibum
2668 2696 2984 2750 volucribus
3027 2694 3174 2757 cteli,
3203 2701 3257 2747 et
3285 2692 3361 2764 (ι)
3395 2692 3593 2747 bestiis
3625 2702 3736 2747 ter-

2148 2803 2241 2841 rm.
2271 2787 2323 2841 5.
2352 2790 2429 2855 (α)
2465 2786 2589 2840 llaec
2610 2786 2741 2839 dicit
2768 2784 3031 2839 Dominus
3060 2803 3074 2839 :
3109 2783 3190 2839 Ne
3218 2783 3546 2854 ingrediaris
3573 2783 3654 2853 (ὁ)
3678 2782 3732 2836 in

2147 2887 2381 2933 turmam
2410 2893 2622 2942 eorum,
2654 2893 2832 2947 neque
2853 2877 3017 2932 abeas
3042 2877 3107 2931 ad
3130 2876 3519 2947 plangendum,
3551 2889 3734 2944 neque

2147 2972 2331 3040 lugeas
2366 2984 2463 3024 eos
2501 2988 2513 3023 :
2552 2969 2679 3038 quia
2725 2968 2933 3022 removi
2965 2983 3151 3037 pacem
3205 2982 3382 3023 meam
3444 2982 3479 3021 a
3523 2967 3734 3036 populo

464 3057 521 3111 in
556 3057 747 3125 bona1
781 3057 1043 3111 adversus
1069 3057 1374 3112 inimicum.
1411 3059 1497 3111 Η.
1539 3059 1617 3129 (n)
1647 3059 1704 3114 Si
1738 3076 2034 3132 cognosce-
2064 3079 2108 3138 ο
2147 3064 2249 3118 hoc
2303 3062 2410 3117 hoc
2469 3061 2555 3131 (‘),
2620 3061 2754 3115 dicit
2817 3058 3105 3123 Dominus,
3156 3062 3225 3127 χ(
3262 3059 3731 3126 misericordiam,

463 3148 650 3218 tur(o)
681 3146 908 3213 ferrum,
938 3156 992 3203 et
1018 3150 1416 3218 operimentum
1452 3154 1576 3207 teris
1627 3152 1797 3207 robur
1845 3156 2038 3211 tuum?

468 3238 556 3292 15.
592 3237 659 3292 Ει
697 3238 985 3293 thesauros
1031 3246 1153 3292 tuos
1196 3238 1249 3292 in
1285 3239 1647 3309 direptionem
1682 3242 1847 3305 dabo,
1884 3258 2038 3298 com-

463 3330 821 3385 mutationem
849 3338 1070 3399 propter
1092 3331 1271 3384 omnia
1301 3339 1521 3400 peccata
1544 3340 1658 3395 tua.
1684 3341 1739 3387 et
1770 3334 1824 3386 in
1854 3334 2035 3388 omni-

462 3421 567 3476 bus
596 3420 843 3475 terminis
871 3420 998 3475 tuis.
1051 3420 1137 3475 14.
1192 3420 1257 3475 Ει
1310 3423 1515 3477 servire
1560 3432 1614 3478 te
1663 3421 1860 3478 faciam
1896 3425 2039 3480 inter

463 3512 718 3567 inimicos
753 3520 899 3578 tuos,
955 3510 1011 3565 in
1064 3520 1232 3576 terra,
1266 3528 1430 3583 quam
1473 3529 1580 3568 non
1635 3515 1831 3570 novisti
1864 3535 1877 3570 :
1908 3519 2036 3586 quia

460 3603 604 3671 ignis
641 3618 907 3657 accensus
957 3617 1020 3656 ex
1076 3602 1261 3657 furore
1296 3619 1437 3669 meo,
1474 3619 1637 3674 super
1679 3621 1778 3661 vos
1803 3607 2033 3661 ardebit.

464 3696 552 3750 15.
586 3698 654 3763 )t(
686 3694 765 3748 Tu
793 3695 1012 3759 novisti,
1047 3692 1275 3749 Domine
1304 3695 1326 3762 1
1361 3713 1373 3749 :
1408 3698 1699 3751 recordare
1728 3698 1854 3760 mei,
1885 3707 1940 3752 et
1964 3700 2040 3751 vi-

462 3788 565 3840 sita
602 3802 708 3853 me,
736 3786 813 3857 (ρ)
869 3793 924 3841 et
970 3786 1248 3856 impunem
1299 3787 1511 3842 dimitte
1555 3803 1642 3843 me
1674 3789 1744 3843 ab
1775 3790 1883 3853 bis,
1940 3792 2035 3859 qui

461 3884 868 3947 persequuntur
894 3891 981 3931 me
1015 3896 1027 3931 :
1065 3893 1171 3932 nou
1210 3879 1261 3931 in
1288 3878 1756 3950 longanimitatem
1788 3882 1853 3945 Ἀ(
1890 3890 2032 3936 tuam

458 3970 731 4039 suscipias
766 3984 853 4025 me
883 3971 930 4040 1.
983 3972 1153 4035 Scito,
1208 3969 1353 4041 quod
1387 3970 1572 4041 accepi
1608 3986 1707 4041 pro
1737 3980 1790 4026 te
1835 3988 2035 4043 Oppro-

459 4062 640 4116 brium
698 4061 786 4117 16.
837 4063 905 4118 ab
952 4063 1060 4127 his,
1088 4062 1163 4133 (q)
1191 4063 1285 4133 qui
1317 4062 1658 4133 praevaricati
1686 4072 1815 4117 sunt
1846 4064 1898 4117 iu
1927 4080 2036 4117 scr-

459 4167 652 4208 mones
679 4163 803 4209 tuos
836 4172 850 4208 :
886 4169 1208 4209 consumma
1238 4169 1353 4209 eos.
1394 4153 1461 4208 Et
1498 4155 1604 4210 erit
1629 4155 1853 4210 verbum
1881 4168 2032 4209 tuum

460 4243 594 4297 mibi
626 4244 679 4295 in
708 4243 991 4313 gaudium,
1043 4252 1098 4298 et
1140 4244 1194 4298 in
1230 4244 1473 4299 laetitiam
1509 4245 1691 4299 cordis
1722 4244 1867 4310 mei;
1907 4245 2032 4315 quia

458 4334 774 4388 invocatum
804 4343 888 4389 est
922 4350 1116 4390 nomen
1147 4343 1297 4389 tuum
1339 4350 1504 4405 super
1551 4351 1657 4400 me,
1710 4334 1935 4391 Domine
1965 4339 2032 4405 3a:

2139 3164 2195 3209 et
2265 3153 2798 3209 commiserationem
2857 3171 2870 3207 :
2944 3150 2999 3206 6.
3066 3160 3120 3206 et
3186 3152 3492 3207 morientur
3562 3167 3733 3221 gran-

2138 3244 2235 3298 des
2287 3251 2343 3298 et
2395 3243 2546 3311 parvi
2599 3242 2651 3295 in
2714 3253 2856 3297 terra
2919 3240 3040 3303 hac,
3104 3255 3213 3294 non
3277 3239 3614 3310 sepelientur
3664 3239 3730 3305 1,

2138 3349 2316 3404 neque
2373 3335 2630 3404 plangeut
2691 3349 2855 3402 super
2916 3332 3018 3398 eis,
3085 3346 3265 3401 neque
3320 3330 3524 3385 facient
3593 3331 3735 3384 inei-

2137 3439 2337 3487 suras,
2396 3439 2573 3494 neque
2642 3423 2713 3495 (c)
2776 3424 3004 3487 radent,
3062 3424 3131 3491 )K
3201 3436 3383 3492 neque
3444 3422 3733 3476 debebunt

2137 3529 2255 3579 eos,
2298 3528 2404 3568 non
2465 3513 2800 3582 sepelientur
2832 3512 2893 3579 1,
2927 3511 2981 3566 7.
3021 3526 3199 3579 neque
3241 3509 3524 3581 frangetur
3566 3512 3733 3580 panis

2138 3604 2191 3658 in
2248 3604 2398 3659 luctu
2439 3619 2628 3658 eorum
2671 3604 2724 3657 in
2772 3604 3206 3658 consolationem
3251 3617 3416 3672 super
3458 3612 3727 3657 mortuo:

2138 3711 2245 3748 non
2282 3694 2546 3764 putabunt
2578 3709 2705 3749 cum
2739 3694 2910 3749 calice
2942 3695 3343 3749 consolationis
3374 3709 3538 3763 super
3566 3703 3731 3763 patre

2136 3788 2277 3857 ejus,
2307 3796 2363 3841 et
2399 3794 2573 3840 matre
2603 3786 2744 3855 ejus.
2779 3785 2833 3840 8.
2867 3786 2927 3840 ln
2958 3787 3184 3840 domum
3214 3784 3454 3841 convivii
3489 3799 3601 3837 non
3635 3784 3728 3837 in-

2137 3876 2428 3948 gredieris,
2453 3884 2512 3930 ut
2541 3877 2734 3931 sedeas
2760 3890 2885 3931 cum
2920 3877 3003 3930 eis
3039 3877 3106 3930 ad
3144 3875 3437 3938 edendum,
3463 3884 3517 3929 et
3545 3875 3615 3927 ad
3648 3874 3732 3929 bi-

2137 3970 2395 4024 bendum.
2430 3967 2484 4023 9.
2519 3967 2660 4034 Quia
2693 3967 2809 4023 haec
2836 3967 2968 4022 dicit
3000 3966 3265 4022 Dominus
3286 3967 3552 4021 virtutum
3580 3966 3729 4022 Deus

2136 4059 2353 4116 lsraelis
2386 4078 2399 4113 :
2431 4057 2568 4113 Ecce
2588 4072 2689 4129 ego
2721 4059 2932 4113 irritam
2969 4058 3114 4113 facio
3144 4059 3360 4114 deloco
3391 4058 3497 4113 hoc
3526 4073 3725 4113 coram

2135 4151 2312 4207 oculis
2338 4149 2560 4216 vestris,
2606 4157 2661 4205 et
2694 4150 2748 4203 in
2778 4150 2973 4205 diebus
3012 4151 3232 4216 vestris,
3282 4165 3471 4205 vocem
3504 4150 3720 4219 gaudii,

2134 4251 2189 4298 et
2214 4256 2399 4296 vocem
2433 4239 2649 4306 laetitiae,
2694 4254 2884 4295 vocem
2928 4241 3141 4310 sponsi,
3174 4248 3229 4293 et
3257 4254 3448 4293 vocem
3474 4254 3717 4308 sponsae.

2138 4333 2223 4388 10.
2263 4332 2329 4387 Ει
2354 4333 2480 4396 erit,
2512 4331 2731 4402 quando
2765 4331 3177 4385 annuntiaveris
3204 4330 3403 4400 populo
3432 4330 3566 4385 huic
3594 4346 3719 4383 om-

458 4424 602 4480 Deus
631 4426 653 4494 1
690 4426 1053 4494 omnipotens.
1087 4427 1174 4481 17.
1208 4425 1328 4481 Νοη
1371 4428 1485 4483 sedi
1538 4427 1590 4481 in
1634 4441 1898 4482 consessu
1931 4444 2028 4482 eo-
2067 4405 2109 4459 θ
2137 4425 2225 4479 nia
2267 4423 2434 4478 verba
2476 4423 2612 4488 haec,
2665 4430 2721 4477 et
2777 4421 3011 4476 dixerint
3042 4422 3109 4475 ad
3142 4430 3196 4475 te
3225 4437 3241 4475 :
3277 4420 3461 4487 Quare
3495 4419 3719 4475 locutus

455 4532 601 4584 rum,
632 4532 756 4572 eum
782 4515 995 4583 ludunt,
1022 4517 1115 4572 sed
1141 4517 1212 4588 (r)
1232 4517 1426 4572 erubui
1461 4515 1656 4571 afacie
1677 4527 2020 4573 manustuae.
2131 4523 2217 4569 est
2252 4512 2514 4567 Dominus
2544 4526 2708 4581 super
2752 4526 2852 4566 nos
2891 4510 3077 4566 omnia
3122 4510 3265 4564 mala
3313 4523 3512 4579 magna
3559 4507 3717 4563 hac?

2492 4685 2565 4757 (b)
2606 4686 2696 4752 A.,
2726 4686 2904 4742 lassus
2937 4701 3058 4757 sum
3100 4688 3534 4757 consolationem
3568 4691 3715 4745 acci-

526 4692 602 4763 (a)
637 4691 728 4757 A.,
767 4692 819 4747 in
849 4692 1253 4748 cribratioucm.
1293 4689 1374 4755 8.,
1411 4691 1465 4745 in
1512 4705 1679 4745 unum
1704 4690 1956 4760 (errorem
1984 4660 2069 4743 hic
2100 4686 2388 4759 suspicor).
2492 4685 2565 4757 (b)
2606 4686 2696 4752 A.,
2726 4686 2904 4742 lassus
2937 4701 3058 4741 sum
3100 4688 3534 4743 consolationem

526 4778 601 4817 re.
639 4762 702 4815 Et
734 4761 1042 4826 dispergam
1069 4777 1181 4816 eos.
1219 4761 1304 4818 S..
1340 4763 1516 4815 lassus
1538 4777 1658 4814 sum
1691 4775 1756 4813 eo
1778 4761 1919 4826 quod
1940 4761 2228 4815 transfero.
2307 4760 2378 4826 (c)
2394 4756 2458 4811 Et
2491 4759 2799 4826 dispergam
2824 4772 2922 4812 eos
2943 4756 2995 4809 in
3023 4760 3319 4811 desertum.
3399 4759 3477 4826 (ἀ)
3499 4756 3547 4811 Τ

3550 4776 3709 4815 eme.

453 4756 603 4835 pere.
639 4761 1042 4835 Et_dispergam
1069 4777 1181 4835 eos.
1219 4761 1304 4835 8..
1338 4763 1516 4835 [assus
1538 4777 1658 4814 sum
1691 4756 1756 4813 eo
1778 4761 1919 4835 quod
1933 4756 2228 4835 transfero.
2307 4756 2378 4829 (c)
2394 4756 2458 4811 Et
2491 4756 2799 4835 diSpet-gam
2824 4772 2922 4812 eos
2943 4756 3319 4835 inndesertum.

455 4826 525 4902 (ε)
569 4833 660 4892 Α..
703 4826 850 4902 8.,νρ
892 4826 993 4902 viis
1023 4832 1156 4902 suis.
1234 4832 1302 4901 (Γ)
1328 4829 1411 4891 S.,
1445 4826 1811 4902 vastatores.‘
1876 4829 1959 4902 (g)_
1989 4827 2042 4902 δ.

2149 4826 2383 4902 ivitatem
2416 4838 2469 4881 et
2504 4826 2905 4902 festitt_ali_ottes_._
2933 4895 2945 4902 _
2982 4826 3331 4902 (I_t_)A.,_litis_.
3410 4829 3713 4902 (i;A.,sine

455 4895 709 4956 utilitate.
788 4900 861 4971 (It)
895 4899 1013 4956 Non
1052 4895 1336 4965 ftenera'vi,
1369 4916 1469 4971 nec
1500 4900 1839 4955 freuerarunt
1869 4895 2023 4952 mihi.
2123 4898 2185 4969 (ι)
2226 4898 2485 4971 Quisque
2505 4897 2776 4950 maledicit
2812 4895 2972 4971 mihi,
2999 4897 3132 4952 dicit
3164 4895 3450 4971 Dominus.
3529 4900 3627 4967 (ut)
3652 4898 3711 4971 Si

456 4988 561 5026 nun
613 4972 658 5025 si
693 4966 971 5025 residuum
1008 4980 1159 5024 tuum
1187 4981 1304 5026 erat
1356 4970 1486 5022 mihi
1522 4971 1576 5023 in
1620 4971 1841 5032 bonum,
1876 4971 1921 5023 si
1954 4983 2062 5022 non
2095 4966 2312 5022 occurri
2350 4968 2445 5020 tibi
2474 4967 2526 5019 in
2564 4975 2801 5034 tempore
2830 4966 3125 5037 malorum.
3205 4971 3284 5035 (η)
3324 4969 3415 5031 Α..
3440 4966 3713 5037 numquid

452 5041 880 5095 cor-sociabitur.
910 5039 995 5106 8.,
1025 5043 1286 5109 numquid
1324 5039 1557 5092 nocebit.
1636 5038 1710 5107 (ο)
1753 5042 1841 5100 Α.,
1878 5039 2080 5109 ferran
2113 5037 2259 5092 ferro
2282 5037 2645 5109 ab‘aquiloue,
2674 5036 2878 5109 etaes?
2907 5034 3094 5089 Robur
3124 5034 3300 5109 tuum,
3329 5045 3387 5092 et
3416 5034 3712 5093 thesauros

454 5119 578 5165 tuos
605 5112 657 5163 in
686 5111 1042 5178 direptionem
1073 5105 1235 5171 dabo,
1271 5126 1376 5163 non
1412 5109 1466 5161 in
1504 5105 1957 5162 commutatione.
2001 5105 2085 5171 S.,
2119 5109 2323 5178 ferrum
2356 5105 2500 5178 ferro
2527 5107 2600 5178 ab;
2631 5106 2908 5178 aquilone,
2956 5117 3012 5178 et
3058 5105 3396 5178 zes?_Robur
3441 5117 3623 5172 tuum,
3656 5119 3712 5163 et

451 5184 743 5234 thesauros
774 5176 899 5233 tuos
930 5178 983 5232 in
1018 5181 1250 5247 praedam
1283 5180 1426 5233 dabo
1465 5193 1563 5247 pro
1599 5179 1786 5230 nihilo.
1887 5180 1964 5245 (ρ)
2005 5178 2094 5241 Α.,
2129 5177 2214 5240 S.,
2248 5177 2335 5230 fac
2368 5176 2531 5247 nobis
2556 5176 2867 5247 vindictam.
2945 5176 3020 5247 (qi)
3050 5178 3150 5247 ΔΑ.,
3183 5176 3387 5232 inventi
3428 5187 3563 5232 sunt
3592 5194 3710 5233 ser-

451 5264 646 5302 mones
670 5251 772 5310 tui,
802 5257 855 5303 et
883 5243 1092 5302 comedi
1117 5265 1233 5312 eos,
1260 5259 1312 5302 et
1343 5243 1543 5301 factum
1571 5259 1654 5300 est
1682 5243 2085 5300 verbum'tuum
2120 5248 2249 5300 mihi
2284 5247 2336 5299 iu
2379 5246 2658 5315 gaudium.
2693 5243 2776 5306 S.,
2807 5245 3012 5315 inventi
3043 5243 3267 5300 fuerunt
3308 5262 3601 5303 sermones
3629 5248 3707 5302 tui

452 5318 774 5370 alimentum
808 5319 961 5380 mibi,
995 5329 1049 5371 et
1083 5318 1284 5372 factum
1311 5327 1394 5371 est
1435 5318 1657 5371 verbum
1689 5327 1840 5369 tuum
1871 5316 2003 5369 mihi
2038 5315 2091 5385 in
2117 5313 2402 5385 gaudium.
2478 5314 2548 5384 (ν)
2577 5315 2678 5385 _A.,
2711 5322 2766 5367 et
2797 5313 3072 5385 superbivi
3105 5330 3135 5367 a
3170 5316 3310 5371 facie
3343 5332 3547 5372 manus
3580 5326 3705 5372 tua.

454 5385 538 5449 S.,
564 5396 614 5457 et
653 5389 863 5441 laetatus
894 5402 1014 5457 sum
1043 5402 1262 5457 promer
1295 5402 1514 5439 manum
1552 5395 1723 5438 tuam.
1802 5385 1871 5452 (ε)
1910 5386 2000 5450 Α.,
2035 5394 2042 5435 .‘

2149 5387 2379 5457 robore.
2458 5381 2537 5457 (η’
2566 5381 2648 5444 8.,
2680 5397 2850 5457 quare
2895 5381 2998 5435 fuit
3042 5384 3196 5457 dolor
3227 5401 3384 5442 meus
3415 5397 3703 5446 constans.

452 5466 508 5524 e_t
536 5456 688 5524 plaga
723 5471 839 5510 mea
870 5456 987 5511 sine
1028 5453 1330 5518 curatione,
1373 5472 1479 5509 non
1531 5470 1692 5523 passa
1727 5464 1811 5507 est
1841 5469 2051 5509 moram
2093 5454 2161 5507 ad
2191 5455 2568 5524 accipiendum
2595 5453 2954 5524 curationem.
2981 5521 3006 5524 _
3032 5456 3111 5521 (α)
3151 5454 3242 5522 A.,
3295 5458 3365 5510 ab
3412 5457 3701 5513 οδερωηο.

455 5521 547 5594 ξ..
570 5538 603 5594 a_
628 5521 876 5594 iugudico
915 5527 1197 5580 obscteuo.
1274 5525 1351 5594 (ar)
1389 5525 1476 5588 A.,
1513 5521 1839 5577 validorum.
1943 5525 2018 5594 (μ)
2040 5523 2151 5589 Α..
2184 5522 2267 5590 8.,
2298 5521 2351 5576 et
2375 5522 2576 5577 factum
2610 5529 2694 5575 est
2725 5522 2950 5594 verbum
2981 5521 3198 5577 Domini
3237 5528 3306 5581 ad
3340 5541 3452 5586 me.
3488 5526 3698 5594 dicens.

456 5587 539 5667 (ᾗ),
572 5592 662 5667 Α..
689 5591 1178 5667 Tlt.,a_nimal_ibus.
1252 5587 1343 5664 (c),
1389 5594 1592 5667 Reliqui
1611 5633 1631 5667 ,_
1650 5595 1909 5667 quoniam
1947 5587 2042 5648 the

2161 5587 2366 5664 (b)'A.,
2403 5594 2468 5649 ad
2504 5594 2723 5649 domum
2763 5592 3094 5663 epulationis
3127 5609 3344 5651 eorum.
3425 5596 3492 5667 (⁸)
3532 5592 3705 5666 Repe-

484 5592 539 5667 ᾗ),
572 5592 662 5667 Α..
689 5592 1178 5667 Th.,a_nir_nal_ibus.
1252 5592 1326 5664 (ὰ)
1389 5594 1592 5667 Reliqui
1611 5633 1631 5667 ,_
1650 5595 1909 5667 quoniam
1947 5592 2042 5648 lizet

2161 5596 2234 5664 (ὁ)
2277 5595 2366 5658 Α.,
2403 5594 2468 5649 ad
2504 5594 2723 5649 domum
2763 5592 3094 5663 epulationis
3127 5609 3344 5651 eorum.

457 5662 577 5710 titio
625 5666 804 5715 textus
834 5662 1061 5730 Syriaci.
1095 5662 1316 5717 Dnacu.‘
1375 5665 1424 5735 τ)
1465 5666 1550 5728 Α.,
1587 5663 2007 5733 glabrabuntse.
