3834 6224
158 328 316 385 9.3-2.9
1414 313 1730 372 JEREMIE
1768 309 2000 369 CAPUT
2043 308 2205 366 XVII.
3301 303 3442 360 2350

162 447 302 509 Quae
339 440 598 511 iniquitas
636 446 848 504 nostra,
877 445 932 492 et
961 436 1109 507 quod
1149 443 1433 505 peccatum
1483 440 1754 491 nostrum,
1789 434 1833 492 Α
1864 436 2084 499 peccata
2117 435 2208 480 tua
2247 426 2301 479 in
2347 423 2604 479 omnibus
2640 423 2840 478 ﬁnibus
2888 422 3015 477 tuis.
3053 422 3105 476 4.
3155 421 3223 476 Et
3272 425 3440 478 relin-

165 536 320 604 quod
349 533 698 604 peccavimus
722 546 909 586 coram
934 529 1168 584 Domino
1196 526 1305 581 Deo
1331 523 1560 579 nostro?
1589 523 1674 576 11.
1699 521 1762 575 Et
1865 519 2050 590 queris
2084 518 2171 588 tl),
2205 527 2258 572 et
2288 517 2612 586 deprimeris
2666 517 2734 570 ab
2767 515 3080 570 haereditate
3125 523 3237 579 tua,
3272 531 3438 586 quam

165 627 324 681 dices
353 629 420 694 χ(
452 625 518 680 ad
555 639 652 679 eos
685 625 706 692 1
746 641 760 678 :
795 622 902 676 Pro
930 637 995 676 eo
1033 620 1177 690 quod
1221 618 1627 686 dereliquerunt
1668 630 1763 684 pa-
1864 613 1989 666 dedi
2025 612 2140 673 tibi,
2197 611 2290 680 (m)
2331 619 2385 664 et
2436 607 2730 664 ascendere
2764 605 2962 660 faciam
3002 614 3054 660 te
3100 606 3152 658 in
3200 606 3442 660 inimicis

167 725 287 776 tres
316 715 484 771 vestri
517 730 626 779 me,
659 713 794 768 dicit
817 712 1106 778 Dominus,
1133 721 1187 766 et
1210 712 1464 764 abierunt
1488 717 1611 778 post
1631 709 1761 762 deos
1865 705 1976 758 tuis
2013 704 2067 757 in
2114 711 2280 768 terra,
2319 717 2482 771 quam
2521 716 2628 754 non
2657 694 2848 754 nosti":
2883 698 3012 767 quia
3062 698 3204 768 ignis
3249 713 3442 752 ascen-
3494 761 3496 763 ν

168 809 407 871 alienos,
436 816 492 862 et
525 808 817 862 coluerunt
847 805 1128 860 servitium
1175 804 1275 869 eis,
1317 813 1370 857 et
1400 802 1762 857 adoraveruut
1865 809 1960 849 sus
2012 795 2066 846 in
2127 793 2316 847 furore
2370 807 2515 857 meo,
2557 805 2732 858 usque
2765 790 2817 842 in
2850 790 3106 843 saeculum
3148 789 3358 843 ardebit
3391 791 3439 857 1.

169 916 290 962 eos,
327 910 382 954 et
417 916 502 954 me
536 901 968 969 dereliquerunt,
1006 906 1059 951 et
1090 897 1261 965 legem
1297 910 1472 948 meam
1522 908 1628 946 non
1660 907 1761 944 cu-
1865 887 1920 940 5.
1957 885 2085 940 Haec
2123 885 2257 940 dicit
2282 884 2546 938 Dominus
2577 901 2588 936 :
2623 882 2944 937 Maledictus
2973 881 3156 945 homo,
3195 882 3282 935 cui
3317 897 3442 951 spes

169 991 520 1044 stodivcrunt
555 1009 568 1045 :
618 991 704 1044 12.
737 1000 791 1043 et
817 1005 913 1044 vos
955 989 1094 1042 male
1139 987 1327 1057 egistis
1359 988 1425 1052 >ε<
1457 986 1522 1038 ad
1555 982 1760 1038 facien-
1863 988 1945 1032 cst
1973 993 2136 1046 super
2163 977 2460 1038 hominem,
2499 977 2576 1043 (η)
2608 983 2663 1028 et
2697 973 2938 1028 ﬁrmabit
2971 988 3192 1027 carnem
3227 973 3440 1026 brachii

169 1083 303 1135 dum
344 1081 367 1148 1
407 1082 532 1151 plus
568 1097 732 1151 quam
766 1091 952 1150 patres
982 1080 1172 1133 vestri.
1200 1078 1263 1132 Et
1293 1092 1421 1131 ecce
1447 1091 1544 1130 vos
1574 1075 1762 1129 ambu-
1864 1069 1971 1133 sui,
2008 1079 2059 1122 et
2089 1084 2117 1121 a
2153 1067 2383 1121 Domino
2418 1066 2659 1121 discedet
2684 1081 2780 1120 cor
2804 1065 2944 1134 ejus.
2997 1064 3049 1118 6.
3110 1064 3176 1120 Et
3234 1065 3338 1119 erit
3382 1073 3442 1117 ut

170 1174 302 1227 latis
349 1175 734 1242 unusquisque
763 1183 888 1242 post,
920 1173 1000 1243 ((1)
1031 1186 1114 1235 ea,
1169 1185 1291 1239 quae
1346 1169 1564 1237 placent
1609 1168 1759 1221 cordi
1864 1160 2068 1228 myrica
2095 1161 2326 1228 agrestis
2359 1163 2432 1228 (ο)
2467 1159 2518 1212 in
2557 1159 2795 1222 deserto,
2837 1167 2891 1213 et
2919 1174 3028 1212 non
3059 1158 3284 1223 videbit,
3315 1172 3440 1211 cum

169 1274 360 1319 vestro
388 1266 558 1329 malo,
592 1274 653 1318 ut
699 1281 766 1318 ne
796 1263 1066 1318 obediatis
1097 1261 1252 1314 mihi.
1283 1261 1370 1313 15.
1411 1260 1474 1314 Et
1503 1259 1759 1328 abjiciam
1861 1252 2084 1306 venient
2114 1253 2256 1306 bona
2287 1261 2378 1306 :et
2401 1251 2667 1305 habitabit
2691 1250 2768 1322 (ρ)
2797 1251 2935 1305 inter
2966 1251 3162 1306 herbas
3187 1251 3360 1305 salsas
3387 1250 3440 1302 in

173 1367 274 1407 vos
305 1367 373 1406 ex
403 1363 546 1406 terra
578 1353 682 1407 hac
712 1353 764 1406 in
794 1362 1018 1415 terram,
1045 1367 1211 1420 quam
1237 1365 1344 1402 non
1376 1350 1606 1403 novistis
1639 1364 1756 1412 vos,
1863 1345 2079 1398 deserto
2108 1353 2264 1398 terra:
2299 1345 2480 1407 salsae,
2510 1345 2657 1414 quod
2702 1359 2812 1399 non
2840 1345 3139 1399 habitatur.
3178 1345 3226 1400 7.
3261 1343 3328 1399 Et
3358 1343 3444 1397 be-

171 1454 226 1498 et
251 1455 439 1514 patres
469 1445 660 1507 vestri,
691 1453 744 1497 et
771 1444 961 1498 coletis
991 1442 1272 1498 servitium
1309 1441 1380 1493 ibi
1416 1440 1520 1493 diis
1544 1441 1665 1494 aliis
1693 1444 1759 1507 )s(
1863 1437 2113 1491 nedictus
2151 1439 2335 1501 homo,
2364 1439 2456 1506 qui
2494 1438 2720 1492 conﬁdit
2747 1453 2909 1506 super
2947 1436 3200 1499 Domino,
3253 1445 3306 1491 et
3338 1437 3444 1490 erit

170 1536 262 1590 die
287 1546 343 1589 et
363 1544 525 1590 nocte
551 1536 574 1603 1
599 1575 613 1598 ,
646 1536 716 1604 (e)
747 1534 842 1603 qui
882 1549 990 1586 non
1023 1533 1230 1586 dabunt
1265 1531 1418 1584 vobis
1449 1531 1760 1584 misericor-
1865 1529 2130 1585 Dominus
2156 1545 2280 1599 spes
2313 1531 2453 1600 ejus.
2488 1533 2542 1584 8.
2577 1531 2640 1582 Et
2685 1531 2791 1585 erit
2820 1536 2882 1584 ut
2913 1530 3115 1601 lignum
3151 1530 3226 1599 (q)
3262 1529 3442 1583 fertile

172 1627 347 1682 diam.
381 1627 469 1680 14.
505 1625 737 1695 Pr0pter
756 1626 858 1679 hoc
887 1640 1014 1679 ecce
1048 1625 1165 1677 dies
1204 1625 1452 1684 veniunt,
1487 1621 1620 1674 dicit
1653 1621 1758 1674 Do-
1863 1636 2233 1690 superaquas,
2257 1630 2305 1674 et
2327 1637 2488 1690 super
2517 1622 2804 1675 humorem
2832 1621 3009 1674 mittet
3036 1620 3250 1675 radices
3272 1636 3438 1674 suas:

173 1717 360 1770 minus
397 1734 409 1768 :
447 1725 502 1769 et.
533 1731 640 1768 non
673 1714 856 1768 dicent
885 1711 1145 1781 amplius,
1181 1710 1315 1762 vivit
1343 1708 1629 1772 Dominus,
1663 1707 1758 1776 qui
1794 1763 1837 1816 Β
1865 1718 1917 1762 et
1947 1725 2053 1764 non
2093 1710 2326 1771 timebit,
2359 1717 2481 1764 cum
2522 1710 2734 1765 venerit
2763 1717 2948 1774 aestus,
2983 1720 3038 1764 et
3073 1717 3236 1762 erunt
3278 1709 3330 1761 in
3375 1724 3442 1762 eo

172 1807 366 1861 eduxit
393 1805 534 1860 filios
565 1803 782 1859 lsraelis
802 1821 866 1858 ex
901 1811 1041 1857 terra
1076 1800 1327 1872 Egypti;
1362 1799 1450 1852 15.
1498 1799 1593 1854 sed
1630 1799 1762 1852 vivit
1795 1799 1837 1816 ”
1865 1801 2002 1853 rami
2029 1801 2273 1856 umbrosi
2308 1801 2360 1854 in
2405 1815 2571 1866 anno,
2602 1801 2695 1870 qui
2728 1801 2847 1856 sine
2878 1801 3080 1870 pluvia,
3135 1815 3238 1852 non
3278 1799 3442 1852 time-

174 1896 467 1961 Dominus,
497 1896 591 1966 qui
619 1896 806 1950 eduxit
839 1898 907 1963 )K
944 1903 998 1948 et
1031 1894 1178 1947 ducit
1217 1891 1240 1960 1
1277 1891 1414 1945 ﬁlios
1450 1889 1668 1945 lsraelis
1695 1905 1759 1944 ex
1867 1892 1962 1956 bit,
1995 1901 2050 1946 ct
2079 1908 2186 1946 non
2223 1893 2462 1948 cess;tbit
2490 1892 2696 1948 faciens
2727 1892 2960 1948 fructus.
2995 1894 3048 1947 9.
3085 1892 3158 1958 (r)
3199 1892 3270 1962 (a)
3311 1891 3445 1944 Pro-

172 1997 325 2044 terra
356 1989 654 2058 aquilonis,
681 1994 735 2040 et
765 2003 830 2041 ex
863 1986 1120 2040 omnibus
1145 1985 1484 2052 regionibus,
1519 1997 1630 2051 quo
1677 1997 1765 2036 cx-
1866 1981 2096 2036 fundum
2121 1999 2216 2037 cor
2241 1984 2363 2053 plus
2393 2001 2556 2054 quam
2602 1985 2787 2038 omnia
2837 2003 2848 2036 :
2884 1992 2938 2038 et
2964 1984 3026 2053 (t)
3064 1984 3230 2037 homo
3260 1993 3362 2048 est,
3391 1991 3446 2036 et

173 2080 322 2150 pulsi
353 2088 481 2134 sunt
509 2079 603 2133 ibi.
641 2078 704 2132 Et
728 2087 969 2133 revertar
1005 2087 1150 2130 stare
1171 2076 1366 2129 faciam
1396 2090 1491 2130 eos
1519 2076 1573 2128 in
1617 2083 1762 2127 terra
1864 2075 1989 2142 quis
2023 2086 2321 2142 cognoscet
2366 2076 2526 2128 eum?
2564 2076 2648 2129 l0.
2693 2074 2806 2144 Ego
2853 2073 3117 2129 Dominus
3145 2075 3222 2144 (ιι)
3251 2090 3444 2127 nume-

175 2188 301 2238 sua,
333 2188 498 2241 quam
525 2172 650 2227 dedi
675 2172 920 2238 patribus
941 2185 1154 2224 eorum.
1196 2167 1280 2223 16.
1313 2166 1451 2221 Ecce
1477 2182 1578 2235 ego
1607 2167 1763 2221 mitto
1865 2176 1995 2216 rans
2017 2162 2202 2226 corda,
2234 2170 2288 2216 et
2313 2164 2550 2232 probans
2577 2179 2759 2227 renes,
2784 2164 2848 2218 ad
2880 2164 3119 2218 dandum
3147 2164 3447 2232 unicuique

175 2265 484 2334 piscatores
533 2264 760 2327 multos,
792 2263 924 2316 dicit
967 2260 1254 2324 Dominus,
1303 2267 1356 2312 et
1405 2259 1764 2328 piscabuntur
1866 2255 2169 2308 secundum
2207 2255 2327 2310 vias
2378 2255 2520 2325 ejus.
2567 2264 2622 2309 et
2651 2255 2956 2310 secundum
2993 2254 3206 2310 fructus
3232 2256 3446 2308 studio-

173 2371 296 2419 eos,
340 2364 396 2409 et
425 2364 549 2425 post
586 2355 700 2408 haec
724 2355 938 2407 mittam
968 2365 1256 2406 venatores
1281 2352 1504 2414 multos,
1528 2359 1582 2403 et
1607 2364 1762 2403 vcua-
1864 2363 1986 2400 rum
2016 2348 2157 2414 ejus.
2192 2347 2277 2400 11.
2311 2346 2467 2400 Dedit
2509 2362 2696 2400 vocem
2729 2346 2940 2415 perdix,
2965 2347 3044 2416 (az)
3073 2347 3444 2415 congregavit,

175 2447 388 2499 buntur
435 2459 530 2499 eos
581 2445 816 2513 desuper
863 2442 1010 2496 omni
1058 2441 1120 2509 (‘)
1162 2448 1366 2506 monte,
1411 2450 1466 2494 et
1528 2440 1763 2508 desuper
1864 2454 1987 2508 qua:
2015 2454 2122 2492 non
2159 2438 2389 2508 peperit,
2415 2438 2626 2492 faciens
2652 2439 2871 2493 divitias
2897 2454 3026 2492 suas
3046 2437 3441 2504 cumjudicio:

173 2537 329 2590 omni
362 2535 535 2602 colle,
581 2544 635 2588 et
684 2535 750 2587 de
807 2531 1057 2586 cavernis
1106 2539 1382 2600 petrarum
1439 2549 1452 2584 :
1497 2530 1583 2584 17.
1632 2531 1761 2600 quia
1865 2531 1920 2585 in
1963 2530 2191 2584 dimidio
2237 2530 2450 2584 dierum
2492 2531 2611 2599 ejus
2642 2531 2950 2598 relinquent
2995 2544 3144 2592 eum,
3177 2535 3232 2582 et
3260 2529 3313 2582 in
3343 2545 3442 2581 ex-

173 2628 324 2682 oculi
375 2628 481 2681 mei
534 2641 699 2695 super
749 2640 941 2678 omnes
999 2624 1113 2677 vias
1166 2637 1377 2687 eorum,
1431 2625 1499 2690 )s(
1564 2623 1655 2675 ubi
1703 2637 1761 2676 se
1865 2630 2038 2676 tremo
2059 2636 2160 2676 suo
2181 2621 2384 2691 erit(y)
2414 2622 2631 2676 stultus.
2681 2622 2766 2674 l2.
2805 2621 3011 2676 Solium
3047 2621 3236 2690 gloria
3265 2621 3445 2674 eleva-

173 2716 642 2772 abscondiderunt
669 2731 699 2770 a
725 2715 864 2770 facie
888 2730 1007 2768 mea
1033 2715 1079 2782 1,
1111 2722 1164 2767 et
1185 2728 1292 2767 non
1326 2720 1453 2767 sunt
1474 2712 1763 2766 abscondi-
1864 2724 1981 2769 tum
2012 2717 2080 2781 >ί<
2112 2729 2142 2767 a
2180 2714 2467 2783 principio,
2521 2713 2673 2768 locus
2707 2713 2729 2779 1
2771 2714 3067 2768 sanctuarii
3109 2714 3306 2778 nostri,
3352 2713 3444 2766 15.

176 2818 245 2863 tae
297 2808 614 2876 iniquitates
654 2821 844 2862 eorum
882 2807 950 2858 ab
979 2815 1104 2858 ante
1132 2804 1323 2858 oculos
1364 2817 1536 2857 meos.
1573 2803 1658 2856 18.
1692 2801 1762 2855 Et
1864 2807 2196 2875 exspectatio
2253 2804 2489 2870 lsraelis,
2544 2805 2808 2868 Domine,
2855 2819 3065 2867 omnes,
3123 2804 3217 2874 qui
3250 2805 3448 2860 dereli-

175 2900 484 2954 retribuam
543 2901 780 2968 primum
813 2898 1058 2966 duplices
1089 2896 1390 2964 injustitias
1439 2910 1654 2957 eorum,
1708 2901 1764 2948 et
1865 2894 2084 2962 querint
2131 2903 2200 2958 te,
2251 2896 2576 2950 erubescent
2607 2912 2621 2949 :
2655 2896 2727 2964 (ι)
2759 2895 2854 2964 qui
2903 2897 3248 2962 recesserint,
3284 2910 3448 2964 super

173 2999 401 3062 peccata
473 3005 662 3045 eorum
690 3030 706 3056 ,
772 2989 828 3043 in
896 2989 1098 3059 quibus
1168 2989 1485 3058 polluerunt
1557 2997 1760 3041 terram
1869 2999 2010 3045 terra
2036 2992 2376 3058 scribentur;
2406 2993 2534 3060 quia
2575 2991 2981 3060 dereliquerunt
3028 2989 3103 3061 (a)
3137 2989 3340 3045 fontem
3379 2993 3447 3058 3.(

177 3099 361 3137 meam
411 3084 466 3137 in
518 3083 880 3138 cadaveribus
922 3081 1396 3136 abominationum
1429 3095 1678 3145 suarum,
1709 3088 1832 3150 etc
1867 3099 2132 3153 aquarum
2183 3083 2204 3150 1
2250 3084 2572 3148 viventium,
2628 3082 2941 3137 Dominum.
2994 3083 3081 3137 H.
3141 3081 3287 3136 Sana
3338 3097 3446 3146 me,

175 3176 246 3247 (ﬁ
310 3178 364 3229 in
419 3175 804 3245 iniquitatibus
862 3176 998 3236 suis,
1048 3173 1102 3227 in
1151 3173 1350 3242 quibus
1400 3173 1764 3242 impleverunt
1869 3173 2121 3238 Domine,
2155 3181 2209 3228 et
2239 3173 2477 3228 sanabor
2525 3190 2538 3225 :
2577 3172 2728 3227 salva
2763 3187 2872 3239 me,
2903 3182 2957 3227 et
2981 3172 3235 3226 salvabor
3268 3191 3282 3226 :
3318 3172 3448 3241 quia

177 3267 554 3322 haereditatem
619 3281 818 3321 meam.
879 3266 970 3319 19.
1023 3263 1274 3328 Domine,
1323 3263 1494 3317 robur
1556 3280 1762 3327 meum,
1870 3265 1945 3334 (b)
1977 3265 2227 3334 gloriatio
2266 3279 2387 3318 mea
2420 3280 2500 3320 es.
2541 3264 2629 3320 15.
2682 3265 2822 3320 Ecce
2863 3264 2968 3335 ipsi
2992 3265 3182 3319 dicunt
3209 3265 3276 3319 ad
3304 3279 3390 3318 me
3431 3283 3446 3318 :

178 3360 260 3430 (g)
309 3367 365 3412 et
416 3358 681 3411 auxilium
729 3372 934 3423 meum,
979 3365 1034 3411 et
1078 3355 1348 3424 refugium
1385 3370 1563 3408 meum
1597 3355 1648 3407 iu
1680 3355 1766 3410 die
1872 3354 1971 3410 Ubi
2002 3365 2087 3410 est
2121 3355 2348 3409 verbum
2385 3357 2621 3422 Domini,
2654 3357 2838 3412 veniat
2864 3357 2932 3424 )t(
2966 3371 3114 3410 nunc
3143 3356 3190 3424 1.
3221 3356 3310 3410 16.
3337 3358 3452 3426 Ego

178 3452 479 3515 malorum,
535 3450 602 3504 ad
645 3458 696 3503 te
733 3458 920 3519 gentes
957 3449 1176 3502 venient
1209 3449 1279 3500 ab
1309 3455 1556 3500 extremo
1587 3457 1763 3512 terrae,
1868 3458 2050 3502 autem
2086 3450 2156 3517 (ε)
2197 3465 2308 3503 non
2339 3449 2584 3504 defessus
2618 3464 2761 3514 sum,
2816 3447 3194 3502 adbarrescens
3223 3457 3346 3516 post
3377 3459 3448 3513 te,

176 3550 234 3596 et
263 3542 467 3606 dicent,
501 3541 648 3610 quod
682 3541 824 3594 idola
863 3539 999 3593 falsa
1041 3538 1402 3608 possederunt
1449 3548 1630 3607 patres
1666 3555 1766 3592 uo-
1867 3549 1920 3594 et
1941 3539 2084 3594 diem
2115 3539 2354 3594 hominis
2375 3554 2482 3594 non
2515 3539 2821 3594 desideravi
2859 3546 2954 3591 :tu
2981 3539 3109 3593 scis.
3144 3538 3275 3605 Quae
3302 3554 3452 3609 egre-

179 3632 307 3697 stri,
337 3640 394 3686 et
430 3647 538 3686 non
570 3640 652 3686 est
694 3632 746 3684 in
791 3631 870 3684 eis
903 3630 1130 3683 utilitas.
1190 3627 1281 3681 20.
1338 3629 1394 3682 Si
1446 3629 1608 3682 faciet
1660 3629 1764 3682 sibi
1869 3632 2094 3684 diuutur
2121 3645 2217 3700 per
2254 3631 2397 3685 labia
2430 3646 2572 3694 mea,
2608 3641 2732 3685 ante
2767 3630 2961 3686 faciem
2996 3638 3146 3684 tuam
3183 3639 3331 3685 sunt.
3360 3632 3449 3688 17.

178 3723 352 3776 homo
379 3722 530 3785 deos,
559 3729 613 3775 et
638 3721 740 3790 ipsi
768 3736 874 3775 non
908 3730 1036 3774 sunt
1069 3718 1196 3771 Dii?
1232 3718 1323 3772 21.
1378 3718 1605 3788 Propter
1664 3720 1767 3773 hoc
1867 3721 1946 3776 Ne
1975 3725 2052 3777 sis
2080 3721 2213 3776 mihi
2237 3722 2316 3792 (Δ)
2355 3723 2409 3776 in
2441 3723 2846 3788 alienationem,
2877 3738 3001 3778 cum
3033 3723 3212 3792 parcis
3235 3726 3302 3790 x
3325 3732 3380 3777 tu
3420 3723 3446 3793 1

175 3829 314 3868 ecce
343 3828 445 3883 ego
469 3813 756 3867 ostendam
785 3813 864 3866 eis
894 3812 970 3881 (It)
1009 3812 1062 3864 in
1110 3821 1353 3878 tempore
1395 3811 1497 3863 hoc
1543 3825 1766 3862 manum
1869 3815 2002 3869 mihi
2027 3815 2080 3868 in
2105 3815 2193 3869 die
2222 3815 2386 3870 malo.
2423 3815 2509 3869 18,
2541 3815 2903 3880 Erubescant,
2926 3817 3020 3886 qui
3047 3826 3449 3886 persequuntur

178 3916 388 3965 meam,
417 3910 471 3954 et
500 3902 670 3955 robur
700 3914 879 3954 meum
905 3909 1094 3953 notum
1132 3897 1331 3953 faciam
1356 3898 1456 3962 eis,
1488 3906 1543 3954 et
1567 3899 1762 3964 scient,
1870 3922 1977 3973 me,
2026 3915 2080 3961 ει
2130 3922 2236 3961 non
2293 3907 2610 3961 erubescam
2646 3922 2747 3976 ego
2799 3925 2812 3961 ε
2858 3917 3090 3977 paveam
3120 3907 3217 3973 mi,
3252 3916 3306 3962 ει
3336 3923 3447 3961 non

175 3993 331 4064 quod
361 4009 558 4048 nomen
582 3993 714 4046 mihi
745 3992 1028 4046 Dominus.
1869 4011 2094 4066 paveam
2127 4010 2228 4064 ego
2270 4015 2282 4049 :
2333 3996 2498 4051 induc
2543 4012 2710 4066 super
2744 4011 2839 4051 eos
2887 3997 3032 4052 diem
3070 3998 3270 4051 malum
3302 4015 3314 4051 :
3343 3996 3449 4051 fra-

253 4083 390 4152 Cap.
414 4081 580 4136 XVII.
607 4082 749 4136 -1.
789 4085 856 4151 >ε<
880 4081 1166 4136 Peccatum
1197 4079 1350 4135 Judee
1393 4081 1656 4149 scriptum
1684 4089 1769 4136 est
1871 4086 2050 4141 ctione
2081 4085 2245 4156 dupla
2288 4086 2476 4156 frange
2514 4101 2633 4142 eos.
2669 4087 2753 4141 19.
2784 4086 2910 4143 Haec
2934 4089 3066 4143 dicit
3093 4088 3355 4144 Dominus
3377 4090 3448 4143 ad

177 4176 248 4248 (i)
290 4176 345 4229 in
373 4173 522 4229 ferro
548 4174 602 4227 in
628 4173 840 4244 onycha
865 4172 1238 4238 adamantina,
1273 4171 1543 4240 sculptum
1576 4171 1646 4242 (Ιί)
1670 4187 1767 4226 su-
1870 4194 1958 4232 me
1996 4197 2010 4232 :
2047 4177 2210 4242 Vade,
2251 4187 2306 4232 et
2343 4186 2426 4232 sta
2467 4178 2520 4232 in
2553 4179 2725 4247 portis
2771 4179 3004 4236 ﬁliorum
3039 4181 3220 4251 populi
3253 4183 3354 4244 tui,
3389 4182 3445 4236 in

176 4280 281 4337 per
309 4274 535 4334 pectore
563 4263 748 4318 cordis
776 4278 988 4327 eorum,
1040 4271 1094 4316 et
1130 4277 1295 4331 super
1342 4263 1602 4316 cornibus
1633 4260 1769 4315 alta—
1870 4269 2072 4339 quibus
2108 4269 2485 4339 ingrediuntur
2516 4282 2578 4323 αξ-
2619 4270 2672 4323 in
2716 4271 2796 4325 eis
2826 4273 2850 4340 1
2897 4287 3050 4342 reges
3081 4271 3253 4338 Iudae,
3299 4280 3353 4327 et
3389 4273 3443 4326 in

180 4360 329 4412 rium
353 4372 574 4412 eorum.
605 4357 660 4409 2.
695 4356 832 4410 Cum
869 4355 1140 4410 recordati
1187 4354 1396 4409 fuerint
1437 4354 1535 4408 tilii
1575 4368 1765 4408 eorum
1800 4419 1838 4432 _
1871 4362 2066 4430 quibus
2108 4360 2459 4430 egrediuntur
2497 4359 2551 4412 in
2578 4360 2678 4426 eis,
2707 4369 2762 4415 ει
2792 4362 2846 4415 in
2874 4363 3130 4418 omnibus
3159 4365 3328 4432 ponis
3358 4362 3448 4418 ιε..

177 4451 440 4506 altarium
498 4465 750 4513 suorum,
777 4457 832 4502 et
862 4447 1254 4517 plantariorum
1300 4461 1549 4509 suorum,
1602 4461 1691 4514 su;

1927 4453 2108 4508 Isalem
2137 4419 2270 4508 20.
2299 4459 2353 4506 et
2385 4451 2534 4506 dices
2577 4419 2710 4507 eisi:
2739 4452 2938 4508 Audite
2957 4419 3181 4510 verbum
3208 4455 3441 4520 Domini,

180 4545 333 4612 ligno
385 4542 674 4606 frondoso,
733 4549 788 4596 et
841 4555 1003 4608 super
1045 4539 1279 4593 collibus
1318 4539 1569 4592 excelsis.
1612 4538 1664 4590 ’5.
1701 4536 1766 4591 Ει
1870 4557 2030 4612 reges
2059 4540 2233 4607 Judae,
2260 4549 2314 4595 et
2339 4541 2518 4596 omnis
2545 4538 2756 4605 Iudaea,
2803 4549 2858 4596 et
2885 4557 3077 4600 omnes
3103 4545 3140 4599 ii
3171 4545 3264 4614 qui
3299 4545 3449 4598 habi-

179 4647 404 4692 montes
436 4638 492 4690 in
528 4649 681 4704 agro,
721 4634 891 4687 robur
937 4641 1110 4697 tuum,
1145 4640 1198 4685 et
1241 4645 1434 4684 omnes
1477 4631 1766 4684 thesauros
1872 4642 1991 4688 tant
2024 4634 2076 4687 in
2099 4631 2425 4698 Jerusalem,
2454 4633 2488 4686 ii
2511 4635 2605 4703 qui
2637 4633 3011 4703 ingredientur
3049 4636 3104 4689 in
3139 4637 3313 4706 portis
3339 4639 3443 4689 his.

181 4741 314 4786 tuos
355 4729 412 4784 in
447 4728 806 4797 direptionem
840 4726 1004 4790 dabo,
1056 4736 1109 4780 et
1153 4724 1364 4780 excelsa
1414 4733 1504 4778 tua
1545 4733 1766 4793 propter
1873 4723 1964 4776 21.
2002 4721 2125 4777 Haec
2157 4723 2288 4777 dicit
2324 4723 2589 4779 Dominus
2625 4743 2637 4778 :
2666 4723 2949 4778 Custodite
2972 4725 3184 4780 animas
3217 4734 3444 4788 vestras,

257 5038 340 5109 (ά)
383 5038 474 5102 Α.,
507 5037 915 5106 perversitatem
945 5035 1121 5088 cordis
1144 5033 1250 5088 sui.
1330 5033 1398 5104 (e)
1442 5035 1532 5097 A.,
1559 5031 1652 5086 ubi
1684 5047 1792 5086 non
1823 5031 1966 5086 dabo
1988 5030 2142 5084 vobis
2176 5029 2366 5100 gratis.
2447 5031 2509 5102 (δ)
2551 5032 2691 5085 Ante
2722 5044 2912 5085 vocem
2948 5041 3124 5085 monte
3167 5031 3361 5102 legitur
3397 5035 3450 5088 in

186 5141 342 5187 textu
392 5127 619 5199 Syriaco
666 5111 850 5199 abbr),
895 5123 1047 5178 colle.
1086 5125 1190 5177 Sed
1235 5124 1538 5199 delendum
1561 5124 1706 5177 haud
1745 5123 2082 5199 dubitamus.
2132 5119 2377 5199 gorberg
2429 5122 3064 5199 vero_v'ertit,_tjg_sup§r
3114 5139 3276 5199 omne
3319 5128 3452 5180 colle

186 5212 386 5262 monte,
432 5189 547 5251 non
592 5197 1028 5250 auimadvertens
1056 5209 1184 5247 mox
1213 5195 1387 5262 sequi,
1426 5205 1473 5246 et
1505 5193 1726 5259 desuper
1760 5195 1902 5262 omni
1936 5191 2096 5262 colle.
2130 5191 2213 5245 Cf.
2253 5189 2456 5246 Tex'tus
2502 5191 2753 5262 HebrLet
2805 5190 2947 5246 LXX
2976 5189 3206 5247 'Grzecc.
3247 5196 3446 5250 Dnacu.

187 5272 258 5340 (1.)
303 5259 397 5333 Α.,
439 5266 524 5340 S_.,
572 5259 1366 5340 abominationumsuarum."
1431 5264 1504 5335 (g)
1547 5265 1636 5325 A.,
1681 5259 2308 5340 8.,Δς1.[οιξιίῑικῂχηιὶεξειίζ
2414 5262 2488 5328 (Ii)
2649 5261 2772 5340 _Th.,
2802 5276 2910 5314 una
3094 5263 3214 5340 hac.
3294 5266 3354 5334 (i)
3395 5267 3450 5318 In

186 5328 357 5412 s't'ylo.
384 5328 393 5333 ’
439 5328 518 5412 (Ιί)
551 5338 656 5412 Α...-
689 5334 774 5412 S.._
813 5349 976 5412 super
1007 5332 1186 5412 tabula
1219 5333 1401 5386 cordis
1432 5328 1656 5412 corum.

1940 5331 2020 5412 ita.
2127 5329 2227 5412 tm)
2257 5328 2366 5412 ‘8...
2387 5340 2440 5385 et
2468 5332 2754 5412 subjiciam
2786 5340 2859 5412 te;
2937 5331 3172 5412 .(n)_.4..,
3204 5342 3258 5387 et
3291 5328 3454 5412 ponet

185 5398 416 5464 ca'rnem
447 5398 659 5460 brachii
694 5406 799 5458 sui.
881 5398 981 5474 ’(ο)
1025 5407 1116 5466 Α.,
1144 5403 1197 5455 in
1240 5417 1396 5470 aequo
1432 5403 1568 5456 loco.
1601 5401 1686 5465 S.,

1937 5401 2042 5474 hia.
2102 5398 2216 5474 _(p)'
2237 5398 2326 5465 A.,
2354 5401 2496 5455 inter
2524 5401 2791 5474 excisum.
2821 5399 2904 5463 S.,
2936 5398 2990 5454 in
3029 5398 3305 5474 SiccitateI
3330 5403 3451 5464 Th.,

189 5481 246 5534 in
287 5479 482 5532 foveis.
562 5475 638 5544 (q)
679 5476 766 5536 A.,
807 5469 1108 5543 plautatum
1143 5469 1318 5542 super
1341 5486 1534 5541 aquas.
1613 5469 1886 5541 (r)Grave.
1967 5469 2034 5540 (δ)
2078 5470 2166 5532 Λ..
2200 5485 2448 5524 curvum.
2528 5473 2590 5540 (t)
2632 5470 2714 5538 S.,
2748 5472 2827 5524 vir
2853 5479 3032 5526 autem
3061 5472 3185 5542 quis
3214 5481 3318 5535 est,
3360 5474 3454 5542 qtzi

189 5579 494 5642 cognoscat
519 5568 689 5642 illud?
763 5566 840 5636 (ιι)
881 5567 972 5642 Α.,
1001 5566 1351 5642 investigans.
1432 5564 1511 5633 (ω)
1554 5564 1641 5642 ᾼη,
1720 5564 2084 5642 coacervavit.
2162 5563 2239 5642 fy)
2277 5550 3270 5642 A..,'liquescens._Heb._Nabal1(5;a
3311 5568 3453 5642 (1εεί-

190 5631 390 5713 picum).
427 5711 432 5713 _
467 5639 670 5713 (a)-48.,
697 5645 750 5690 et
772 5631 1037 5713 increduli
1079 5631 1251 5713 super
1286 5631 1447 5690 terra
1475 5635 1804 5713 scribentur.
1885 5632 1963 5702 (a)
2130 5632 2517 5713 scaturriginem
2553 5649 2704 5713 aqua:
2731 5635 2983 5691 viventis.
3079 5631 3169 5708 (b)'
3199 5637 3291 5706 Α.,
3336 5637 3456 5694 laus

194 5699 364 5768 'meaf
416 5699 487 5781 (ε)
527 5699 610 5774 3.,
654 5699 760 5760 non
794 5707 1045 5761 detentus
1074 5699 1249 5763 fac-tus
1287 5721 1405 5762 sum
1435 5720 1463 5759 a
1495 5703 1699 5758 malitia
1729 5713 1854 5772 post
1877 5699 1951 5757 te.
2027 5701 2103 5770 ((1)
2149 5703 2234 5764 Α.,
2271 5699 2358 5766 8.,
2386 5704 2569 5768 pavori
2601 5699 2618 5760 Ξ
2651 5720 2773 5773 spes
2804 5721 2921 5759 mea
2955 5715 3028 5760 tu.
