3834 6224
395 295 532 352 255i

1555 294 1788 349 CODEX
1831 293 2505 354 SYRO-IIEXAPLARIS.

3512 311 3659 367 2332

398 422 451 466 et
485 425 553 465 ne
598 407 818 480 gestetis
850 406 1092 461 sarcinas
1137 406 1191 461 in
1246 409 1332 463 die
1373 410 1747 474 sabbatorum,
1801 428 1976 482 neque
2005 428 2049 484 Α
2079 429 2178 483 pro
2205 415 2385 480 bonis,
2421 431 2542 487 qua:
2564 415 2780 472 locutus
2808 432 2930 472 sum
2961 421 3140 474 facere
3165 421 3265 476 eis.
3305 423 3390 479 11.
3415 423 3480 480 Et
3511 443 3663 484 nunc

398 501 751 573 egrediamini
790 501 963 569 portis
980 498 1286 554 Jerusalem
1319 519 1332 554 :
1364 500 1454 554 22.
1500 517 1676 571 neque
1733 502 1976 559 educatis

400 595 648 650 sarcinas
679 607 709 646 e
749 591 1008 645 domibus
1041 593 1240 646 vestrls
1288 591 1344 646 in
1385 593 1472 646 die
1510 593 1888 660 sabbatorum,
1924 603 1979 649 et

400 699 562 738 omne
593 698 732 752 opus
773 698 882 736 non
927 681 1136 737 facietis
1173 701 1186 736 :
1215 693 1268 737 et
1297 683 1636 739 sanctiﬁcate
1669 683 1814 740 diem
1848 686 1974 740 sab-

401 777 676 838 batorum,
714 775 860 828 sicut
885 774 1112 842 prmcepi
1143 775 1390 843 patribus
1413 777 1610 830 vestris
1638 784 1725 830 :et
1755 792 1862 830 non
1887 793 1979 830 au-

401 867 678 930 diverunt,
714 880 813 918 nec
847 865 1173 919 inclinarunt
1199 865 1266 936 (ε)
1304 881 1464 921 aures
1488 882 1640 932 suas,
1671 869 1760 922 25.
1802 878 1856 922 et
1878 868 1978 922 ob-

402 959 673 1012 durarunt
720 959 918 1011 collum
972 974 1129 1012 suum
1183 973 1242 1012 -:—
1295 959 1416 1028 plus
1446 975 1610 1029 quam
1654 972 1839 1030 patres
1879 977 1976 1017 eo-

405 1064 527 1102 rum
570 1048 632 1114 1,
684 1064 751 1100 ne
789 1049 1040 1102 audirent
1062 1063 1166 1112 me,
1197 1057 1251 1103 et
1288 1065 1356 1104 ne
1399 1052 1708 1122 acciperent
1735 1053 1981 1123 discipli-

406 1155 559 1193 nam.
592 1139 683 1192 21.
721 1138 784 1192 Et
813 1140 938 1199 erit,
994 1139 1040 1194 si
1090 1139 1362 1194 audiendo
1391 1142 1676 1198 audieritis
1708 1159 1814 1210 me,
1847 1145 1982 1200 dicit

405 1230 692 1296 Dominus,
721 1242 779 1284 ut
804 1246 907 1284 non
940 1230 1184 1286 inferatis
1218 1234 1464 1289 sarcinas
1492 1251 1589 1304 per
1619 1245 1804 1305 portas
1830 1237 1980 1292 urbis

406 1321 570 1392 hujus
602 1323 652 1374 in
684 1323 770 1376 die
797 1323 1174 1389 sabbatorum,
1202 1332 1255 1378 et
1277 1325 1342 1378 ad
1367 1327 1816 1381 sanctiﬁcandum
1835 1328 1979 1382 diem

406 1415 781 1475 sabbatorum,
843 1425 897 1469 ut
957 1431 1063 1469 non
1112 1417 1327 1472 faciatis
1371 1419 1426 1472 in
1477 1434 1542 1474 eo
1592 1434 1755 1473 omne
1805 1435 1979 1488 opus;

405 1506 498 1560 25.
527 1507 690 1561 etiam
723 1508 1098 1576 ingredientur
1125 1525 1221 1578 per
1263 1520 1450 1580 portas
1499 1512 1651 1566 urbis
1686 1511 1851 1580 hujus
1895 1527 1982 1567 re-

407 1611 524 1661 ges,
557 1605 610 1648 et
661 1597 930 1663 principes
978 1596 1228 1652 sedentes
1268 1613 1432 1666 super
1477 1599 1618 1653 solio
1652 1599 1890 1664 Davidis,
1928 1609 1982 1654 et

2079 506 2167 560 dic
2199 507 2266 561 ad
2298 509 2446 563 viros
2473 507 2648 572 Juda,
2689 517 2743 563 et
2773 509 2837 563 ad
2869 524 2987 575 eos,
3017 510 3110 578 qui
3142 512 3383 568 habitant
3416 515 3470 569 in
3500 515 3663 572 Jeru-

2079 597 2270 664 salem,
2304 601 2371 666 >ε<
2415 599 2601 654 dicens
2634 616 2649 652 :
2690 598 2767 654 Ita
2806 600 2938 655 dicit
2968 599 3232 657 Dominus
3267 604 3290 671 1
3333 623 3346 658 ε
3389 603 3532 660 Ecce
3559 623 3666 678 ego

2081 703 2207 744 creo
2237 705 2402 757 super
2429 705 2530 745 vos
2560 691 2725 756 mala,
2749 700 2804 746 ct
2829 693 3008 762 cogito
3041 709 3207 762 super
3241 711 3337 750 vos
3375 699 3668 767 cogitatio-

2083 795 2228 834 nem.
2262 780 2589 836 Revertatur
2611 782 2776 852 igitur
2799 785 3174 853 unusquisque
3198 800 3230 839 a
3261 786 3344 840 via
3375 803 3474 842 sua
3496 790 3666 855 mala,

2082 875 2136 920 ct
2188 869 2502 937 pulchriora
2549 870 2712 926 facite
2745 873 2924 926 studia
2958 883 3172 937 vestra,
3223 877 3291 943 )a(
3321 884 3370 930 et
3405 877 3525 932 vias
3576 893 3673 932 ve-

2083 966 2226 1012 stras
2253 960 2296 1026 1.
2332 959 2419 1014 12.
2453 959 2518 1014 Et
2553 961 2810 1016 dixerunt
2839 980 2850 1014 :
2891 962 2966 1032 (ει)
2998 963 3235 1018 Viriliter
3262 980 3508 1035 agemus;
3536 968 3672 1036 quia

2083 1058 2208 1117 post
2258 1052 2571 1106 aversiones
2616 1062 2834 1107 nostras
2880 1053 3120 1118 ibimus,
3167 1064 3225 1109 et
3289 1057 3674 1127 unusquisque

2081 1156 2167 1203 ea,
2231 1143 2302 1209 (ι)
2359 1157 2482 1210 quae
2529 1144 2741 1213 placent
2787 1145 2936 1199 cordi
2990 1145 3110 1214 ejus
3165 1146 3332 1210 malo,
3370 1145 3668 1201 faciemus.

2085 1235 2168 1287 15.
2221 1234 2450 1303 Propter
2497 1236 2598 1289 hoc
2633 1235 2746 1290 haec
2792 1236 2925 1291 dicit
2972 1237 3284 1293 Dominus:
3333 1235 3675 1310 Interrogata

2084 1324 2306 1377 nuncin
2333 1325 2609 1393 gentibus,
2640 1327 2765 1394 quis
2801 1327 3006 1380 audivit
3047 1328 3176 1382 talia
3209 1329 3515 1393 horribilia,
3548 1347 3676 1400 qua:

2083 1415 2210 1470 fecit
2239 1416 2394 1472 valde
2445 1417 2599 1487 virgo
2647 1417 2900 1474 lsraelis?
2933 1420 3019 1474 H.
3055 1422 3135 1490 (a)
3184 1419 3326 1476 Num
3357 1422 3614 1478 deﬁcient
3642 1440 3674 1477 a

2084 1517 2234 1578 petra
2268 1509 2455 1575 ubera,
2484 1517 2579 1563 aut
2607 1510 2698 1563 nix
2725 1525 2754 1562 a
2791 1510 3045 1566 Libano?
3066 1521 3161 1566 aut
3197 1509 3492 1568 declinabit
3527 1530 3676 1582 aqua

2085 1599 2347 1654 violenter
2383 1600 2615 1654 abducta
2646 1602 2845 1654 vento?
2892 1602 2980 1656 15.
3019 1601 3158 1669 Quia
3202 1604 3357 1658 obliti
3393 1615 3527 1659 sunt
3560 1606 3674 1658 mei

407 1686 545 1738 vecti
573 1700 735 1754 super
764 1687 1021 1742 curribus
1067 1696 1121 1742 et
1149 1689 1308 1758 equis
1335 1690 1470 1754 suis,
1503 1700 1557 1744 et
1582 1690 1855 1760 principes
1888 1706 1982 1745 eo-
2014 1716 2056 1775 Β
2085 1689 2319 1758 pOpulus
2347 1704 2502 1744 meus
2543 1707 2555 1742 :
2588 1690 2641 1743 in
2674 1705 2873 1744 vanum
2917 1692 3264 1756 adoluerunt,
3310 1693 3382 1763 (ὁ)
3421 1701 3478 1748 et
3517 1693 3677 1748 inﬁr-

408 1790 553 1838 rum,
584 1775 652 1844 (ﬂ
687 1777 784 1830 viri
809 1775 981 1842 Judae,
1015 1779 1178 1832 etiam
1217 1780 1291 1832 illi
1316 1781 1409 1850 qui
1446 1781 1693 1835 habitant
1733 1781 1786 1835 in
1817 1779 1978 1836 Jeru-

408 1867 598 1931 salem,
625 1869 698 1937 (g)
728 1877 781 1922 et
824 1869 1156 1923 habitabitur
1185 1871 1316 1925 urbs
1356 1872 1470 1926 lucc
1493 1873 1546 1925 in
1573 1873 1852 1927 sarculum.
1890 1872 1979 1926 26.

409 1956 476 2012 Et
498 1961 713 2013 venient
735 1975 800 2014 cx
829 1961 1057 2015 urbibus
1090 1960 1263 2026 Judm,
1289 1972 1341 2016 ct
1369 1977 1436 2016 ex
1462 1964 1784 2017 circuitibus
1825 1962 1982 2019 Jeru-

409 2053 601 2115 salem,
633 2061 686 2104 et
728 2067 791 2104 ex
833 2059 976 2106 terra
1020 2051 1324 2121 Bcnjamin,
1362 2063 1416 2107 et
1441 2070 1504 2107 ex
1539 2055 1614 2124 (Ir)
1651 2055 1891 2123 planitie,
1929 2063 1984 2108 et

407 2162 477 2198 ex
517 2153 720 2209 monte,
770 2153 824 2196 ct
870 2157 933 2196 ex
974 2157 1060 2204 ea,
1107 2161 1229 2213 qum
1281 2145 1347 2197 ad
1392 2145 1697 2211 meridiem,
1750 2145 1984 2200 ferentes

421 2235 766 2298 holocausta,
827 2245 882 2290 et
923 2237 982 2304 (ἱ)
1033 2236 1404 2305 thymiamala,
1444 2245 1498 2290 et
1535 2236 1606 2306 ik)
1661 2252 1883 2300 manna,
1931 2245 1986 2291 et

411 2331 562 2389 thus,
594 2336 648 2380 et
676 2326 964 2380 allen-entes
1017 2330 1080 2390 (ι)
1125 2327 1334 2382 laudem
1385 2328 1437 2380 in
1473 2328 1696 2381 domum
1748 2327 1980 2382 Domini.

410 2420 502 2472 27.
555 2418 622 2472 Et
667 2419 714 2473 si
773 2433 882 2472 non
938 2417 1224 2474 audieritis
1265 2436 1371 2482 me,
1419 2420 1484 2472 ad
1535 2418 1982 2474 sanctiﬁcandum

410 2511 559 2564 diem
596 2511 971 2572 sabbatorum,
1015 2523 1076 2564 ut
1125 2526 1193 2564 ne
1244 2511 1470 2580 gestctis
1516 2513 1783 2574 sarcinas,
1816 2521 1864 2565 et
1903 2513 1986 2566 in-

413 2603 735 2669 grediamiui
773 2604 826 2656 in
857 2603 1026 2672 portis
1047 2601 1349 2658 Jerusalem
1393 2603 1444 2656 in
1479 2603 1565 2656 die
1608 2605 1983 2668 sabbatorum,

411 2696 577 2748 etiam
603 2694 895 2748 accendant
933 2693 1111 2762 ignem
1155 2693 1208 2746 in
1254 2693 1424 2762 portis
1457 2693 1598 2761 ejus,
1626 2703 1680 2748 et
1705 2694 1988 2749 devorabit

413 2786 512 2857 (τη)
539 2786 743 2854 plateas
774 2783 1104 2847 Jerusalem,
1137 2793 1316 2838 etnon
1343 2783 1738 2853 exstinguetur.

485 2873 639 2928 CAP.
672 2873 861 2928 XVIII.
884 2873 1023 2926 -1.
1081 2871 1341 2938 Verbum,
1383 2875 1528 2942 quod
1579 2872 1781 2928 factum
1809 2881 1894 2928 est
1919 2872 1987 2927 ad

415 2964 707 3020 Jeremiam
731 2963 1030 3027 aDomino,
1062 2963 1250 3018 dicens
1285 2982 1298 3017 :
1328 2963 1381 3016 2.
1412 2964 1603 3033 Surge,
1637 2974 1690 3018 et
1721 2964 1989 3019 descende

2091 1779 2386 1832 mabuntur
2422 1779 2475 1832 in
2504 1778 2608 1832 viis
2646 1778 2763 1832 suis
2793 1778 3020 1834 funiculi
3048 1781 3383 1851 sempiterni,
3409 1782 3479 1836 ad
3522 1784 3679 1838 ince-

2089 1870 2325 1925 dendum
2382 1870 2437 1923 in
2491 1871 2724 1936 semitis,
2764 1871 2964 1940 quibus
3007 1887 3114 1926 non
3163 1881 3248 1928 est
3289 1873 3376 1928 via
3419 1874 3489 1929 ad
3544 1875 3675 1940 iter,

2093 1964 2178 2017 16.
2211 1964 2276 2018 ad
2308 1963 2618 2033 ponendum
2659 1972 2864 2018 terram
2900 1979 3055 2019 suam
3105 1964 3158 2019 in
3195 1967 3420 2021 exitium
3449 1975 3505 2022 et
3537 1967 3677 2022 sibi-

2092 2056 2204 2108 lum
2253 2055 2663 2124 sempiternum.
2712 2055 2914 2110 Omnes
2963 2055 2999 2109 ii
3049 2056 3144 2126 qui
3189 2065 3475 2112 transeunt
3508 2073 3676 2128 super

2091 2160 2153 2198 ea
2211 2145 2618 2213 obstupescent,
2678 2155 2727 2200 ct
2792 2148 3212 2203 commovebunt
3271 2159 3433 2220 caput
3485 2167 3674 2206 suum.

2095 2233 2161 2287 1⁵1
2185 2234 2255 2303 (c)
2291 2235 2446 2288 Sicut
2487 2244 2710 2289 ventum
2743 2244 2934 2302 aestus,
2978 2237 3284 2309 dispergam
3313 2256 3407 2295 eos
3433 2252 3561 2296 ante
3592 2241 3679 2295 fa-

2093 2325 2230 2379 ciem
2264 2324 2608 2380 inimicorum
2652 2341 2875 2380 suorum
2909 2346 2922 2382 :
2960 2331 3026 2396 Χ
3055 2329 3130 2398 (d)
3158 2330 3442 2398 cervicem,
3472 2341 3526 2386 et
3559 2348 3673 2386 non

2094 2415 2340 2481 faciem1
2389 2417 2672 2471 ostendam
2723 2419 2801 2472 eis
2852 2419 2905 2472 in
2955 2420 3041 2473 die
3091 2421 3410 2490 perditionis
3453 2438 3675 2478 eorum.

2095 2510 2185 2564 18.
2225 2507 2290 2562 Et
2342 2509 2600 2563 dixerunt
2647 2526 2661 2560 :
2708 2507 2916 2573 Venite,
2968 2511 3273 2580 cogitemus
3311 2527 3478 2582 super
3523 2513 3682 2568 Jerc-

2096 2597 2260 2650 miam
2301 2597 2728 2666 cogitationem;
2765 2599 2891 2667 quia
2934 2615 3040 2653 non
3087 2601 3285 2669 peribit
3318 2601 3399 2656 lex
3432 2618 3462 2656 a
3495 2618 3683 2658 sacer-

2096 2688 2240 2749 dote,
2273 2696 2328 2741 et
2351 2689 2638 2743 consilium
2685 2704 2714 2742 a
2759 2689 2828 2759 (e)
2869 2691 3152 2760 prudente,
3189 2701 3244 2747 et
3273 2708 3453 2748 sermo
3477 2709 3508 2747 a
3549 2710 3684 2764 pro-

2096 2780 2277 2846 pheta.
2308 2779 2519 2843 Venite,
2549 2788 2604 2835 et
2642 2781 3014 2850 percutiamus
3049 2797 3174 2837 eum
3211 2784 3265 2838 in
3298 2785 3502 2853 lingua,
3531 2791 3602 2854 χ
3629 2796 3686 2842 et

2098 2886 2206 2924 non
2244 2871 2265 2938 1
2303 2871 2590 2926 audiemus
2625 2887 2816 2926 omnes
2852 2887 3134 2928 sermones
3163 2874 3302 2943 ejus.
3342 2875 3429 2929 19.
3467 2875 3684 2932 Exaudi

2099 2978 2206 3029 me,
2240 2962 2488 3027 Domine,
2517 2971 2572 3017 et
2609 2965 2809 3018 exaudi
2846 2981 3036 3020 vocem
3067 2966 3132 3036 (ι’)
3167 2967 3309 3036 juris
3340 2968 3470 3021 mei.
3498 2969 3593 3022 2ο.
3625 2969 3683 3023 Si

421 3057 474 3111 in
507 3055 732 3109 domum
765 3055 842 3124 (η)
872 3054 1043 3124 ﬁguli,
1075 3063 1129 3108 et
1160 3054 1234 3108 ibi
1271 3054 1456 3109 audies
1481 3055 1640 3109 verba
1683 3070 1822 3109 mea.
1855 3057 1909 3110 5.
1933 3055 1998 3112 Ει
2025 3070 2066 3126 C
2102 3053 2480 3107 retribuuntur
2527 3053 2669 3107 mala
2719 3068 2815 3124 pro
2860 3055 3054 3120 bonis;
3079 3056 3150 3126 (g)
3193 3057 3319 3126 quia
3351 3057 3516 3112 locuti
3551 3071 3686 3115 sunt

418 3149 676 3203 descendi
731 3148 788 3201 in
837 3147 1060 3202 domum
1110 3145 1280 3215 ﬁguli,
1322 3154 1375 3200 et
1425 3161 1553 3200 ecce
1607 3146 1722 3216 ipse
1762 3145 1997 3201 faciebat

418 3257 558 3310 opus
586 3242 659 3310 (ο)
684 3254 850 3308 super
874 3238 1144 3307 lapidibus
1171 3256 1184 3291 :
1213 3238 1266 3291 4.
1297 3247 1353 3292 et
1378 3239 1573 3292 cecidit
1593 3238 1805 3306 lagona,
1829 3254 1993 3308 quam

420 3332 539 3401 ipse
574 3330 808 3386 faciebat
843 3332 908 3395 ῖς(
942 3330 994 3382 in
1026 3329 1143 3383 luto
1175 3329 1197 3397 1
1253 3330 1307 3382 in
1343 3329 1591 3383 manibus
1625 3327 1701 3399 (p)
1737 3330 1852 3384 suis
1893 3351 1906 3382 :
1943 3338 1998 3384 et

422 3438 619 3478 rursus
663 3422 792 3477 fecit
818 3436 938 3475 eam
990 3421 1238 3489 lagonam
1286 3420 1534 3485 alteram,
1581 3429 1640 3475 ut
1685 3421 1888 3489 placuit
1922 3420 1995 3488 (q)

422 3531 607 3569 coram
629 3529 694 3568 eo
724 3514 922 3567 facere.
955 3513 1008 3567 5.
1046 3510 1111 3566 Et
1159 3509 1364 3566 factum
1403 3519 1490 3565 est
1524 3511 1745 3564 verbum
1782 3509 1996 3564 Domini

422 3607 492 3662 ad
520 3622 626 3671 me,
664 3605 890 3658 dicens:
941 3603 994 3656 6.
1033 3601 1112 3664 Si,
1157 3601 1617 3671 quemadmodum
1655 3601 1850 3670 ﬁgulus
1888 3601 1996 3663 hic,

426 3715 534 3752 non
577 3705 767 3767 potero
800 3695 976 3749 facere
1006 3707 1126 3758 vos,
1157 3692 1352 3748 domus
1377 3691 1610 3751 lsraelis,
1642 3695 1709 3759 Ξ(
1739 3693 1870 3745 dicit
1894 3690 2002 3744 Do-

427 3789 645 3844 minus?
677 3789 700 3855 1
732 3787 869 3842 Ecce
915 3788 1057 3842 sicut
1103 3786 1274 3840 lutum
1323 3786 1391 3853 >4<
1430 3785 1484 3838 in
1533 3785 1786 3838 manibus
1829 3784 1998 3852 figuli,

427 3884 500 3937 ita
538 3882 559 3948 1
585 3896 682 3935 vos
713 3879 844 3933 estis
866 3878 920 3932 in
957 3876 1209 3931 manibus
1230 3877 1471 3943 meis,)t(
1490 3875 1682 3930 domus
1716 3875 1926 3928 lsraelis
1952 3875 1998 3941 1.

429 3972 482 4026 7.
513 3974 583 4042 (r)
621 3971 699 4024 Ad
728 3983 998 4024 summam
1027 3968 1221 4037 loquar
1247 3981 1410 4034 super
1434 3975 1672 4035 gentem,
1703 3973 1796 4017 aut
1840 3979 2003 4033 super

427 4077 654 4130 regnum
688 4061 758 4130 (δ)
807 4060 872 4114 ad
927 4059 1222 4112 tollendum
1256 4073 1370 4120 eos,
1417 4059 1482 4125 Χ
1521 4065 1574 4110 et
1608 4055 1674 4109 ad
1713 4055 2003 4110 destruen-

426 4153 558 4205 dum
591 4151 638 4218 1,
668 4160 724 4205 et
753 4150 818 4204 ad
852 4148 1206 4218 perdendum.
1237 4147 1289 4200 8.
1324 4145 1389 4199 Et
1422 4153 1723 4200 revertetur
1752 4159 1885 4212 gens
1912 4143 2003 4197 illa

427 4258 461 4296 a
498 4244 656 4297 malis
680 4257 893 4306 eorum,
918 4255 1038 4309 qua:
1062 4241 1280 4294 locutus
1306 4254 1427 4292 sum
1468 4252 1632 4307 super
1669 4252 1731 4290 ea
1784 4255 1796 4288 :
1839 4235 2002 4290 etiam

429 4336 494 4404 (ι)
543 4349 698 4402 agam
745 4331 1118 4402 pcenitentiam
1153 4345 1250 4400 pro
1285 4331 1463 4396 malis,
1502 4346 1624 4399 qua:
1654 4329 1884 4398 cogitavi
1921 4326 2003 4381 fa-

2097 3144 2261 3198 simul
2289 3143 2366 3215 (Ir)
2389 3144 2657 3214 judicium
2693 3160 2756 3202 αι-
2792 3162 2960 3216 super
2991 3147 3230 3202 animam
3267 3163 3468 3214 meam,
3500 3160 3556 3205 et
3586 3167 3687 3222 po-

2100 3251 2228 3290 nere
2265 3237 2319 3289 in
2351 3245 2515 3306 caput
2558 3253 2716 3291 suum
2747 3237 2807 3306 (i.
2844 3254 2894 3293 e.
2943 3242 3131 3306 punire
3169 3251 3330 3295 semet
3366 3243 3553 3313 ipsos),
3591 3261 3687 3300 oc-

2098 3322 2377 3376 cultarunt
2409 3322 2455 3389 1.
2487 3321 2794 3379 Recordare
2819 3325 2948 3390 mei,
2980 3341 3106 3380 cum
3156 3328 3279 3382 steti
3326 3339 3453 3384 ante
3484 3329 3687 3386 faciem

2101 3423 2268 3477 tuam,
2297 3412 2363 3466 ad
2390 3413 2719 3482 loquendum
2762 3430 2860 3484 pro
2905 3415 2987 3471 eis
3029 3417 3171 3473 bona
3211 3419 3278 3474 ad
3321 3423 3688 3478 avertendum

2100 3503 2338 3559 furorem
2370 3514 2522 3559 tuum
2563 3505 2633 3559 ab
2652 3507 2752 3560 eis.
2794 3507 2882 3560 21.
2920 3505 3148 3578 Propter
3183 3511 3286 3566 hoc
3313 3511 3381 3566 da
3414 3513 3556 3568 ﬁlios
3593 3531 3692 3569 eo-

2101 3611 2222 3649 rum
2253 3597 2303 3649 in
2335 3595 2554 3660 famem,
2600 3605 2654 3652 et
2699 3597 2761 3667 (i)
2794 3613 3061 3669 congrega
3095 3615 3192 3656 eos
3229 3602 3283 3656 in
3313 3618 3541 3659 manum
3579 3609 3695 3677 gla-

2101 3687 2195 3740 dii.
2229 3686 2384 3741 Fiant
2411 3702 2608 3743 uxores
2630 3703 2820 3742 eorum
2853 3691 2974 3746 sine
3011 3691 3221 3760 liberis,
3265 3703 3321 3749 et
3365 3696 3544 3751 vidua:
3582 3717 3597 3752 :
3636 3708 3694 3754 et

2102 3779 2204 3832 viri
2239 3794 2429 3832 eorum
2457 3779 2567 3832 sint
2605 3779 2770 3834 occisi
2804 3789 3002 3846 morte,
3039 3782 3112 3852 (ἐς)
3147 3792 3203 3838 et
3233 3785 3463 3851 juvenes
3488 3803 3690 3845 eorum

2104 3868 2359 3923 cadentes
2392 3869 2447 3922 in
2484 3868 2666 3939 gladio
2699 3870 2751 3922 in
2784 3870 2947 3925 bello.
2995 3872 3086 3926 22.
3123 3873 3243 3929 Fiat
3267 3877 3477 3931 clamor
3508 3879 3566 3932 in
3598 3882 3694 3935 do-

2105 3960 2283 4014 mibus
2311 3974 2522 4026 eorum;
2553 3963 2620 4029 >ε<
2648 3961 2775 4030 quia
2813 3963 2835 4030 1
2868 3963 3108 4020 adduces
3133 3981 3294 4035 super
3323 3984 3419 4024 eos
3444 3969 3691 4027 latrones

2105 4050 2309 4116 subito,
2343 4051 2602 4120 quoniam
2637 4052 2700 4119 (ι)
2729 4051 2833 4106 fuit
2863 4054 2942 4108 eis
2981 4055 3207 4110 verbum
3244 4059 3310 4113 ad
3352 4060 3688 4128 capiendum

2105 4157 2214 4206 me,
2261 4149 2313 4195 et
2363 4142 2590 4212 laqueos
2633 4143 2964 4199 abdiderunt
3009 4161 3172 4216 super
3217 4164 3323 4205 me.
3365 4150 3459 4206 23.
3503 4150 3575 4207 Et
3609 4163 3687 4219 tu,

2109 4234 2358 4294 Domine.
2380 4234 2578 4288 novisti
2602 4249 2764 4290 omne
2791 4237 3083 4292 consilium
3107 4253 3318 4303 eorum,
3345 4241 3490 4310 quod
3520 4258 3689 4313 super

2108 4339 2196 4378 me
2223 4325 2274 4377 in
2316 4334 2546 4379 mortem
2572 4344 2584 4378 :
2610 4325 2704 4395 (m)
2731 4341 2798 4380 ne
2835 4328 3068 4383 mundes
3109 4329 3425 4399 iniquitates
3466 4346 3685 4396 eorum,

432 4395 555 4479 cere
578 4395 693 4478 eis.
840 4421 906 4476 Et
945 4423 1021 4493 (ιι)
1056 4423 1122 4478 ad
1153 4395 1657 4491 summamloquar
1683 4395 1846 4489 super
1874 4435 2006 4488 gen-
2037 4395 2081 4450 Ῐ)
2109 4427 2164 4468 et
2191 4427 2410 4484 peccata
2439 4431 2626 4471 eorum
2659 4417 2728 4471 ab
2748 4425 2874 4472 ante
2893 4417 3087 4474 faciem
3113 4395 3260 4474 tuam
3285 4435 3354 4476 ne
3375 4421 3586 4478 deleas.
3611 4425 3686 4494 (a)

433 4525 567 4582 tem,
595 4523 651 4569 et
681 4529 845 4584 super
889 4528 1140 4583 regnum,
1187 4521 1248 4568 ut
1289 4513 1582 4568 aadiﬁcetur
1627 4513 1826 4574 denuo,
1864 4518 1919 4564 et
1945 4517 2007 4564 ut

433 4606 750 4676 plautetur:
783 4603 872 4660 10.
905 4613 960 4660 et
987 4603 1187 4660 facient
1210 4604 1351 4658 mala
1380 4619 1564 4660 coram
1592 4618 1700 4668 me,
1734 4610 1793 4656 ut
1817 4617 1884 4656 ne
1903 4616 2004 4656 au-

430 4699 586 4754 diant
621 4714 810 4754 vocem
851 4713 1030 4754 meam
1063 4715 1079 4753 :
1128 4697 1290 4754 etiam
1317 4699 1397 4770 (ω)
1430 4711 1586 4768 agam
1627 4695 2001 4766 pmnitentiam

463 4991 474 5002 .
503 4917 574 4988 (θ)
597 4917 953 5002 Nummum

435 4999 661 5043 tionem.

436 5059 615 5112 laude.
674 5053 1103 5127 (nt)'AMIl>OAA,'
1118 5053 1341 5124 plateas.
1362 5055 1563 5127 A.,_S._,
1590 5053 1810 5127 palatia.

2110 4504 2230 4558 Fiat
2255 4506 2545 4562 inﬁrmitas
2568 4521 2758 4562 eorum
2788 4523 2972 4564 coram
3002 4518 3052 4564 te
3083 4527 3097 4564 :
3127 4510 3185 4565 in
3216 4519 3458 4582 tempore
3482 4511 3688 4571 furoris

2107 4597 2186 4651 tui
2217 4595 2302 4651 fac
2327 4597 2382 4651 in
2416 4597 2515 4652 eis.

2181 4687 2334 4744 CAP.
2357 4687 2792 4746 XIX—L'l‘unc
2811 4691 2952 4747 dixit
2974 4691 3240 4748 Dominus
3268 4693 3335 4748 ad
3361 4707 3450 4749 me
3474 4712 3488 4748 :
3513 4693 3685 4760 Vade,

985 4916 1282 4986 Principes.
1344 4917 1418 4984 (g)
1439 4916 1528 4979 A.,
1554 4923 1606 4986 et
1629 4913 1913 4986 habitabit.
1946 4983 1956 4986 _
1983 4911 2166 4986 (lt)A._,
2187 4911 2378 4966 limite.
2410 4911 2494 4976 S.,
2524 4911 2839 4986 profundo:
2889 4914 2954 4983 (i)
2979 4912 3070 4979 Α.,
3095 4911 3688 4986 s_acriﬁcjrrn_1_e£obla-

721 4986 792 5058 (k)
819 4979 1067 5058 ΜᾸΝΝΑ
1085 4979 1269 5058 [Lege,
1288 4979 2278 5058 nia—naaLVidesisquaradnotavimus
2300 4997 2465 5058 supra
2489 4979 2553 5035 ad
2574 4991 2780 5036 textum
2801 4979 3072 5058 Grzgeum.
3099 4981 3322 5052 Dracb.]
3395 4981 3458 5050 (ι)
3590 4998 3690 5058 pro

1875 5053 1950 5122 (η)
1973 5077 1988 5105 ι

2098 5053 2257 5122 liguli.
2331 5051 2522 5122 (o)_7A.,
2546 5067 2709 5120 super
2731 5061 2870 5106 rota.
2893 5051 2980 5119 8.,
3004 5067 3171 5122 super
3187 5051 3414 5120 organo.
3490 5053 3571 5120 (p)
3597 5055 3686 5112 Α.,

439 5129 607 5197 ﬁguli.
673 5120 962 5249 gququin
994 5120 1167 5179 oculis
1190 5127 1328 5190 ejus.
1410 5120 1607 5204 (ῖ)Α.ξ
1653 5120 1974 5208 S.,~subito.

439 5199 638 5249 subito.
718 5205 988 5249 ..staum.
1066 5196 1143 5249 (xl
1193 5197 1682 5249 A..acouiescam.
1760 5195 1833 5249 tu.
1878 5195 1967 5249 A..

2104 5120 2241 5191 )'Ad
2287 5120 2699 5176 eradicandum.
2781 5125 2844 5189 (ι)
2892 5123 2982 5184 Α..
3019 5120 3388 5190 acquiescam.
3466 5122 3549 5189 (η)
3595 5124 3684 5182 Α.,

2098 5202 2227 5246 secta
2258 5206 2406 5249 spes,
2450 5191 2578 5249 quiia
2627 5200 2751 5249 post
2779 5192 3140 5249 cogitationes
3171 5200 3406 5244 nostras.
3483 5190 3562 5249 (a)
3596 5195 3684 5249 Α..

438 5195 638 5252 subito.
673 5195 758 5258 S.,
784 5195 988 5265 statim.
1066 5196 1143 5265 (π)
1193 5197 1282 5260 Α.,
1315 5195 1682 5265 acquiescam.

1760 5193 1833 5261 (ξι)
1878 5195 1967 5256 Α.,
2022 5202 2227 5246 resecta
2258 5206 2406 5259 spes,
2450 5191 2578 5258 quia
2627 5200 2751 5260 post
2779 5192 3140 5260 cogitationes
3171 5200 3406 5261 nostras.

3483 5190 3684 5258 (ε).ςη

439 5267 870 5339 perversitatem.
949 5263 1050 5339 (Aa).
1069 5258 1157 5328 Άζ,
1193 5258 1323 5339 num
1351 5258 2044 5339 derelinquetura’Libauo
2068 5258 2514 5339 fortinsutfectura
2541 5258 2673 5339 n_i_x'?
2701 5262 2746 5314 si
2771 5258 3025 5339 deficient
3049 5275 3203 5328 aqum
3235 5260 3425 5339 aliena!
3455 5258 3684 5339 frigidm,

439 5328 667 5389 fluentes
691 5334 985 5388 deorsum?
1011 5328 1094 5397 3.,
1126 5350 1253 5387 num
1278 5333 1490 5387 deﬁciet
1515 5347 1544 5386 a
1577 5328 1725 5401 petra
1760 5331 1993 5385 uberum
2029 5331 2124 5401 nix
2151 5330 2378 5384 Libani?
2405 5331 2774 5401 auttollentur
2802 5331 2904 5401 rivi
2936 5344 3211 5401 aquarum
3245 5328 3552 5401 alienarum
3587 5328 3686 5382 fri-

439 5405 688 5473 gidarum
707 5404 730 5456 ?

449 5681 561 5724 tua.

805 5403 880 5473 (b)
922 5402 1007 5473 8.,
1052 5412 1107 5457 et
1139 5403 1440 5473 impingent
1480 5402 1534 5473 in
1571 5399 1674 5473 vijs
1713 5401 1848 5473 suis,
1891 5403 1946 5454 in
1994 5399 2205 5473 semitis
2244 5400 2591 5473 sempiternis
2623 5401 2691 5452 ad
2736 5399 2998 5454 eundum.

441 5469 740 5541 orientalis.
816 5469 894 5540 (d)
925 5472 1015 5536 Α.,
1046 5469 1289 5541 dorsum.
1317 5469 1337 5473 ⁷
1367 5471 1436 5541 (e)
1471 5472 1561 5536 A.,
1601 5469 1683 5536 S.,
1709 5471 1970 5539 sapiente.

2098 5471 2116 5538 ')
2149 5470 2716 5541 A.,_adversariorum
2757 5484 3023 5523 meorum.

445 5540 878 5610 foveamganima:
904 5556 1058 5610 meas.
1092 5540 1173 5605 S.,
1203 5543 1328 5610 quia
1357 5540 1612 5596 foderunt
1639 5541 2067 5608 corruptionem.

445 5606 510 5671 (ι)
541 5609 627 5673 Α.,
656 5607 910 5663 foderunt
933 5607 1164 5676 foveam,
1208 5606 1457 5680 subigent
1490 5626 1594 5666 me.
1676 5611 1770 5680 (ηε)
1801 5606 1892 5678 Α.,
1941 5628 1988 5664 ηε

2098 5606 2230 5679 ipies
2270 5606 2612 5679 iniquitatem
2656 5606 2871 5665 eorum.

3076 5397 3147 5468 (ε)
3179 5399 3271 5461 Α..
3314 5399 3458 5468 sicut
3493 5410 3688 5453 ventus

3104 5468 3178 5538 (g)
3217 5470 3308 5531 Α.,
3335 5478 3390 5522 et
3433 5467 3689 5522 foderunt

2147 5540 2220 5621 ςΙι)
2257 5537 2455 5621 Verba.
2538 5543 2597 5609 (ἱ)
2623 5539 2711 5605 Α.,
2749 5549 3053 5621 prosterno.
3084 5537 3326 5621 "(1034:,
3355 5547 3409 5592 et
3436 5539 3618 5621 electi.

2951 5608 3028 5679 (η)
3064 5607 3152 5670 Α.,
3183 5609 3293 5663 sint
3327 5623 3517 5662 coram
3552 5607 3686 5663 facie
