3834 6224
112 303 253 363 23.11
322 371 326 375 _

1347 312 1668 370 JEBEMIA’.
1714 317 1942 374 CAPUT
1982 319 2175 377 XXIV.

3235 336 3374 392 2342

111 419 377 490 ptantabo
393 433 510 482 eos,
536 399 606 475 et
635 435 741 474 non
768 421 1101 515 exstirpabo.
1135 423 1186 479 7.
1215 424 1280 478 Et
1313 426 1454 482 dabo
1484 429 1564 485 eis
1586 445 1703 493 cor,
1734 449 1776 502 Α
1809 432 1936 499 pleti
1986 433 2185 488 fuerint
2233 435 2286 488 hi
2337 437 2676 508 septuaginta
2725 439 2874 504 anni,
2916 443 2983 511 >κ
3029 449 3102 515 (g)
3143 447 3377 506 ulciscar

109 511 178 563 ad
211 511 652 579 cognoscendum
688 526 792 576 me,
845 514 988 582 quod
1013 528 1113 578 ego
1151 530 1270 570 sum
1303 516 1602 574 Dominus:
1643 530 1697 574 et
1799 537 1963 592 super
1990 527 2169 594 regem
2205 525 2494 598 Babylonis
2519 569 2532 593 ,
2578 539 2634 584 et
2677 530 2698 598 1
2740 548 2902 603 super
2947 511 3159 606 gentem
3203 541 3373 609 illam,

107 613 276 657 erunt
329 603 459 656 mihi
494 602 547 657 in
584 604 863 673 populum,
911 615 965 660 et
997 622 1096 673 ego
1143 622 1238 662 ero
1283 609 1364 662 eis
1395 611 1448 664 in
1485 610 1691 679 Deum;

107 696 243 765 quia
273 711 330 750 se
354 708 673 750 convertent
692 712 756 750 ex
778 706 890 752 toto
917 699 1079 754 corde
1106 715 1226 756 suo.
1264 700 1317 756 8.
1352 701 1418 756 Et
1465 710 1524 758 ut
1557 706 1693 760 finus

107 788 292 845 malae.
332 801 453 855 quae
503 803 610 841 non
665 792 1020 846 comedentur
1045 808 1156 861 pra:
1189 794 1395 851 malitia
1429 813 1546 857 sua,
1580 798 1694 853 haec

105 879 243 933 dicit
277 878 564 945 Dmuinus,
613 880 696 936 sic
729 882 937 936 tradam
985 882 1264 940 Sedeciam
1310 903 1489 959 regem
1514 889 1688 956 Judze,

104 981 159 1024 et
190 969 262 1040 (r)
295 981 577 1042 magnates
619 973 760 1042 ejus,
814 983 868 1028 et
919 977 1197 1031 residuum
1235 977 1560 1046 Jerusalem,
1596 984 1690 1053 qui

105 1062 315 1116 residui
362 1073 492 1117 sunt
546 1063 600 1118 in
657 1075 800 1121 terra
853 1067 977 1134 hac,
1025 1084 1145 1133 eos,
1204 1072 1296 1140 qui
1343 1073 1591 1129 habitant
1635 1076 1688 1130 in

108 1153 366 1225 IEgypto.
435 1155 487 1208 9.
543 1155 610 1210 Et
654 1157 794 1212 dabo
848 1173 943 1213 eos
973 1159 1042 1228 (δ)
1082 1161 1136 1214 in
1183 1161 1580 1232 dispersionem
1633 1167 1688 1221 in

108 1246 292 1298 omnia
321 1260 487 1314 regna
526 1253 704 1312 terrae,
737 1255 792 1301 et
824 1247 877 1300 in
913 1249 1288 1318 opprobrium,
1329 1261 1382 1306 et
1429 1252 1482 1306 in
1531 1252 1688 1307 fabu-

106 1337 238 1401 lam,
288 1346 342 1392 et
371 1337 434 1407 (ι)
465 1339 522 1393 1η
551 1339 759 1404 odium,
804 1349 858 1395 et
885 1340 937 1394 in
975 1342 1406 1398 maledictionem
1458 1344 1511 1398 in
1539 1346 1688 1400 omni

106 1427 249 1492 loco,
301 1445 412 1496 quo
464 1431 727 1500 expellam
781 1447 876 1487 eos
921 1433 1070 1488 illuc.
1135 1433 1222 1488 10.
1264 1432 1331 1491 Et
1379 1436 1588 1490 mittam
1632 1438 1686 1492 in

104 1534 198 1572 eos
227 1519 491 1589 gladium,
522 1521 831 1587 et'famem,
869 1534 923 1578 et
944 1526 1022 1594 (ιι)
1051 1535 1300 1585 mortem.
1341 1527 1516 1582 donec
1557 1543 1686 1583 cou-

107 1619 401 1664 sumantur
432 1611 500 1666 de
534 1621 697 1679 terra,
753 1630 918 1685 quam
957 1616 1082 1672 dedi
1113 1617 1216 1684 eis,
1247 1619 1314 1686 )t(
1344 1627 1398 1673 et
1438 1620 1687 1688 patribus

106 1715 297 1753 eorum

1797 611 1930 666 dicit
1961 612 2242 681 Dominus,
2277 616 2592 686 iniquitates
2625 633 2812 674 eorum
2837 660 2852 683 ,
2884 630 2937 676 et
2969 639 3134 692 super
3171 634 3373 683 terram

1795 702 2210 770 Chaldaeorum,
2255 715 2309 762 et
2347 723 2542 777 ponam
2582 725 2676 765 eos
2725 713 2778 764 in
2823 713 3046 767 exitium
3092 729 3375 786 sempiter-

1795 809 1926 848 num
1963 795 2024 862 1,
2063 797 2149 850 15.
2179 806 2232 852 et
2269 797 2522 853 inducam
2554 816 2718 870 super
2742 811 2940 857 terram
2971 806 3153 859 omnia
3186 809 3371 871 verba,

1793 901 1916 956 qua:
1942 886 2159 943 locutus
2184 904 2305 944 sum
2334 904 2498 958 super
2517 906 2580 944 ea
2606 908 2620 956 ;
2647 894 2852 954 omnia,
2877 911 2999 963 quae
3021 896 3219 964 scripta
3246 907 3373 952 sunt

1793 974 1847 1028 in
1875 975 2016 1030 libro
2047 977 2171 1041 hoc,
2205 993 2326 1048 qua:
2365 980 2709 1049 prophetavit
2743 981 2975 1038 Jeremia
3006 1000 3169 1055 super
3197 988 3375 1041 omni-

1792 1064 1895 1120 bus
1928 1067 2200 1136 gentibus.
2251 1069 2334 1124 14.
2380 1073 2447 1139 >κ
2482 1071 2558 1142 (Ιι)
2597 1073 2736 1139 Quia
2775 1075 3058 1130 coluerunt
3091 1078 3370 1132 servitium

1791 1155 1846 1208 in
1874 1155 1956 1212 eis
2004 1156 2130 1210 item
2166 1157 2299 1227 ipsis
2328 1169 2514 1228 gentes
2561 1163 2778 1228 multat,
2815 1173 2868 1217 et
2902 1179 3054 1234 reges
3085 1168 3286 1234 magni,
3321 1176 3373 1220 et

1791 1245 2094 1301 retribuam
2119 1247 2198 1303 eis
2232 1250 2531 1304 secundum
2565 1265 2703 1320 opus
2735 1267 2944 1316 eorum,
2979 1261 3032 1308 et
3071 1257 3370 1309 secundum

1791 1334 1934 1391 facta
1958 1352 2220 1393 manuum
2250 1354 2438 1395 eorum
2463 1339 2512 1408 1.
2545 1341 2630 1394 15.
2667 1340 2803 1408 Quia
2833 1343 2910 1397 sic
2934 1345 3071 1398 dixit
3111 1344 3372 1400 Dominus

1789 1428 1934 1483 Deus
1976 1430 2191 1486 lsraelis
2222 1431 2289 1486 ad
2333 1447 2419 1486 me
2459 1451 2472 1486 :
2520 1431 2688 1488 Sume
2720 1435 2946 1488 calicem
2990 1435 3102 1488 viui
3150 1436 3212 1506 (ἱ)
3263 1451 3368 1490 nou

1789 1521 1941 1577 mixti
1970 1522 2134 1593 hujus
2159 1539 2226 1578 ex
2262 1539 2428 1579 manu
2464 1541 2604 1588 mea,
2639 1535 2690 1581 et
2728 1527 2884 1581 dabis
2917 1527 3209 1583 bibendum
3245 1545 3368 1583 eum

1789 1615 2044 1670 omnibus
2082 1617 2356 1685 gentibus,
2399 1618 2466 1673 ad
2503 1633 2642 1688 quas
2679 1634 2778 1690 ego
2821 1619 2978 1674 mitto
3023 1627 3074 1673 te
3113 1639 3125 1673 :
3198 1621 3284 1674 16.
3317 1631 3371 1676 et

1788 1706 1989 1769 bibent,
2026 1707 2098 1778 (lt)
2131 1717 2187 1764 et
2221 1720 2492 1774 evoment,
2526 1720 2580 1765 et
2619 1710 2888 1765 insanient
2917 1711 2986 1764 ab
3018 1722 3142 1765 ante
3174 1710 3367 1766 faciem

179 1789 318 1859 Cap.
355 1789 678 1848 XXV.-—l.
716 1794 779 1865 (')
813 1793 1074 1862 Verbum,
1108 1797 1252 1865 quod
1285 1797 1484 1854 factum
1509 1808 1592 1855 est
1617 1799 1683 1854 ad
1717 1808 1758 1862 Β
1787 1798 1972 1866 gladii,
2004 1815 2167 1870 quem
2205 1815 2308 1871 ego
2347 1803 2504 1855 mitto
2547 1801 2602 1855 in
2647 1802 2889 1856 medium
2930 1817 3142 1856 eorum.
3180 1803 3267 1856 17.
3301 1807 3369 1872 Χ

103 1878 395 1936 Jeremiam
438 1900 604 1954 super
649 1899 868 1940 omnem
918 1889 1176 1957 populum
1221 1887 1396 1958 Iudae,
1442 1892 1495 1946 in
1542 1907 1688 1948 anno

103 1983 300 2040 quarto
325 1972 535 2029 Joacim
565 1975 656 2028 filii
686 1974 849 2032 Josize
885 1980 1027 2050 regis
1061 1978 1214 2035 Judaa
1244 1998 1258 2034 :
1293 1981 1338 2036 is
1372 1983 1438 2049 )t(
1472 1990 1554 2037 est
1590 1998 1686 2036 au-

103 2079 206 2117 nus
267 2064 480 2133 primus
540 2066 1098 2125 Nabuchodonosoris
1163 2074 1307 2143 regis
1368 2072 1680 2145 Babylonis,

97 2153 329 2208 verbum
360 2155 410 2223 1,
434 2156 488 2210 2.
514 2159 656 2224 quod
681 2158 896 2214 locutus
919 2171 1002 2216 est
1021 2163 1089 2230 x
1111 2161 1344 2218 Jeremia
1366 2166 1626 2234 propheta
1653 2168 1674 2236 1

96 2245 163 2298 ad
197 2261 416 2302 omnem
441 2249 701 2318 populum
726 2248 966 2317 Judm,et
993 2255 1059 2307 ad
1089 2255 1398 2310 habitantes
1438 2255 1490 2310 in
1519 2254 1681 2310 Jeru—

95 2338 293 2401 salem,
332 2339 520 2397 dicens
553 2361 567 2397 :
604 2343 657 2397 3.
703 2345 780 2417 (a2)
813 2344 868 2398 in
903 2361 1048 2400 anno
1080 2351 1242 2401 tertio
1271 2349 1484 2402 decimo
1521 2347 1684 2404 Josiae

95 2431 191 2484 filii
212 2431 388 2488 Amon
415 2434 555 2505 regis
582 2435 754 2501 Judaz,
772 2449 825 2491 et
845 2454 1018 2508 usque
1037 2440 1103 2493 ad
1131 2441 1272 2494 diem
1299 2442 1630 2509 liuncxisti
1655 2441 1678 2510 1

98 2533 213 2579 tres
253 2534 310 2579 et
339 2526 529 2596 viginti
565 2530 712 2594 anni,
748 2531 815 2598 >ε<
847 2530 1049 2585 factum
1089 2542 1174 2588 est
1207 2534 1434 2588 verbum
1468 2534 1682 2588 Domini

93 2615 161 2667 ad
186 2629 275 2668 me
311 2615 333 2682 1
371 2630 386 2668 :
427 2625 481 2670 et
502 2618 717 2674 locutus
749 2635 868 2674 sum
896 2623 962 2675 ad
991 2637 1108 2687 vos,
1138 2631 1482 2679 antevertens
1512 2635 1565 2678 et
1594 2623 1682 2678 di-

91 2720 248 2771 cens,
272 2707 396 2776 Xet
417 2724 527 2763 non
550 2711 834 2765 audivistis
858 2730 870 2766 :
893 2711 944 2765 4.
968 2713 1042 2781 (y)
1071 2721 1125 2766 et
1147 2713 1270 2767 misi
1289 2714 1354 2767 ad
1377 2729 1473 2768 vos
1493 2730 1681 2770 omnes

92 2813 288 2854 servos
318 2815 470 2855 meos
504 2801 819 2872 prepbetas,
872 2803 927 2856 in
969 2804 1237 2859 matutino
1283 2805 1588 2873 mittebam,
1627 2815 1682 2862 et

93 2904 204 2943 non
254 2891 560 2953 audivistis,
598 2903 653 2947 et
699 2893 770 2965 (ι)
811 2910 920 2950 non
964 2895 1273 2950 attendistis
1312 2897 1540 2952 auribus
1591 2913 1682 2953 ve-

91 2981 226 3034 stris
259 2983 327 3051 χ(
366 2983 434 3038 ad
467 2984 795 3039 audiendum
829 2986 850 3054 1
879 3028 894 3052 ,
935 2986 988 3041 5.
1041 2986 1230 3042 dicens
1265 3007 1279 3041 :
1323 2988 1677 3046 Revertimini

91 3089 243 3129 nunc
276 3076 352 3146 (a)
394 3077 774 3148 unusquisque
817 3093 850 3134 a
890 3080 976 3133 via
1006 3096 1105 3135 sua
1141 3071 1305 3147 mala,
1335 3094 1388 3138 et
1415 3099 1445 3138 a
1483 3086 1678 3140 studiis

91 3165 259 3221 malis
307 3167 525 3234 vestris,
571 3177 626 3223 et
664 3169 976 3226 babitabitis
1025 3171 1079 3225 in
1131 3182 1296 3239 terra,
1346 3191 1511 3244 quam
1555 3177 1677 3232 dedi
1706 3200 1748 3255 ο

92 3257 273 3317 vobis.
303 3266 360 3314 et
391 3260 638 3329 patribus
669 3264 864 3318 vestris
898 3279 928 3318 a
959 3265 1181 3328 saeculo,
1210 3280 1262 3320 et
1295 3282 1469 3337 usque
1493 3268 1546 3322 in
1576 3285 1680 3324 saa-

93 3350 301 3405 culum.
330 3350 384 3405 6.
417 3349 808 3410 Neambuletis
831 3366 956 3424 post
983 3357 1115 3412 deos
1149 3358 1377 3422 alienos,
1407 3359 1471 3414 ad
1499 3361 1680 3416 colen—

92 3443 222 3498 dum
280 3444 564 3500 servitium
611 3447 714 3512 eis,
773 3456 827 3502 et
875 3449 942 3503 ad
988 3449 1325 3505 adorandum
1369 3466 1483 3517 eos,
1517 3462 1578 3506 ut
1612 3468 1680 3508 ne

91 3535 318 3592 irritetis
364 3553 453 3592 me
497 3538 554 3592 in
602 3540 861 3609 Operibus
909 3557 1172 3596 manuum
1227 3551 1552 3609 vestrarum,
1604 3545 1671 3599 ad

91 3628 549 3685 malefaciendum
580 3631 756 3695 vobis,
795 3632 844 3687 7.
875 3643 928 3688 et
957 3649 1064 3688 non
1093 3635 1322 3690 audistis
1357 3651 1462 3702 me,
1496 3638 1565 3704 )a(
1598 3637 1680 3690 di-

90 3723 162 3776 cit
195 3722 484 3790 Dominus,
528 3731 586 3778 ut
630 3725 854 3780 irritetis
892 3741 979 3780 me
1017 3725 1070 3780 in
1111 3727 1371 3796 operibus
1415 3744 1677 3782 manuum

90 3822 402 3869 vestrarum
427 3856 442 3883 ,
469 3815 536 3870 ad
567 3816 708 3871 male
739 3815 1048 3872 faciendum
1075 3819 1232 3874 vobis
1271 3819 1319 3888 1.
1364 3819 1416 3874 8.
1450 3819 1678 3890 Propter

90 3906 197 3961 hoc
238 3907 356 3962 haec
401 3908 534 3962 dicit
576 3907 841 3965 Dominus
874 3913 942 3980 >ε<
987 3911 1250 3967 virtutum
1297 3913 1366 3981 1,
1412 3911 1551 3979 Quia
1603 3912 1677 3984 (b)

90 4015 199 4053 non
231 4000 542 4056 credidistis
572 4001 754 4064 verbis
779 4003 938 4066 meis,
969 4003 1022 4057 9.
1056 4019 1182 4058 ecce
1207 4007 1275 4073 X
1306 4020 1407 4076 ego
1437 4005 1459 4074 1
1494 4008 1676 4073 mitto,

89 4100 143 4146 et
172 4107 390 4147 sumam
415 4094 484 4162 (ε)
513 4108 732 4147 omnem
764 4094 960 4148 tribum
993 4095 1288 4164 aquilonis,
1317 4097 1384 4163 >ε<
1413 4096 1542 4150 dicit
1575 4095 1680 4150 Do-

89 4182 300 4247 minus,
337 4192 393 4238 et
431 4183 499 4238 ad
531 4183 1128 4240 Nabuchodonosorem
1169 4201 1351 4257 regem
1383 4187 1676 4259 Babylonis

88 4290 312 4330 servum
366 4291 549 4331 meum
589 4280 636 4345 1,
694 4285 748 4332 et
799 4277 1066 4332 adducam
1113 4292 1209 4333 eos
1259 4294 1424 4348 super
1474 4289 1674 4336 terram

88 4370 258 4431 hanc,
293 4377 348 4423 et
384 4383 549 4438 super
601 4368 909 4424 habitantes
960 4369 1013 4422 in
1045 4384 1130 4435 ea,
1175 4379 1231 4425 et
1276 4386 1439 4441 super
1483 4387 1676 4428 omnes

88 4470 304 4531 gentes,
339 4476 463 4530 quae
494 4460 548 4515 in
587 4461 818 4517 circuitu
847 4462 987 4533 ejus.
1026 4463 1102 4533 (ἀ)
1129 4473 1182 4518 et
1217 4465 1442 4520 vastabo
1466 4481 1580 4531 eos,
1622 4475 1674 4520 et

1787 1887 1853 1942 Et
1891 1890 2064 1945 sumsi
2107 1890 2130 1959 1
2172 1891 2394 1947 calicem
2432 1906 2499 1946 ex
2537 1908 2702 1946 manu
2747 1893 2983 1960 Domini,
3027 1903 3083 1950 et
3123 1896 3246 1950 dedi
3281 1897 3366 1951 bi-

1786 1980 2020 2035 bendum
2053 1983 2307 2038 omnibus
2342 1985 2596 2054 gentibus
2618 2024 2634 2047 ,
2671 1986 2739 2039 ad
2772 2002 2911 2055 quas
2943 1986 3091 2041 misit
3130 2003 3214 2041 me
3254 1986 3366 2042 Do-

1786 2074 1966 2128 minus
2001 2077 2069 2144 >ε<
2103 2075 2167 2145 (ι)
2199 2075 2268 2131 ad
2297 2091 2390 2132 eas
2427 2075 2450 2145 1
2492 2093 2504 2129 :
2551 2077 2640 2133 18.
2679 2077 2980 2134 Jerusalem
3002 2120 3017 2144 ,
3051 2087 3106 2134 et
3139 2079 3365 2134 urbibus

1783 2163 1958 2229 Iudae,
1985 2173 2039 2221 et
2059 2169 2278 2238 regibus
2303 2168 2444 2236 ejus,
2470 2178 2524 2223 et
2545 2170 2882 2240 principibus
2902 2171 3042 2241 ejus,
3070 2171 3136 2225 ad
3163 2185 3365 2241 ponen-

1783 2258 1912 2312 dum
1943 2273 2038 2314 eos
2071 2258 2126 2313 in
2167 2261 2586 2324 desolationem,
2632 2270 2686 2316 et
2719 2262 2814 2331 (m)
2856 2263 2910 2316 in
2947 2278 3052 2316 non
3093 2262 3360 2332 pervium,

1782 2359 1837 2402 et
1864 2349 1917 2402 in
1951 2351 2192 2416 sibilum,
2221 2353 2289 2419 Ἀ(
2321 2360 2377 2407 et
2404 2351 2456 2405 in
2485 2352 2918 2408 maledictionem
2949 2353 3002 2406 in
3030 2353 3119 2407 die
3151 2353 3258 2408 hoc
3285 2352 3305 2419 1
3347 2371 3360 2404 :

1787 2441 1870 2494 i9.
1913 2450 1967 2495 et
1995 2441 2268 2497 Pharaoni
2301 2443 2415 2513 regi
2454 2441 2693 2513 Egypti,
2735 2452 2790 2497 et
2827 2447 3000 2499 servis
3033 2444 3172 2514 ejus,
3203 2452 3258 2498 et
3286 2443 3364 2513 (η)

1782 2533 2124 2601 magnatibus
2147 2534 2286 2603 ejus,
2315 2534 2405 2588 20.
2439 2546 2492 2590 et
2521 2537 2671 2589 omni
2702 2537 2900 2606 populo
2930 2537 3070 2604 ejus,
3103 2543 3157 2589 et
3181 2537 3363 2590 omni-

1781 2624 1884 2677 bus
1916 2625 2098 2679 mixtis
2127 2624 2270 2694 ejus,
2305 2634 2361 2680 et
2394 2627 2648 2681 omnibus
2682 2629 2898 2699 regibus
2931 2627 3254 2690 insularum,
3296 2629 3364 2695 Χ

1780 2725 1834 2768 et
1856 2717 2110 2771 omnibus
2137 2717 2356 2787 regibus
2381 2725 2538 2772 terrae
2561 2719 2636 2789 (0)
2667 2719 3091 2788 alienigenarum
3124 2718 3171 2786 1,
3197 2718 3362 2772 etiam

1780 2806 2060 2872 Ascaloni,
2107 2818 2163 2862 et
2193 2808 2372 2874 Gazae,
2417 2819 2474 2864 et
2513 2814 2780 2872 Accaron,
2823 2817 2878 2863 et
2918 2808 3136 2863 residuo
3182 2808 3360 2870 Azoti,

1781 2898 1869 2953 2!.
1904 2908 1958 2953 et
1992 2901 2260 2964 ldummae,
2301 2912 2356 2957 et
2391 2901 2695 2968 Moabitidi,
2728 2911 2784 2957 et
2815 2901 2943 2956 filiis
2971 2902 3228 2966 Ammon,
3267 2899 3357 2954 22.

1783 3001 1833 3046 et
1864 2991 2118 3046 omnibus
2151 2994 2371 3063 regibus
2404 2992 2554 3064 Tyri,
2584 3002 2639 3048 et
2663 2993 2920 3048 omnibus
2955 2992 3175 3062 regibus
3202 2989 3363 3044 Sido-

1785 3085 1892 3146 nis,
1928 3088 1993 3153 >ε<
2019 3093 2071 3138 et
2101 3086 2318 3154 regibus
2352 3087 2655 3141 insularum
2687 3085 2736 3154 1,
2767 3086 2857 3155 qui
2888 3096 3035 3140 trans
3070 3098 3238 3146 mare,
3268 3082 3358 3138 25.

1782 3187 1834 3230 et
1867 3174 2074 3242 Dadan,
2103 3187 2156 3231 et
2186 3177 2453 3245 Theman,
2485 3187 2537 3234 et
2565 3167 2696 3240 Boz,
2723 3186 2777 3232 et
2807 3179 2955 3233 omni
2985 3186 3144 3232 tonso
3172 3189 3362 3230 versus

1783 3262 1976 3317 faciem
2009 3278 2187 3330 suam,
2216 3263 2306 3318 24.
2338 3273 2392 3319 et
2425 3265 2682 3320 omnibus
2715 3266 2934 3335 regibus
2962 3268 3026 3331 >ε<
3059 3262 3274 3316 Arabiae
3311 3260 3360 3328 1,

1780 3363 1833 3408 et
1870 3357 2126 3410 omnibus
2160 3359 2228 3426 >κ
2269 3358 2488 3427 regibus
2539 3357 2897 3424 1commixtis
2919 3399 2934 3422 ,
2957 3355 3362 3411 diversantibus

1781 3447 1836 3500 in
1865 3447 2104 3512 deserto,
2135 3449 2224 3503 25.
2261 3451 2329 3518 Ἀ(
2363 3457 2416 3504 et
2451 3450 2708 3504 omnibus
2749 3451 2966 3519 regibus
2997 3447 3179 3501 Zamri
3217 3446 3267 3514 1,
3307 3453 3362 3501 et

1779 3539 2036 3594 omnibus
2065 3540 2282 3609 regibus
2321 3539 2524 3603 IElam,
2554 3550 2610 3596 et
2640 3543 2899 3596 omnibus
2929 3540 3144 3609 regibus
3175 3537 3362 3594 Persa-

1781 3645 1924 3696 rum,
1955 3631 2046 3686 26.
2090 3641 2146 3687 et
2175 3633 2432 3688 omnibus
2463 3634 2682 3702 regibus
2715 3633 3010 3703 aquilonis,
3042 3633 3136 3703 qui
3169 3645 3359 3702 prope,

1779 3730 1833 3776 et
1866 3725 1960 3792 qui
1987 3722 2166 3794 longe,
2205 3725 2502 3794 unicuique
2539 3727 2605 3778 ad
2635 3724 2856 3779 fratrem
2885 3741 3068 3788 suum,
3101 3734 3154 3781 et
3183 3726 3362 3778 omni-

1780 3814 1884 3870 bus
1912 3816 2092 3885 regnis
2129 3824 2306 3883 terrm,
2339 3833 2460 3886 qua:
2494 3832 2658 3886 super
2680 3816 2820 3871 facie
2860 3825 3035 3878 terrm,
3073 3818 3139 3883 Χ
3169 3824 3223 3870 et
3248 3816 3360 3886 regi

1782 3904 1937 3960 Sisac
1970 3908 2019 3976 1,
2061 3906 2208 3961 bibet
2247 3906 2323 3978 (p)
2357 3907 2738 3977 unusquisque
2759 3922 2824 3961 ex
2855 3907 2955 3961 eis.
2987 3905 3079 3959 27.
3119 3903 3186 3958 Et
3209 3904 3360 3959 dices

1780 3998 1848 4052 ad
1894 4013 2038 4054 eos:
2083 3998 2175 4053 Sic
2220 3999 2357 4053 dixit
2407 3998 2668 4054 Dominus
2705 3999 2780 4068 (q)
2823 3997 3170 4066 omnipotens
3215 3995 3361 4050 Deus

1780 4089 1994 4146 lsraelis
2033 4108 2045 4144 :
2097 4089 2291 4157 Bibite,
2331 4098 2386 4144 et
2421 4089 2788 4155 inebriamini,
2818 4098 2872 4144 et
2913 4087 3136 4152 vomite,
3177 4096 3232 4142 et
3271 4101 3359 4141 ca-

1777 4182 1938 4247 detis,
1987 4190 2172 4237 etnon
2196 4183 2490 4252 resurgetis
2516 4183 2585 4237 ab
2611 4194 2735 4237 ante
2761 4182 2951 4238 faciem
2982 4183 3166 4252 gladii,
3197 4197 3358 4252 quem

1779 4279 1991 4332 mittam
2029 4277 2173 4332 inter
2207 4293 2327 4334 vos.
2358 4277 2448 4332 28.
2477 4276 2544 4331 Et
2569 4277 2676 4330 erit
2709 4276 2926 4346 quando
2955 4289 3064 4329 non
3094 4274 3358 4330 voluerint

1779 4373 2026 4442 accipere
2058 4370 2284 4426 calicem
2316 4385 2344 4424 a
2386 4385 2552 4424 manu
2584 4377 2699 4433 tua,
2737 4378 2797 4423 ut
2833 4368 3041 4434 bibant,
3082 4368 3244 4424 etiam
3271 4369 3358 4422 di-

1779 4481 1871 4520 ces
1897 4466 1977 4520 eis
2013 4481 2026 4517 :
2063 4462 2154 4519 Sic
2183 4462 2319 4518 dixit
2345 4460 2605 4516 Dominus
2638 4461 2902 4516 virtutum
2935 4478 2947 4514 :
2985 4459 3228 4516 Bibendo
3274 4459 3360 4514 bi-

88 4553 236 4607 dabo
265 4567 362 4607 eos
396 4553 448 4606 iu
479 4552 727 4618 exitium,
762 4563 814 4607 et
846 4555 898 4607 in
924 4554 1168 4620 sibilum,
1201 4553 1269 4626 (e)
1300 4565 1354 4611 et
1392 4557 1444 4610 in
1476 4572 1676 4626 oppro-
1707 4547 1752 4601 1)
1781 4559 1954 4626 betis;
1992 4556 2083 4612 29.
2120 4557 2247 4626 quia
2271 4557 2337 4622 >ε<
2367 4569 2495 4609 ecce
2527 4555 2551 4624 1
2589 4554 2643 4608 in
2671 4554 2824 4619 urbe,
2870 4569 2992 4622 quae
3017 4553 3358 4607 nominatum

87 4645 273 4700 brium
308 4644 700 4714 sempiternum
740 4664 752 4699 :
804 4646 891 4701 10.
928 4655 983 4700 et
1017 4646 1236 4716 perdam
1271 4663 1336 4703 ex
1370 4648 1450 4703 eis
1485 4664 1673 4704 vocem

89 4735 300 4808 gaudii,
333 4744 387 4790 et
420 4750 607 4790 vocem
641 4735 842 4790 laetitiae
869 4776 883 4800 ,
911 4751 1102 4791 vocem
1139 4737 1326 4806 sponsi
1351 4775 1366 4800 ,
1404 4746 1457 4792 et
1484 4753 1676 4792 vocent

89 4843 335 4898 sponsae,
389 4841 576 4881 vocem
629 4827 809 4890 molae,
852 4835 906 4880 et
950 4828 1132 4881 lumen
1185 4827 1436 4882 lucernae.
1480 4828 1567 4882 ll.
1609 4827 1678 4882 Et

89 4921 198 4974 erit
227 4919 409 4974 omnis
438 4928 579 4973 terra
611 4921 678 4987 )3:
712 4920 826 4973 haec
857 4917 911 4971 in
940 4918 1350 4985 desolationem,
1384 4918 1449 4990 (n
1475 4929 1529 4974 et
1565 4920 1588 4988 1
1621 4921 1673 4974 in

90 5013 326 5067 exitium
364 5030 378 5066 :
416 5021 472 5066 et
503 5013 682 5066 colent
713 5010 994 5067 servitium
1035 5011 1090 5065 in
1123 5012 1374 5082 gentibus
1426 5015 1495 5079 >θ<
1528 5012 1615 5067 bis
1649 5013 1674 5082 1

89 5105 209 5174 regi
240 5104 538 5176 Babylonis
585 5104 929 5174 septuaginta
962 5106 1140 5158 annis.
1178 5103 1263 5158 12.
1302 5103 1366 5158 Ει
1405 5120 1530 5159 cum
1574 5105 1680 5159 im-

167 5261 241 5333 (r)
277 5263 368 5327 Α.,
397 5258 482 5326 S.,
523 5257 904 5380 princigest)
932 5258 1020 5323 Α.,
1059 5257 1142 5323 8.,
1175 5261 1594 5342 commotionem
1628 5260 1682 5315 in
1716 5261 1859 5316 mala
1884 5259 2161 5340 _omnibus
2188 5258 2392 5341 regnis.
2487 5255 2554 5380 g)

173 5333 363 5380 mlam.
443 5331 521 5380 (ul
563 5331 652 5380 A..
743 5371 776 5380 ..
815 5338 1044 5380 uestem.
1099 5328 1162 5380 (Ὗ
1213 5331 1402 5380 Camta
1434 5341 1738 5380 sentiuntur
1776 5341 1837 5380 ut
1883 5347 1936 5380 ιιι
1969 5338 2118 5380 textu
2151 5328 2436 5380 Hebralco.
2537 5343 2554 5380 r

445 5302 482 5326 .,
523 5275 904 5384 princtgesqs)
932 5275 1020 5323 Α.,
1059 5275 1142 5323 5.,
1175 5275 1594 5316 commouonem
1628 5276 1682 5315 tn
1716 5275 1859 5316 mala
1907 5275 2161 5315 omnmus
2188 5275 2392 5328 regnis.

443 5331 521 5401 (ιι)
563 5331 652 5392 Α.,
741 5371 776 5401 .,
815 5338 1044 5401 pestem.
1099 5328 1162 5401 (')
1198 5330 1402 5401 Capita
1434 5341 1738 5400 sequuntur
1776 5341 1837 5385 ut
1861 5331 1937 5401 _in
1969 5338 2118 5384 textu
2151 5328 2436 5401 Hebraico.

93 5406 261 5458 tertio
292 5399 526 5456 decimo.
605 5402 678 5468 (ῃ)
729 5399 956 5464 Reliqui,
997 5408 1050 5452 et
1089 5399 1233 5452 Illisll
1263 5399 1542 5455 Dou‘linus.
1621 5404 1693 5467 (κ)
1727 5401 1817 5464 Α.,
1847 5399 1930 5465 8.,
1960 5416 2066 5453 non
2096 5399 2418 5453 inclinastis.

608 5470 798 5550 (e)}?
839 5469 1681 5550 S.,_omnes.consanguinitates

1784 5471 1844 5550 ᾳ)
1872 5469 2158 5550 A.,I_S_..net
2181 5469 2765 5550 perditioni‘devovebo
2791 5481 2906 5550 eos.
2961 5469 3050 5549 χε)

1443 5581 1480 5615 _.,
1518 5540 1600 5604 S.,
1634 5537 1885 5596 visitabo.
1952 5539 2027 5615 (_It)
2062 5537 2142 5601 S.,
2179 5541 2244 5615 in_
2272 5538 2584 5615 servitutem
2623 5537 2864 5606 redigeut
2887 5537 3032 5615 erum
3068 5538 3358 5615 etiam-eos

692 5605 730 5682 ζ,
749 5610 860 5665 iraa.
883 5609 969 5674 8.,
995 5608 1115 5682 Tha,
1133 5605 1358 5665 furoris."
1407 5609 1586 5682 (k)A.,
1604 5619 1656 5682 et
1675 5605 2170 5682 commovebuntur
2203 5607 2385 5682 simul,
2411 5605 2663 5682 etinique
2690 5617 2868 5682 agent.
2893 5605 2976 5682 S_.,
3005 5607 3132 5682 etin
3151 5605 3359 5682 deliciis

987 5680 1050 5756 _(_l)
1079 5680 1254 5756 _Super
1285 5674 1427 5756 eas:
1461 5674 1578 5750 '(m)‘
1603 5680 1690 5746 A.,
1715 5681 1770 5734 in
1797 5680 1999 5756 sterile.
2025 5676 2106 5742 S.,
2126 5679 2180 5730 in
2205 5679 2464 5756 exitium;
2518 5675 2596 5754 (rt)
2619 5674 2820 5756 7A.,'S.,
2853 5675 3189 5756 principibus
3219 5676 3357 5756 ejus.

93 5333 363 5389 fabulam.

92 5473 390 5529 audivistis
423 5487 530 5525 me.

87 5545 152 5598 in
180 5543 567 5598 vastationem.
644 5543 660 5608 (

93 5622 290 5682 gentes
314 5615 521 5667 multas.
562 5610 622 5680 (ἱ)

93 5681 298 5744 vivent,
335 5691 389 5736 et
416 5681 911 5735 tumultuabuntur.

737 5541 830 5611 Α.,
857 5539 983 5611 etin
998 5540 1215 5611 _sterile.
1293 5540 1366 5611 (g)
1388 5539 1480 5611 7A.,
1518 5540 1600 5604 S.,

1782 4659 1866 4706 est
1909 4664 2108 4704 nomen
2157 4662 2338 4701 meum
2386 4661 2549 4715 super
2586 4661 2728 4710 eam,
2769 4660 2868 4715 ego
2908 4645 3110 4713 incipio
3141 4643 3356 4698 malefa-

1785 4757 1910 4797 cere
1956 4758 1969 4796 :
2013 4748 2069 4795 et
2109 4754 2211 4795 vos
2255 4737 2570 4792 mundando
2613 4739 2681 4806 Ἀ(
2721 4735 3122 4790 mundabimiui
3157 4735 3205 4802 1,
3248 4751 3358 4791 non

1784 4830 2213 4896 mundabimiui;
2243 4829 2372 4898 quia
2409 4826 2648 4896 gladium
2693 4842 2793 4897 ego
2824 4828 3015 4881 invoco
3057 4843 3219 4897 super
3249 4843 3338 4882 om

1783 4943 1881 4982 nes
1908 4925 2214 4980 habitantes
2243 4937 2405 4992 super
2433 4931 2595 4987 terra,
2621 4921 2752 4976 dicit
2778 4919 3044 4974 Dominus
3072 4921 3357 4976 virtutum.

1786 5017 1875 5071 50.
1912 5015 1977 5072 Et
1995 5026 2069 5070 otu
2107 5015 2456 5084 prephetabis
2486 5027 2649 5081 super
2687 5025 2782 5066 eos
2809 5011 2992 5064 omnia
3027 5011 3188 5066 verba
3224 5011 3357 5077 haec,

1788 5115 1843 5160 et
1870 5103 2020 5161 dides
2053 5105 2118 5161 ad
2157 5120 2251 5160 eos
2287 5124 2299 5161 :
2337 5103 2604 5160 Dominus
2641 5115 2709 5155 ex
2747 5101 2963 5157 excelso
2996 5101 3066 5172 (r)
3098 5102 3338 5156 vaticina

2580 5255 2670 5321 A.,
2692 5255 2748 5311 in
2778 5255 3148 5326 proverbium.
3188 5255 3271 5320 S.,
3305 5257 3358 5310 in

2537 5325 2685 5381 rach.
2773 5325 2850 5396 (az)
2881 5328 2973 5391 A.,
3010 5325 3092 5392 8.,
3122 5330 3190 5380 ab
3216 5343 3358 5382 anno

2497 5395 2574 5467 (α)
2607 5397 2705 5468 Α.,,
2734 5395 2839 5450 vir.
2914 5397 3112 5468 (ιηΑη
3138 5397 3358 5468 S.,_non

1769 5471 1844 5542 (d)
1872 5468 2158 5542 A.,_S.._et
2183 5468 2467 5542 perditioni
2492 5465 2765 5542 de’vovebo
2791 5465 2929 5524 eos.‘
2961 5465 3050 5542 λε)
3080 5466 3169 5542 Α.,,
3201 5465 3282 5530 8.,
3308 5469 3357 5520 el

95 5757 172 5819 to)
192 5753 286 5818 Α.,
319 5751 406 5817 8.,
433 5751 689 5808 Felestin.
727 5749 786 5813 li.
805 5766 853 5806 e.
882 5743 1199 5810 Philistimll
1230 5751 1304 5812 tu)
1326 5743 1561 5807 Ultimus
1586 5743 1796 5808 corvum.
1838 5750 1912 5810 (ο)
1938 5747 2401 5809 A.,exercituum.
2425 5743 2508 5808 S.,
2527 5743 2810 5801 virtutum.
2853 5743 2923 5804 tr)
2949 5743 3142 5801 A..'S..
3163 5743 3357 5814 rugiet.
