3782 6222
430 311 570 366 2545

1609 308 1840 365 CODEX
1880 306 2557 364 SYRO-IIEXAPLARIS.

3557 310 3694 368 εἰιὶ

427 421 577 476 bitur
609 437 624 476 :
657 418 724 475 de
760 426 950 476 sancto
983 433 1086 474 suo
1120 418 1271 474 dabit
1302 432 1507 485 vocem,
1545 431 1599 475 et
1624 437 1686 476 ex
1724 423 2010 477 habitacu-
2042 427 2086 483 Α
2117 419 2191 492 (q)
2238 419 2745 490 pseudoprophetae,
2787 426 2843 474 et
2886 418 3067 475 omnis
3099 419 3361 491 populus,
3407 420 3640 478 dicendo
3680 444 3692 478 ;

429 513 484 567 lo
533 521 724 568 sancto
766 512 919 568 dabit
958 526 1145 568 vocem
1185 527 1364 574 suam,
1411 514 1675 584 rugiendo
1724 516 1901 586 rugiet
1943 517 2014 586 (ε)

431 621 597 676 super
643 606 841 660 decore
896 619 1019 669 suo,
1063 604 1149 658 vel
1197 605 1527 660 cantilenam
1583 608 1728 662 sicut
1787 609 2014 663 verbum

431 713 592 751 suum
628 696 1016 751 vaticinabitur
1044 711 1210 765 super
1243 687 1367 751 loco
1393 712 1517 752 suo.
1549 696 1616 752 Et
1645 699 1744 762 illi,
1779 699 1921 754 sicut
1947 697 2012 768 (ι)

430 789 849 854 viudemiantes,
893 789 1305 859 respondebunt
1351 808 1363 842 :
1409 788 1587 858 Super
1627 804 1816 844 omnes
1855 790 2015 844 habi-

433 887 612 934 tantes
643 895 809 949 super
840 890 986 934 terra
1021 880 1099 949 (u)
1130 880 1281 934 venit
1305 879 1527 944 deletio,
1577 881 1664 935 51.
1699 897 1864 951 super
1886 897 2016 953 par-

431 980 542 1025 tem
576 982 737 1026 terra:
762 987 776 1036 ;
805 971 934 1041 quia
959 971 1225 1040 judicium
1253 969 1486 1026 Domino
1518 971 1575 1026 in
1606 974 1858 1043 gentibus
1889 975 2014 1045 :ju-

432 1061 634 1118 dicium
661 1072 878 1118 exercet
901 1062 1015 1132 ipse
1049 1062 1312 1119 adversus
1350 1079 1568 1120 omnem
1602 1081 1820 1121 carnem
1856 1086 1870 1122 :
1914 1068 2015 1122 im-

432 1155 506 1226 pii
537 1166 716 1211 autem
750 1155 860 1211 dati
891 1164 1019 1211 sunt
1045 1156 1099 1210 in
1129 1156 1391 1227 gladium,
1434 1157 1566 1212 dicit
1603 1157 1890 1216 Dominus.
1922 1160 2011 1215 '52.

432 1250 513 1320 (ευ)
547 1247 640 1303 Sic
686 1248 824 1302 dixit
857 1247 1120 1303 Dominus
1150 1250 1217 1316 >ε<
1261 1247 1525 1303 virtutum
1571 1251 1593 1320 ζ
1636 1267 1648 1303 :
1693 1249 1830 1305 Ecce
1872 1252 2015 1306 mala

431 1341 663 1395 veniunt
687 1355 754 1394 ex
796 1348 954 1408 gente
991 1354 1156 1410 super
1180 1348 1396 1408 gentem
1433 1358 1448 1394 :
1499 1348 1553 1394 et
1589 1341 1750 1394 turbo
1784 1357 2015 1412 magnus

435 1432 512 1503 (ν)
547 1432 821 1503 egreditur
845 1431 914 1486 ab
935 1438 1178 1486 extremo
1215 1438 1375 1485 terrae
1401 1448 1414 1485 :
1445 1432 1533 1486 55.
1562 1440 1617 1486 et
1649 1441 1810 1487 erunt
1844 1433 2016 1488 occisi

435 1541 466 1579 a
494 1523 726 1578 Domino
751 1523 805 1576 in
834 1523 919 1577 die
945 1522 1018 1593 (ι)
1047 1521 1284 1585 Domini,
1317 1522 1393 1592 (a)
1420 1537 1450 1577 a
1481 1531 1633 1591 parte
1657 1531 1814 1579 terra:
1843 1541 2017 1594 usque

435 1615 502 1669 ad
539 1623 745 1684 partem
781 1623 937 1668 terrae
973 1629 986 1665 :
1031 1615 1097 1682 >ε<
1130 1629 1236 1668 non
1266 1613 1614 1684 plangentur,
1656 1629 1833 1684 neque
1863 1615 2016 1670 colli-

435 1715 632 1774 gentur
674 1707 696 1774 ζ
745 1725 755 1759 :
801 1707 877 1776 (b)
921 1721 1030 1760 non
1070 1707 1402 1776 sepelientur
1444 1724 1458 1761 :
1507 1706 1562 1760 in
1614 1705 1802 1760 fimum
1851 1722 2016 1776 super

436 1795 576 1851 facie
603 1806 760 1852 terra:
773 1805 952 1851 erunt.
979 1796 1069 1850 54.
1108 1794 1344 1862 Ululate,
1377 1805 1646 1867 pastores,
1677 1807 1732 1852 et
1756 1797 2009 1865 clamate,

435 1897 490 1943 et
527 1889 599 1959 (ε)
636 1889 893 1959 plangite,
932 1889 1131 1943 arietes
1164 1887 1383 1954 ovium;
1425 1888 1555 1957 quia
1589 1889 1842 1957 completi
1890 1898 2019 1944 sunt

435 1981 554 2035 dies
596 1981 762 2036 vestri
795 1981 862 2034 ad
891 1980 1304 2044 mactationem,
1341 1989 1395 2034 et
1425 1983 1492 2047 Χ
1524 1979 1895 2049 dispersiones
1919 1995 2016 2035 ve-

435 2085 578 2130 stras
607 2075 656 2143 ζ.
690 2082 745 2128 et
772 2073 997 2138 cadetis,
1028 2072 1104 2142 (ά)
1140 2080 1199 2126 ut
1224 2072 1423 2127 arietes
1458 2072 1615 2126 electi
1646 2089 1658 2124 :
1694 2072 1783 2126 55.
1813 2079 1867 2126 et
1893 2087 2016 2141 per-

437 2167 538 2222 ibit
599 2165 724 2235 fuga
775 2182 806 2219 a
856 2164 1191 2234 pastoribus,
1243 2174 1298 2218 et
1340 2164 1491 2219 salus
1537 2162 1607 2234 (ε)
1655 2163 1725 2218 ab
1757 2164 2018 2217 arietibus

437 2253 638 2324 gregis.
670 2253 760 2308 56.
791 2251 906 2308 Vox
952 2252 1210 2307 clamoris
1247 2262 1558 2322 pastorum,
1590 2263 1647 2307 et
1673 2252 1914 2308 ululatus
1961 2268 2020 2306 a-

437 2347 632 2400 rietum
665 2345 864 2416 gregis,
897 2345 1028 2415 quia
1054 2344 1252 2400 delevit
1280 2344 1545 2400 Dominus
1579 2345 1646 2415 (r)
1678 2360 1883 2416 pascua
1927 2359 2020 2400 eo-

440 2449 561 2488 rum
598 2435 660 2504 ζ,
689 2434 780 2492 57.
812 2442 867 2489 et
903 2435 1198 2490 cessabunt
1234 2434 1308 2505 (g)
1345 2434 1569 2504 pulchra
1604 2434 1754 2504 pacis
1787 2434 1857 2490 ab
1893 2442 2021 2489 ante

438 2525 634 2581 faciem
672 2526 767 2580 irae
796 2524 1000 2582 furoris
1028 2526 1265 2581 Domini.
1295 2526 1384 2581 58.
1430 2524 1668 2596 Reliquit
1692 2526 1792 2598 (In),
1829 2535 1888 2580 ut
1913 2526 2018 2592 leo,

438 2619 800 2674 diversorium
831 2635 1024 2685 suum;
1075 2619 1203 2690 quia
1245 2618 1387 2673 facta
1419 2628 1504 2674 est
1542 2625 1684 2672 terra
1729 2634 1917 2673 eorum
1960 2618 2020 2689 (ἱ)

439 2712 493 2766 in
521 2727 629 2766 non
671 2713 938 2781 pervium,
975 2713 1044 2766 ab
1089 2720 1214 2766 ante
1252 2710 1447 2766 faciem
1479 2714 1544 2779 Ἀ(
1587 2709 1658 2781 (k)
1700 2711 1863 2782 gladii
1890 2726 2020 2772 .ma-

438 2805 532 2876 gni
569 2805 617 2874 ζ,
655 2811 710 2859 et
740 2805 809 2858 ab
837 2817 962 2858 ante
990 2803 1184 2859 faciem
1215 2804 1309 2858 ira:
1341 2801 1542 2856 furoris
1570 2801 1711 2871 ejus.

509 2896 646 2966 Cap.
677 2896 865 2952 XXVI.
900 2927 970 2941 -—
990 2897 1042 2950 1.
1095 2897 1152 2950 ln
1200 2895 1468 2966 principio
1521 2895 1664 2964 regis
1691 2893 1900 2950 Joacim
1927 2893 2021 2948 lilii

439 2988 607 3048 losite
634 2994 777 3060 regls
805 2988 957 3044 Iudae
983 2989 1185 3042 factum
1218 2997 1302 3042 est
1333 2987 1557 3042 verbum
1587 2987 1688 3040 hoc
1713 3003 1743 3040 a
1767 2985 2021 3050 Domino,

2121 512 2291 567 Morte
2320 513 2574 568 morieris
2599 529 2614 577 ;
2643 511 2696 566 9.
2733 511 2860 581 quia
2890 513 3229 582 prophetasti
3268 513 3502 568 nomine
3528 512 3695 569 Domi-

2117 603 2195 666 ni,
2219 603 2407 658 dicens
2441 619 2455 652 :
2487 601 2641 656 Sicut
2669 601 2805 666 Silo,
2830 603 2935 656 erit
2959 603 3153 658 domus
3181 603 3318 666 haec,
3346 611 3404 658 et
3432 604 3568 658 urbs
3591 605 3695 658 hac

2119 693 2420 748 vastabitur
2455 692 2523 764 (r)
2559 694 2629 748 ab
2660 693 3078 749 habitatoribus.
3107 693 3175 748 Et
3200 705 3614 766 congregarunt
3642 712 3694 750 se

2117 784 2296 837 omnis
2333 784 2568 852 populus
2605 798 2768 852 super
2808 780 3100 837 Jercmiam
3139 784 3194 838 in
3235 785 3410 838 domo
3459 782 3692 838 Domini.

2117 874 2205 928 10,
2237 873 2304 928 Ει
2358 876 2650 929 audierunt
2688 875 2960 945 principes
3013 873 3167 930 Judae
3218 876 3392 931 verba
3446 875 3590 941 haec,
3646 883 3694 930 et

2117 967 2479 1021 ascenderunt
2502 982 2566 1021 ex
2594 967 2758 1022 domo
2776 966 2918 1038 regis
2951 967 3005 1020 in
3033 968 3256 1022 domum
3287 965 3700 1031 Domini,etse-

2116 1058 2314 1113 derunt
2343 1058 2398 1112 in
2427 1059 2697 1114 vestibulo
2739 1070 2908 1129 portae
2933 1074 3088 1114 novae
3120 1058 3365 1114 Domini.
3403 1059 3498 1112 11.
3538 1059 3600 1112 Et
3627 1060 3698 1113 di-

2119 1158 2322 1206 xerunt
2361 1152 2694 1218 sacerdotes,
2733 1161 2785 1206 et
2817 1151 2885 1222 (s)
2917 1151 3413 1222 pseudoprophetae
3457 1153 3530 1205 ad
3557 1151 3699 1221 prin-

2115 1243 2290 1314 cipes,
2329 1251 2383 1298 et
2427 1245 2577 1298 omni
2624 1244 2846 1314 populo,
2901 1247 2969 1313 >ε<
3001 1244 3243 1299 dicentes
3294 1247 3317 1314 ζ
3367 1263 3385 1311 ;
3435 1244 3699 1314 judicium

2117 1334 2310 1388 mortis
2339 1334 2544 1388 homini
2587 1334 2735 1401 huic,
2765 1335 2894 1405 quia
2937 1334 3280 1405 prophetavit
3313 1326 3594 1389 adversus
3620 1351 3699 1388 ur-

2116 1424 2238 1480 bem
2267 1427 2428 1493 hanc,
2459 1428 2600 1481 sicut
2625 1427 2872 1482 audiistis
2912 1428 2964 1480 in
3004 1427 3227 1482 auribus
3256 1429 3486 1482 vestris.
3535 1427 3618 1479 19..
3647 1425 3701 1479 Et

2117 1514 2254 1568 dixit
2294 1514 2530 1569 Jeremia
2573 1517 2636 1570 ad
2689 1519 2756 1585 »ζ
2801 1531 2991 1572 omnes
3039 1519 3062 1586 ζ
3115 1518 3418 1588 principes,
3465 1525 3526 1572 et
3561 1517 3700 1570 omni

2117 1608 2338 1675 populo,
2371 1608 2559 1662 dicens
2593 1623 2606 1656 :
2645 1605 2908 1662 Dominus
2950 1608 3099 1662 misit
3136 1623 3224 1661 me
3266 1609 3335 1662 ad
3369 1609 3702 1678 prophetau-

2119 1699 2248 1753 dum
2300 1714 2464 1767 super
2505 1699 2731 1754 domum
2775 1699 2934 1764 hanc,
2994 1711 3047 1753 et
3095 1714 3260 1768 super
3307 1702 3510 1754 urbem
3571 1699 3699 1754 hanc

2121 1790 2282 1844 verba
2311 1793 2496 1845 omnia
2520 1829 2535 1854 ,
2586 1807 2707 1860 quae
2732 1791 3004 1846 audiistis.
3048 1791 3135 1846 15.
3164 1790 3230 1846 Et
3265 1807 3422 1846 nunc
3453 1792 3701 1846 meliores

2121 1882 2281 1937 facite
2313 1883 2430 1936 vias
2457 1892 2688 1948 vestras,
2716 1893 2768 1937 et
2797 1897 2962 1952 opera
2991 1892 3191 1948 vestra,
3219 1892 3274 1937 et
3301 1884 3495 1938 audite
3523 1901 3700 1940 vocem

2119 1975 2333 2030 Domini
2370 1975 2463 2028 Dei
2499 1976 2686 2039 vestri,
2723 1975 2790 2045 (ι)
2827 1985 2881 2029 et
2912 1975 3151 2030 cessabit
3183 1975 3459 2032 Dominus
3488 1994 3520 2030 a
3558 1977 3703 2031 malis

2119 2082 2240 2136 qua:
2264 2067 2480 2121 locutus
2503 2074 2588 2120 est
2627 2081 2791 2135 super
2824 2080 2941 2118 vos.
2991 2065 3074 2118 14.
3122 2063 3188 2118 Et
3214 2079 3322 2134 ego
3349 2080 3484 2120 ecce
3514 2066 3570 2118 in
3601 2081 3703 2118 ma-

2120 2159 2281 2213 nibus
2309 2157 2505 2213 vestris
2540 2174 2554 2210 :
2585 2155 2749 2211 facite
2782 2156 2936 2223 mihi,
2956 2157 3034 2224 (ιι)
3066 2157 3208 2211 sicut
3234 2157 3494 2226 expedit,
3529 2167 3585 2211 et
3613 2157 3705 2209 sic-

2121 2262 2181 2306 ut
2208 2251 2407 2306 melius
2462 2249 2645 2306 vobis.
2677 2249 2764 2303 15.
2796 2248 2900 2304 Sed
2923 2250 3309 2320 cognoscendo
3340 2251 3700 2322 cognoscetis,

2121 2343 2266 2414 quod
2294 2343 2339 2398 si
2378 2341 2688 2398 occideritis
2730 2357 2837 2405 me,
2873 2341 3196 2412 sanguinem
3231 2341 3319 2412 (ε)
3363 2341 3702 2397 innocentem

2121 2450 2220 2490 vos
2246 2435 2388 2491 datis
2421 2449 2588 2504 super
2612 2449 2730 2499 vos,
2769 2443 2823 2488 et
2857 2448 3022 2504 super
3049 2433 3238 2518 urbem
3267 2434 3440 2496 hanc,
3471 2442 3530 2490 et
3555 2449 3704 2503 super

2122 2527 2428 2582 habitantes
2470 2527 2525 2581 in
2567 2541 2632 2580 ea
2677 2543 2690 2580 :
2736 2525 2864 2595 quia
2903 2526 2959 2579 in
3010 2525 3241 2580 veritate
3282 2525 3440 2580 misit
3475 2542 3568 2580 me
3611 2525 3704 2578 Do-

2122 2619 2305 2674 minus
2336 2619 2401 2672 ad
2428 2634 2544 2684 vos,
2586 2619 2653 2673 ad
2683 2618 3017 2688 loquendum
3048 2619 3105 2671 in
3148 2633 3316 2673 aures
3342 2627 3560 2674 vestras
3600 2633 3704 2670 mn-

2122 2711 2210 2765 nia
2249 2711 2414 2765 verba
2441 2711 2576 2766 haec.
2613 2711 2698 2765 16.
2738 2712 2803 2765 Et
2830 2710 3088 2766 dixerunt
3118 2709 3425 2780 principes,
3453 2718 3512 2764 et
3540 2713 3704 2765 omnis

2123 2804 2357 2873 papulus
2413 2804 2482 2857 ad
2535 2803 2867 2866 sacerdotes,
2923 2811 2978 2856 et
3031 2802 3099 2856 ad
3159 2801 3703 2872 pseudoprophetas:

2123 2893 2242 2948 Non
2275 2903 2360 2949 est
2391 2894 2600 2948 homini
2635 2894 2766 2949 huic
2794 2893 3060 2963 judicium
3105 2894 3304 2949 mortis
3325 2937 3341 2959 ,
3389 2897 3527 2963 quia
3560 2909 3704 2962 super

2125 2989 2346 3042 nomine
2392 2986 2608 3040 Domini
2654 2985 2749 3040 Dei
2784 2988 2958 3042 nostri
2989 2986 3206 3041 locutus
3235 2996 3322 3042 est
3354 2987 3426 3041 ad
3461 3003 3583 3042 nos
3629 2987 3702 3039 l7.

441 3081 511 3148 Χ
541 3078 730 3135 dicens
763 3081 784 3147 ζ
830 3093 846 3132 :
878 3078 932 3131 2.
972 3078 1063 3134 Sic
1103 3078 1243 3132 dixit
1291 3077 1557 3132 Dominus
1587 3097 1600 3133 :
1639 3075 1730 3132 Sta
1779 3078 1834 3131 in
1883 3078 2023 3131 atrio
2052 3094 2096 3154 ο
2127 3079 2193 3132 Ει
2218 3088 2573 3132 surrexerunt
2595 3079 2698 3132 viri
2724 3078 2800 3149 (ῃ)
2821 3092 2888 3133 ex
2917 3077 3249 3148 presbyteris
3280 3087 3469 3142 terrae,
3502 3089 3559 3133 et
3580 3081 3708 3133 dixe-

441 3171 640 3225 dumus
680 3170 916 3234 Domini,
953 3170 1014 3241 (ι)
1041 3175 1096 3224 et
1122 3169 1391 3224 revelabis
1423 3169 1572 3223 omni
1601 3169 1773 3233 Judae,
1805 3171 2025 3223 venien-

443 3261 589 3318 tibus
620 3263 685 3316 ad
719 3262 1058 3316 adorandum
1091 3262 1146 3316 in
1172 3261 1336 3316 domo
1367 3261 1604 3320 Domini.
1632 3261 1813 3316 omnia
1838 3260 2023 3322 verba,

445 3369 570 3424 qure
616 3354 846 3424 praecepi
881 3354 977 3408 tibi
1018 3353 1114 3426 (πη)
1161 3353 1407 3409 revelare
1448 3353 1528 3408 eis
1568 3372 1580 3408 :
1635 3368 1704 3407 ne
1749 3353 2025 3408 ditninuas

443 3445 696 3500 verbum.
732 3445 786 3500 5.
822 3444 1079 3502 Fortasse
1108 3446 1351 3513 audient,
1393 3452 1447 3500 et
1477 3453 1822 3501 revertentur
1857 3459 2028 3498 unus-

445 3539 684 3608 quisque
714 3554 744 3592 a
777 3539 865 3593 via
898 3539 1039 3592 mala
1075 3557 1089 3593 :
1143 3537 1220 3609 (η)
1262 3545 1316 3594 et
1357 3539 1584 3593 cessabo
1617 3552 1647 3591 a
1691 3537 1867 3599 malis,
1908 3549 2030 3604 quae

446 3644 550 3700 ego
573 3630 754 3701 cogito
777 3630 958 3686 facere
990 3631 1071 3686 eis
1098 3639 1320 3700 propter
1354 3629 1533 3685 studia
1565 3629 1704 3682 mala
1733 3643 1942 3682 eorum.
1972 3627 2027 3680 4.

449 3721 516 3774 Ει
545 3723 693 3778 dices
723 3725 791 3791 3K
836 3723 901 3778 ad
932 3737 1028 3778 eos
1060 3723 1083 3792 ζ
1119 3740 1131 3776 :
1177 3721 1269 3776 Sic
1306 3721 1444 3776 dixit
1475 3721 1738 3776 Dominus
1776 3737 1788 3772 :
1817 3719 1874 3773 Si
1920 3735 2028 3772 non

449 3815 740 3870 audieritis
791 3831 899 3882 me,
937 3816 1003 3870 ad
1045 3814 1436 3870 ambulandum
1498 3813 1554 3866 in
1607 3803 1818 3882 legibus
1870 3811 2031 3873 meis,

450 3923 590 3976 quas
632 3907 753 3962 dedi
793 3917 919 3961 ante
955 3906 1148 3961 faciem
1193 3915 1455 3970 vestram,
1502 3904 1554 3958 5.
1592 3904 1658 3957 ad
1702 3902 2032 3957 audiendum

451 4001 618 4055 verba
669 4015 952 4055 servorum
998 4015 1240 4052 meorum
1289 3998 1695 4067 prophetarum,
1743 4011 1882 4066 quos
1933 4009 2033 4063 ego

453 4091 612 4144 mitto
651 4091 718 4145 ad
752 4105 851 4145 vos
884 4089 958 4161 (ο)
994 4090 1047 4143 in
1083 4089 1352 4143 matutino
1379 4126 1392 4150 ,
1428 4095 1482 4142 et
1520 4087 1662 4149 misi,
1704 4095 1758 4139 et
1795 4101 1900 4139 non
1938 4100 2034 4138 au-

451 4182 662 4248 diiStis;
693 4181 745 4236 6.
782 4191 837 4237 et
880 4183 1020 4236 dabo
1053 4181 1274 4236 domum
1310 4181 1449 4234 hanc
1480 4187 1539 4233 ut
1569 4178 1712 4243 Silo;
1751 4187 1804 4231 et
1847 4181 2034 4231 urbem

454 4275 595 4328 hanc
615 4274 756 4329 dabo
779 4273 832 4326 in
851 4273 1286 4328 maledictiouem
1313 4271 1568 4327 omnibus
1585 4270 1838 4342 gentibus
1855 4279 2032 4324 terrae.

456 4363 506 4419 7.
537 4362 602 4419 Et
640 4363 930 4418 audierunt
965 4363 1298 4428 sacerdotes,
1341 4371 1394 4416 et
1423 4362 1499 4432 (p)
1530 4359 2032 4428 pseudoprophetis,

2125 3180 2254 3225 runt
2279 3171 2343 3224 ad
2376 3185 2596 3225 omnem
2638 3182 2866 3232 emtum,
2893 3169 3042 3224 omni
3065 3171 3359 3224 conventui
3388 3173 3606 3241 populi,
3639 3171 3707 3224 di-

2124 3277 2313 3320 centes
2347 3282 2362 3318 :
2397 3265 2487 3320 18.
2514 3264 2692 3319 Micha
2717 3264 2790 3336 (ς.)
2815 3265 3071 3320 Marasthi
3091 3277 3209 3321 erat
3231 3267 3300 3334 Χ
3323 3267 3657 3336 prophetans
3682 3265 3702 3330 ζ

2126 3357 2180 3412 in
2204 3357 2396 3412 diebus
2427 3356 2668 3412 liezeciae
2694 3357 2840 3427 regis
2865 3356 3040 3424 Judze,
3069 3365 3122 3412 et
3156 3357 3296 3413 dixit
3330 3358 3490 3412 omni
3522 3356 3708 3429 papqu

2125 3449 2301 3510 Judte,
2333 3449 2521 3504 dicens
2567 3449 2589 3516 ζ
2636 3447 2728 3503 Sic
2770 3449 2905 3504 dixit
2938 3448 3202 3504 Dominus
3329 3449 3599 3503 virtutum
3632 3448 3654 3513 ζ
3695 3465 3706 3498 ;

2131 3541 2262 3596 Sion
2298 3552 2357 3596 ut
2386 3557 2516 3610 ager
2543 3541 2808 3605 arabitur,
2836 3551 2892 3596 et
2913 3541 3215 3595 Jerusalem
3243 3550 3302 3595 ut
3331 3541 3407 3610 (a)
3436 3541 3708 3610 tugurium

2133 3633 2284 3695 erit,
2325 3640 2378 3686 et
2411 3647 2570 3687 mons
2608 3632 2803 3686 domus
2845 3647 2904 3688 -t—
2949 3632 3050 3686 erit
3093 3633 3115 3701 ζ
3158 3632 3242 3701 (b)
3283 3642 3346 3687 ut
3383 3635 3708 3702 plantarium

2131 3725 2297 3779 silvae.
2334 3725 2420 3778 19.
2454 3723 2594 3778 Num
2628 3723 2926 3779 occidendo
2951 3723 3152 3779 occidit
3185 3739 3314 3779 eum
3354 3723 3596 3782 Hezecia
3629 3741 3711 3778 rex

2130 3814 2301 3877 Judze,
2340 3825 2394 3870 et
2433 3815 2613 3871 omnis
2656 3815 2839 3871 Juda?
2876 3814 3067 3870 Nonne
3109 3816 3238 3886 quia
3273 3817 3588 3874 timuerunt
3623 3818 3710 3871 Du-

2131 3907 2362 3973 minum,
2403 3915 2455 3961 et
2503 3909 2628 3976 quia
2672 3907 2944 3976 petierunt
2987 3923 3019 3962 a
3067 3906 3206 3963 facie
3249 3908 3509 3978 Domini,
3560 3913 3710 3966 etiam

2133 3999 2364 4077 cessavit
2405 3997 2672 4054 Dominus
2710 4015 2742 4054 a
2780 4001 2962 4066 malis,
3003 4015 3126 4070 quae
3165 4000 3382 4055 locutus
3432 4012 3526 4058 est
3562 4017 3709 4071 super

2132 4091 2269 4145 eos?
2303 4089 2364 4142 Et
2404 4106 2503 4144 nos
2536 4089 2606 4160 (ε)
2647 4089 2877 4145 fecimus
2905 4091 3048 4145 mala
3076 4107 3272 4163 magna
3301 4108 3476 4161 super
3511 4098 3710 4149 animus

2135 4191 2372 4236 nostras.
2413 4181 2503 4235 20.
2543 4183 2621 4252 (ά)
2672 4180 2738 4236 Ει
2783 4183 2949 4237 homo
2991 4192 3110 4238 erat
3163 4186 3508 4254 prophetans
3541 4188 3596 4241 in
3625 4203 3709 4240 no-

2139 4274 2282 4327 mine
2316 4273 2556 4337 Domini,
2608 4271 2734 4328 Uria
2769 4275 2912 4330 filius
2947 4273 3172 4331 Samaaaa
3201 4292 3268 4331 ex
3300 4276 3708 4339 Curiathiarim,

2137 4377 2188 4420 et
2217 4366 2556 4436 prophetavit
2589 4367 2658 4435 >ε<
2696 4381 2861 4436 super
2887 4369 3076 4423 urbem
3111 4371 3269 4432 hanc,
3301 4379 3355 4424 et
3386 4371 3408 4436 ζ
3443 4387 3550 4439 pro
3582 4382 3707 4426 terra

453 4465 508 4511 et
542 4456 723 4511 omnis
757 4454 990 4526 populus
1034 4453 1326 4508 Jeremiam
1369 4452 1681 4520 loquentem
1721 4450 1886 4503 verba
1921 4449 2036 4504 hac
2067 4447 2109 4501 Ι)
2142 4459 2243 4512 hac
2269 4457 2567 4513 secundum
2609 4458 2794 4512 omnia
2824 4458 2987 4513 verba
3023 4457 3271 4514 Jeremize
3305 4476 3318 4510 :
3350 4460 3440 4513 2t.
3477 4471 3532 4517 et
3563 4464 3708 4516 audi-

453 4549 512 4604 in
548 4550 713 4604 domo
754 4546 988 4602 Domini.
1035 4545 1088 4600 8.
1125 4543 1190 4598 Et
1218 4543 1421 4598 factum
1463 4551 1567 4604 est,
1603 4556 1725 4595 cum
1767 4548 2037 4594 cessasset

453 4638 686 4696 Ieremia
712 4641 942 4710 loquens
971 4639 1176 4704 omnia,
1202 4652 1324 4708 qua:
1343 4640 1673 4706 praceperat
1694 4633 1740 4685 ei
1772 4631 2035 4688 Dominus

454 4732 606 4804 loqui
635 4733 787 4787 omni
819 4731 1040 4802 populo,
1077 4739 1130 4786 et
1172 4733 1432 4799 ceperunt
1459 4740 1583 4780 eum
1614 4722 1949 4789 sacerdotes,
1981 4733 2036 4778 et

541 4939 630 5021 .(s)
665 4938 747 5005 8.,
775 4954 938 5009 super
976 4937 1280 5021 placatione
1307 4935 1449 5021 ejus.

2141 4550 2218 4603 vit
2248 4565 2340 4602 rex
2366 4547 2600 4616 Joacim,
2631 4551 2698 4617 )t(
2727 4559 2781 4604 et
2805 4565 2994 4605 omnes
3022 4559 3271 4619 potentes
3295 4551 3413 4622 ejus
3442 4553 3494 4620 ζ,
3529 4564 3581 4609 et
3601 4570 3707 4608 om-

2141 4654 2238 4693 nes
2270 4638 2544 4708 principes
2579 4652 2640 4692 οἰ-
2671 4640 2855 4693 omnia
2880 4636 2912 4708 ’ζ
2947 4640 3110 4692 verba
3143 4640 3282 4708 ejus,
3323 4651 3378 4696 et
3402 4644 3707 4712 quaerebant

2141 4731 2389 4786 occidere
2413 4746 2560 4785 eum.
2596 4731 2660 4785 Et
2687 4731 2896 4786 audivit
2927 4729 3052 4786 Uria
3073 4772 3087 4798 ,
3132 4734 3198 4801 ἃ(
3227 4742 3282 4788 et
3312 4734 3518 4800 timuit,
3544 4747 3593 4790 et
3628 4735 3706 4788 fu-

1534 4935 1597 5006 (ι)
1632 4937 1722 5000 Α.,
1752 4935 2104 5001 calcantium,
2140 4936 2486 5005 respondebit
2516 4937 2584 4992 ad
2614 4952 2805 4994 omnes
2835 4938 3171 4993 habitatores
3201 4945 3377 4992 terrae.
3423 4935 3508 5000 8.,
3537 4947 3702 5006 tomu-

456 5005 745 5080 lariorum,
766 5005 1132 5080 respondebit.
1209 5008 1285 5078 (α)
1436 5005 1586 5080 venit
1616 5024 1788 5080 usque
1815 5010 1880 5061 ad
1913 5008 2018 5061 line

2141 5023 2272 5080 :rrae_.
2301 5008 2389 5080 S._,
2404 5018 2633 5080 tempus
2658 5025 2832 5080 usque
2857 5010 2921 5063 ad
2943 5021 3184 5063 extrema
3212 5019 3390 5080 terrae.
3461 5005 3697 5080 (sillae.

457 5085 532 5152 (μ)
565 5081 656 5144 Α.,
707 5076 1272 5157 Ilum—suscitabitur,
1320 5077 1394 5148 (ι)
1427 5077 1654 5157 Reliqui,
1695 5093 1814 5157 Ipso
1858 5086 2035 5157 terrae.
2113 5078 2190 5148 (a)
2231 5076 2314 5157 8.,
2348 5077 2472 5157 Ιι.,
2508 5076 2548 5132 εἰ
2576 5076 2844 5157 principio
2876 5088 3031 5133 terrae
3083 5093 3254 5146 usque
3281 5078 3360 5157 _ad
3391 5078 3697 5157 principium

457 5162 633 5205 terrai.
711 5162 784 5221 (b)
818 5162 900 5213 5.,
937 5165 1045 5204 non
1074 5162 1333 5217 plaudent
1357 5163 1519 5215 super
1552 5164 1645 5202 eis.

457 5223 610 5276 valde
635 5231 969 5290 magnatum.
1027 5220 1114 5290 (Γ)
1143 5217 1334 5282 Α.,8.,
1361 5234 1645 5290 pascuum.

457 5293 541 5358 8.,
579 5293 632 5346 in
668 5293 918 5346 exitium.

481 5368 554 5432 νη)
594 5365 682 5423 Α.,
710 5363 774 5415 ad
801 5362 1154 5430 loquendum.

457 5367 532 5502 ξς)
583 5438 673 5496 Α.,
723 5432 806 5498 8.,
851 5432 1144 5502 prophetae.

711 5154 784 5221 (b)
818 5148 900 5213 8.,
937 5165 1045 5204 non
1074 5148 1333 5221 plaude_nt
1357 5163 1519 5215 super
1552 5148 1652 5202 eis.

457 5471 532 5504 νυ
583 5471 673 5496 ...,
723 5471 806 5498 ω,
852 5471 1144 5500 Ferus..."
1202 5471 1270 5498 μ,
1301 5471 1383 5493 ω,
1426 5471 1489 5482 ..ν
1519 5471 1635 5497 Ψ...

456 5504 753 5573 prophetae.
830 5502 893 5572 (ι)
923 5504 1015 5573 Α.,
1049 5498 1130 5562 8.,
1171 5508 1240 5573 et
1263 5499 1635 5573 conquiescet.

457 5569 653 5623 chrum
703 5580 756 5624 et
791 5569 1098 5624 ut'videtur
1123 5569 1275 5622 vobis
1322 5569 1552 5635 justum.

1730 5149 1801 5220 (ε)
1834 5148 1924 5220 Au
1963 5147 2021 5202 8·

2141 5148 2437 5220 >nstringite
2470 5147 2591 5205 vos.
2663 5147 2864 5220 (d)’A.,
2906 5159 2966 5203 ut
2991 5149 3436 5220 vasexpetitum.

1726 5219 1800 5290 (g)
1822 5217 1905 5290 8.,
1935 5233 2064 5272 arva
2095 5216 2346 5290 Pacilica.
2375 5219 2464 5285 21.,
2486 5216 2681 5274 decora
2705 5216 2877 5289 pacis.
2955 5218 3032 5290 (It)
3059 5218 3466 5287 Unusquisque.
3526 5216 3600 5290 [ἢ
3619 5216 3695 5290 ᾼην

994 5289 1065 5360 (k)
1097 5290 1183 5354 .l.,
1221 5290 1315 5342 irae
1349 5289 1627 5360 solitariae.
1694 5287 1814 5353 Th.,
1847 5289 1941 5342 ira:
1970 5290 2151 5360 turba_.
2229 5289 2292 5358 (ι)
2325 5289 2414 5350 A.,
2466 5302 2520 5344 et
2545 5287 2782 5360 loqueris
2807 5287 2974 5358 super
3007 5290 3263 5360 omnibus
3294 5290 3520 5360 u‘rbibus
3543 5287 3694 5360 inda.

1232 5358 1426 5433 (_n)__A.,
1454 5369 1508 5412 et
1557 5360 1925 5433 acquiescam.
1991 5359 2019 5433 _(

2141 5358 2192 5422 L,
2225 5356 2348 5412 cum
2402 5356 2683 5416 anteverto
2719 5371 2773 5433 et
2805 5356 2976 5413 mitto.
3055 5359 3130 5428 (p)
3164 5362 3253 5433 A.,
3305 5356 3388 5426 8.,
3421 5358 3694 5433 prophetis.

480 5429 542 5504 τι)
583 5438 673 5496 Α.,
723 5432 806 5498 8.,
851 5429 1144 5504 prophetae.
1201 5429 1383 5498 (r)'S.,
1426 5444 1491 5504 eo
1518 5429 1663 5497 quod
1711 5445 1818 5504 non
1840 5429 2318 5504 _sint'habitautes
2353 5449 2364 5482 :
2421 5439 2474 5484 ct
2516 5431 2752 5501 aggressi
2781 5439 2904 5504 sunt
2942 5431 3332 5504 congregatim.

1637 5567 1827 5642 (x)_S.,
1854 5569 2304 5642 nonculpatum.
2381 5572 2459 5642 (y)
2487 5578 2578 5634 Α.,
2630 5588 2695 5626 ex
2734 5570 3042 5642 senioribus
3080 5580 3260 5642 terrae.

3513 5149 3581 5217 (ε)
3619 5147 3695 5217 Α..

3411 5424 3479 5499 (ξ)
3510 5429 3595 5489 Α.,
3626 5424 3694 5499 s_.,

1719 5500 1797 5566 (ιι)
1823 5499 1914 5563 Α.,
1957 5507 2019 5553 ut
2062 5499 2287 5564 bonum,
2320 5509 2373 5554 et
2424 5511 2483 5555 ut
2523 5495 2728 5556 rectum
2781 5501 2833 5554 in
2875 5495 3301 5554 oculis'vestris.
3359 5495 3443 5563 8.,
3490 5508 3551 5554 ut
3589 5495 3668 5561 Ριιι

3339 5569 3414 5637 (z)
3454 5570 3541 5628 Α..
3574 5567 3694 5637 filius

462 5638 713 5710 Morathi.
793 5638 868 5706 (a)
902 5641 990 5698 A.,
1029 5652 1292 5690 acervus:
1325 5633 1390 5690 in
1432 5653 1537 5691 non
1579 5633 1844 5707 pervium.
1924 5639 1997 5709 (b)
2038 5633 2122 5709 Sf,
2173 5643 2225 5695 in
2285 5633 2522 5700 tumulos
2569 5633 2734 5698 Silvae.
2812 5641 2882 5710 te)
2937 5643 3029 5704 Α.,
3067 5639 3148 5708 8.,
3177 5633 3429 5695 facimus-
3505 5633 3693 5708 (4)561

464 5715 518 5760 et
555 5707 656 5766 vir,
691 5707 872 5758 homo.
