3834 6224
113 378 267 434 2345

1349 399 1667 456 ΙΕΒΕΜΙᾸΞ
1707 402 1934 458 CAPUT
1976 403 2212 464 XXVIII.

3236 414 3375 472 2366

114 497 198 564 git
237 495 286 561 1.
315 503 383 588 et
407 495 686 566 ingressus
718 511 799 554 est
838 501 891 555 in
926 501 1240 576 Egyptum.
1269 507 1361 562 22.
1404 515 1471 580 Χ
1501 513 1565 566 Et
1603 512 1705 565 mi-
1741 516 1781 570 Α
1810 515 1994 570 omnia
2049 519 2213 574 verba
2251 519 2384 588 haec,
2416 521 2605 579 (licens
2641 541 2653 578 :
2689 522 3018 584 lntroducite
3051 531 3249 586 collum
3289 551 3383 588 ve-

116 588 192 640 sit
231 604 322 642 rex
365 587 573 642 Joacim
611 591 756 646 viros
798 593 849 646 in
888 595 1204 668 A‘Igyptum,
1240 599 1488 657 Eliathan
1523 604 1694 657 ﬁlium

116 677 347 730 Abchor
386 678 470 748 ('),
507 689 560 735 et
593 682 737 737 viros
774 699 897 738 cum
930 702 996 741 eo
1032 690 1087 743 in
1123 690 1414 763 JEgyptum
1458 711 1471 746 :
1517 695 1607 749 25.
1645 704 1699 749 et

116 771 433 824 eduxerunt
477 787 601 826 eum
645 775 768 829 inde
805 776 870 843 1,
909 777 978 849 (ε)
1022 791 1075 835 et
1116 782 1537 840 introduxerunt
1571 803 1695 843 eum

115 861 188 914 ad
221 877 400 931 regem
429 862 637 920 Joacim
662 908 677 933 ,
709 877 763 922 et
792 873 1059 937 percussit
1098 889 1222 928 eum
1261 877 1460 945 gladio,
1491 887 1545 933 et
1581 895 1699 949 pro-

113 949 253 1018 jecit
286 967 410 1006 eum
458 955 526 1026 (Γ)
574 957 630 1012 in
682 961 1030 1028 sepulchrum
1081 965 1316 1020 ﬁliorum
1353 970 1536 1038 populi
1586 972 1693 1026 sui.

116 1041 209 1096 24.
272 1042 650 1103 Verumtamen
686 1067 882 1109 manus
927 1049 1150 1112 Ahicam
1189 1059 1281 1114 ﬁlii
1318 1061 1535 1132 Saphan
1583 1074 1700 1119 erat

117 1149 249 1188 cum
278 1135 536 1206 Jeremia,
568 1151 626 1196 ut
651 1158 720 1199 ne
752 1146 1054 1203 traderetur
1081 1151 1136 1204 in
1171 1167 1366 1208 manus
1397 1155 1600 1225 pOpuli,
1632 1172 1698 1212 ne

117 1223 486 1280 interﬁcerent
515 1244 661 1285 eum.

187 1315 326 1384 Cap.
358 1315 571 1375 XXVII.
604 1324 728 1377 —l.
752 1327 893 1394 ΧΙη
910 1328 1175 1399 principio
1202 1331 1572 1403 regniJoacim
1605 1338 1696 1394 ﬁlii

116 1401 284 1459 Jnsia!
325 1409 468 1477 regis
494 1408 647 1466 Judaa
681 1413 878 1470 factum
927 1427 1012 1474 est
1045 1401 1284 1478 verbum‘
1305 1425 1404 1481 hoc
1443 1429 1508 1483 ad
1540 1428 1696 1484 Jere-

118 1496 287 1551 iniam
328 1513 358 1552 a
393 1498 643 1569 Domino,
687 1506 875 1564 dicens
915 1511 936 1579 1
983 1530 996 1566 :
1041 1512 1095 1567 2.
1141 1513 1231 1570 Sic
1259 1517 1396 1574 dixit
1427 1522 1558 1575 mihi
1595 1523 1699 1578 Do-

119 1586 307 1641 minus
340 1589 408 1657 Χ
438 1590 504 1644 ad
534 1608 622 1647 me
655 1595 677 1664 1
734 1595 892 1662 :.Fac
917 1601 1011 1655 tibi
1051 1605 1264 1661 vincula
1298 1611 1598 1679 collarium,
1643 1623 1699 1669 et

118 1694 263 1747 pone
290 1697 354 1736 ea
383 1698 548 1753 super
583 1689 784 1743 collum
821 1701 988 1748 tuum.
1031 1696 1084 1750 5.
1118 1695 1185 1753 Et
1217 1702 1400 1758 mittes
1425 1720 1486 1759 ea
1519 1706 1582 1759 ad
1611 1723 1696 1762 re-

119 1786 242 1866 gem
284 1772 557 1843 Idumaeas,
596 1789 651 1834 et
679 1782 745 1836 ad
778 1799 958 1854 regem
992 1786 1171 1857 Moab,
1213 1802 1266 1847 et
1311 1795 1374 1848 ad
1409 1811 1586 1866 regem
1632 1799 1693 1852 ﬁ-

119 1861 605 1957 liorumAmmon,
636 1883 689 1928 et
721 1875 788 1929 ad
825 1893 1003 1947 regem
1035 1877 1186 1951 Tyri,
1218 1892 1266 1937 et
1297 1887 1362 1938 ad
1396 1861 1575 1957 regem
1610 1889 1694 1943 Si-

116 1953 300 2020 donis,
331 1956 382 2012 in
411 1963 662 2019 manibus
707 1967 1023 2025 nuntiorum
1048 1987 1238 2028 eorum
1268 1953 1599 2032 venientium
1628 1995 1691 2036 ot—

116 2046 171 2100 in
219 2063 509 2106 occursum
551 2069 742 2111 eorum
796 2059 818 2128 1
859 2060 912 2115 in
958 2060 1258 2120 Jerusalem
1308 2067 1375 2122 ad
1410 2067 1690 2125 Sedeciam

113 2153 298 2209 regem
331 2139 503 2198 Judaa.
536 2145 588 2200 4.
626 2147 690 2202 Et
717 2153 998 2222 praecipies
1029 2155 1108 2211 eis
1134 2157 1318 2213 dicere
1347 2160 1412 2214 ad
1441 2160 1694 2218 dominos

114 2244 250 2284 suos
284 2247 299 2286 :
339 2231 430 2288 Sic
455 2233 590 2292 dicit
612 2236 877 2296 Dominus
900 2245 966 2311 Χ
997 2245 1256 2302 virtutum
1291 2249 1313 2318 1
1350 2248 1492 2304 Deus
1523 2250 1694 2307 Israe-

115 2321 183 2375 lis
214 2341 226 2376 :
273 2319 365 2379 Sic
401 2325 591 2384 dicetis
620 2330 687 2385 ad
730 2331 994 2390 Dominos
1029 2345 1243 2394 vestros
1277 2358 1291 2394 :
1335 2340 1388 2394 5.
1440 2342 1554 2412 Ego
1588 2341 1692 2398 feci

115 2420 345 2481 terram,
383 2415 457 2486 (g)
488 2427 542 2473 et
575 2421 794 2489 coelum,
821 2433 876 2479 et
910 2426 1186 2492 animalia,
1213 2445 1338 2499 quae
1363 2441 1491 2487 sunt
1531 2448 1695 2502 super

113 2507 185 2572 Χ
222 2506 362 2562 facie
394 2510 415 2577 1
452 2519 627 2575 terrai,
663 2515 716 2568 in
754 2515 954 2573 robore
982 2535 1104 2574 meo
1135 2537 1351 2590 magno,
1394 2525 1533 2579 etin
1567 2527 1693 2580 bra-

112 2599 242 2652 chio
275 2615 397 2654 meo
424 2604 662 2669 excelso,
693 2615 747 2661 et
775 2609 918 2664 dabo
946 2626 1090 2677 eam,
1123 2613 1196 2677 (b)
1228 2615 1556 2686 cuicumque
1582 2617 1694 2686 pla-

113 2690 261 2746 cebit
294 2691 348 2746 in
376 2695 552 2750 oculis
579 2698 714 2754 meis
742 2716 757 2752 :
790 2699 842 2754 6.
873 2704 941 2770 Χ
971 2710 1025 2757 et
1054 2719 1199 2759 nunc
1221 2721 1321 2774 ego
1341 2722 1482 2773 sum,
1537 2708 1630 2778 qui
1667 2711 1688 2778 1

111 2782 240 2836 dedi
278 2783 341 2854 (ἱ)
377 2787 444 2852 Χ
473 2801 690 2843 omnem
732 2791 754 2859 1
791 2800 990 2848 terram
1023 2795 1166 2851 hanc
1195 2801 1262 2864 Χ
1298 2798 1352 2852 in
1393 2798 1558 2854 manu
1586 2799 1693 2854 Na-

113 2873 589 2934 buchodonosoris
653 2884 796 2952 regis
858 2884 1149 2957 Babylonis
1211 2889 1353 2945 servi
1418 2891 1560 2957 mei,
1624 2895 1692 2961 Χ

111 2966 281 3018 etiam
321 2965 342 3035 1
387 2967 460 3036 (It)
500 2970 703 3027 bestias
729 2975 906 3044 campi
943 2990 1006 3031 -ι-
1035 2977 1102 3032 ad
1127 2978 1416 3034 colendum
1448 2983 1470 3052 1
1503 2984 1570 3051 Χ
1596 2983 1691 3037 de—

111 3059 167 3112 di
212 3059 286 3123 ei,
323 3061 389 3114 ad
421 3063 714 3118 colendum
746 3068 1028 3122 servitium
1057 3069 1108 3125 ei
1139 3089 1152 3125 :
1185 3071 1237 3127 7.
1273 3079 1327 3128 et
1363 3074 1545 3128 colent
1573 3090 1690 3130 ser-

111 3149 316 3259 vitium
359 3150 408 3205 ei
443 3166 634 3209 omnes
667 3163 882 3225 gentes,
925 3165 980 3213 et
1018 3159 1133 3216 ﬁlio
1167 3163 1306 3232 ejus,
1347 3173 1402 3220 et
1442 3165 1553 3220 ﬁlio
1595 3166 1690 3220 ﬁlii
1719 3201 1763 3259 ο

111 3238 260 3308 ejus,
285 3240 458 3296 donec
483 3245 667 3299 veniat
689 3255 899 3317 tempus
923 3250 945 3320 1
970 3264 1030 3306 -ε-
1048 3250 1111 3322 (ι)
1139 3252 1234 3309 irae
1261 3256 1500 3326 1Xejus,
1525 3258 1691 3312 etiam

88 3332 237 3402 .ejus
281 3350 295 3386 :
336 3341 390 3388 et
416 3335 598 3390 colent
625 3339 904 3394 servitium
932 3342 980 3397 ei
1014 3353 1203 3413 gentes
1228 3348 1431 3411 multae,
1463 3358 1516 3402 et
1541 3365 1695 3419 reges

111 3426 298 3496 magni
330 3429 352 3496 1
396 3445 411 3482 :
446 3427 501 3482 8.
538 3439 594 3485 et
627 3432 732 3488 erit
760 3448 932 3500 gens,
969 3444 1023 3490 et
1053 3451 1278 3507 regnum
1301 3480 1316 3502 ,
1361 3440 1695 3511 quicumque

112 3533 225 3572 non
275 3521 343 3589 Χ
383 3523 650 3579 coluerint
682 3513 962 3580 servitium
999 3525 1527 3586 Nabuchodonosor-i
1580 3533 1694 3603 regi

109 3609 430 3683 Babylonis,
471 3623 527 3670 et
569 3616 904 3689 quicumque
947 3618 969 3686 1
1013 3634 1121 3674 non
1156 3617 1446 3688 injecerint
1489 3621 1692 3677 collum

109 3718 278 3758 Stuun
307 3706 410 3761 sub
438 3705 630 3776 jugum
664 3709 808 3780 regis
851 3709 1166 3782 Babylonis,
1196 3711 1251 3771 in
1297 3712 1497 3782 gladio,
1539 3721 1594 3768 et
1637 3715 1694 3768 in

109 3789 283 3854 fame,
315 3794 381 3861 Χ
414 3802 469 3848 et
493 3801 588 3866 (νη)
635 3795 689 3850 in
720 3807 896 3853 morte
938 3799 961 3869 1
994 3801 1226 3857 visitabo
1258 3802 1335 3872 (η)
1367 3804 1437 3872 Χ
1468 3819 1631 3874 super
1667 3807 1689 3874 1

111 3890 333 3951 gentem
377 3884 559 3949 illam,
605 3887 737 3943 dicit
781 3887 1075 3956 Dominus,
1125 3891 1296 3948 donec
1345 3894 1598 3949 deﬁciant
1638 3892 1692 3947 in

111 3991 284 4030 manu
311 3976 449 4046 ejus.
483 3978 536 4033 9.
569 3977 636 4034 Et
662 3995 759 4036 vos
787 3996 855 4037 ne
881 3983 1113 4039 audiatis
1144 3985 1438 4054 prophetas
1462 3995 1690 4053 vestros,

108 4077 168 4126 et
195 4070 504 4128 divinantes
539 4081 772 4139 vestros,
812 4082 868 4129 et
910 4074 1245 4130 somniantes
1281 4087 1513 4139 vestros,
1544 4081 1613 4145 Χ
1643 4087 1695 4133 et

109 4168 338 4220 nuntios
367 4175 574 4220 vestros
607 4165 629 4234 1
661 4205 675 4230 ,
713 4175 766 4220 et
799 4167 1218 4238 praestigiatores
1257 4176 1489 4235 vestros,
1532 4183 1596 4225 -ι-
1641 4178 1696 4224 et

109 4257 386 4314 veneﬁcos
419 4268 630 4315 vestros
669 4260 714 4328 1,
767 4261 835 4328 Χ
875 4261 970 4330 qui
1003 4263 1025 4331 1
1068 4261 1259 4316 dicunt
1290 4261 1443 4318 vobis
1496 4266 1562 4330 Χ
1607 4263 1694 4317 di-

108 4351 285 4406 cendo
316 4350 340 4419 1
381 4368 392 4404 :
423 4349 541 4406 Non
570 4351 928 4421 operabimini
962 4353 1070 4422 regi
1095 4352 1412 4425 Babylonis;
1448 4353 1534 4410 I0.
1565 4355 1692 4425 quia

109 4443 396 4497 mendacia
429 4443 504 4498 illi
527 4444 853 4513 prophetam
879 4444 1054 4508 vobis,
1081 4445 1154 4499 ita
1184 4432 1241 4500 ut
1263 4456 1574 4502 removeant
1595 4463 1693 4502 vos

1799 615 1970 660 strum
1993 613 2062 675 Χ
2097 611 2198 664 sub
2226 611 2248 679 1
2267 612 2459 682 jugum
2488 608 2960 688 regis‘Babylonis,
2992 630 3048 675 et
3075 623 3235 678 colite
3262 640 3379 679 ser-

1797 699 1989 753 vitium
2028 702 2099 768 ei,
2141 711 2194 758 et
2231 708 2428 776 populo
2447 706 2587 774 ejus,
2624 719 2676 764 et
2707 711 2890 767 vivite.
2918 713 3000 768 l5.
3036 714 3216 780 Quare
3259 733 3380 771 mo-

1796 792 2036 856 riemini,
2059 803 2138 875 tu,
2164 805 2219 851 et
2241 799 2474 868 populus
2497 801 2565 869 Χ
2593 809 2717 857 tuus
2739 801 2792 856 in
2815 804 3015 874 gladio,
3047 816 3100 861 et
3130 807 3183 860 in
3209 807 3374 874 fame,

1797 890 1849 935 et
1881 882 1934 936 in
1970 894 2167 952 morte,
2214 891 2513 943 secundum
2546 891 2598 944 id
2639 893 2782 961 quod
2834 893 3080 962 loquitur
3113 893 3377 951 Dominus

1797 972 1865 1026 ad
1921 975 2204 1043 populum,
2255 980 2585 1052 quicumque
2649 997 2757 1038 non
2817 984 3047 1040 coluerit
3098 989 3376 1042 servitium

1797 1070 1910 1139 regi
1939 1069 2254 1142 Babylonis.
2285 1073 2372 1128 M.
2404 1073 2470 1129 Et
2496 1092 2601 1131 non
2632 1077 2864 1133 audietis
2893 1079 3056 1133 verba
3087 1081 3379 1150 propheta-

1797 1177 1943 1227 rum,
1975 1164 2275 1233 quidicunt
2324 1167 2391 1222 ad
2422 1183 2538 1234 vos,
2571 1166 2802 1223 dicendo
2829 1171 2849 1238 1
2886 1189 2898 1224 :
2934 1170 3008 1240 (ο)
3032 1169 3148 1225 Non
3178 1173 3380 1228 servie-

1796 1251 1868 1309 tis
1901 1255 2014 1326 regi
2048 1254 2362 1326 Babylonis,
2406 1257 2494 1313 15.
2537 1259 2664 1327 quia
2709 1259 2894 1328 iniqua
2937 1261 3013 1315 illi
3048 1263 3378 1332 prophetant

1797 1345 1975 1411 vobis,
2004 1349 2264 1416 quoniam
2299 1365 2407 1405 non
2434 1351 2558 1405 misi
2595 1365 2710 1417 eos,
2746 1351 2878 1406 dicit
2913 1349 3195 1414 Dominus.
3228 1357 3292 1421 Χ
3323 1365 3378 1410 et

1799 1433 1876 1487 illi
1911 1433 1933 1500 1
1981 1437 2309 1505 prophetant
2352 1439 2403 1490 in
2442 1439 2662 1494 nomine
2691 1453 2814 1493 meo
2853 1439 2930 1508 (p)
2979 1439 3033 1495 in
3071 1441 3281 1512 iniquo,
3315 1453 3375 1499 ut
3426 1458 3430 1464 ‘

1799 1526 2027 1594 perdant
2050 1543 2167 1582 vos.
2205 1527 2272 1584 Et
2297 1530 2545 1599 peribitis
2577 1547 2692 1595 vos,
2725 1542 2780 1586 et
2804 1531 3095 1601 prophetae,
3131 1537 3223 1604 qui
3251 1552 3377 1606 pro-

1800 1621 2028 1689 phetant
2057 1620 2211 1676 vobis
2257 1636 2320 1676 -ι-
2357 1623 2408 1675 ἰη
2445 1623 2636 1692 iniquo
2666 1623 2946 1678 mendacia
2980 1613 3027 1692 1.
3065 1624 3153 1679 16.
3188 1626 3373 1688 Vobis,

1800 1723 1853 1766 et
1878 1713 2272 1777 sacerdotibus,
2307 1721 2360 1768 et
2388 1715 2536 1796 omni
2571 1714 2770 1783 popqu
2808 1714 2937 1769 huic
2977 1713 3192 1770 locutus
3232 1733 3374 1780 sum,

1801 1803 1987 1858 dicens
2019 1825 2029 1858 :
2065 1804 2156 1858 Sic
2190 1803 2325 1858 dixit
2353 1802 2618 1859 Dominus
2645 1824 2656 1858 :
2703 1803 2780 1860 Ne
2801 1805 3036 1860 audiatis
3061 1805 3223 1860 verba
3254 1823 3379 1876 pro-

1802 1895 2108 1964 phetarum,
2162 1895 2252 1964 qui
2297 1897 2623 1965 praphetant
2667 1896 2844 1962 vobis,
2891 1895 3135 1951 dicentes
3171 1915 3183 1950 :
3232 1896 3374 1952 Ecce

1800 2000 1929 2040 vasa
1969 1986 2166 2041 domus
2223 1986 2434 2042 Domini
2486 1995 2828 2042 revertentur
2875 2001 2942 2041 ex
2989 1986 3266 2059 Babylone
3310 1992 3375 2057 Χ

1800 2088 1946 2128 nunc
1987 2073 2274 2129 confestim
2318 2075 2386 2143 1,
2427 2075 2556 2144 quia
2596 2076 2668 2145 (q)
2715 2075 2900 2145 iniqua
2943 2076 3266 2146 prophetant
3311 2093 3375 2131 —:-—

1803 2165 1973 2230 vobis,
1998 2181 2107 2219 non
2145 2165 2266 2221 misi
2301 2179 2397 2221 eos
2431 2165 2478 2234 1.
2512 2166 2599 2221 I7.
2628 2169 2695 2234 Χ
2720 2165 2797 2222 Ne
2821 2166 3056 2222 audiatis
3088 2183 3181 2222 eos
3219 2186 3232 2221 :
3268 2169 3375 2220 Cn—

1801 2256 1893 2311 lite
1921 2256 2201 2312 servitium
2223 2257 2338 2327 regi
2365 2257 2687 2328 Babylonis,
2722 2266 2776 2313 et
2801 2258 2982 2320 vivite,
3013 2266 3066 2312 et
3095 2273 3260 2328 quare
3287 2259 3377 2312 ﬁet

1802 2346 1929 2401 urbs
1964 2346 2080 2402 haec
2129 2346 2346 2402 deserta
2388 2347 2410 2415 1
2441 2347 2466 2400 ?
2503 2347 2591 2403 18.
2629 2345 2684 2402 Si
2715 2347 2990 2418 pr0pbetae
3022 2358 3167 2416 sunt,
3205 2347 3274 2418 (ν)
3323 2357 3378 2404 et

1801 2438 1846 2491 si
1879 2445 1963 2492 est
1978 2437 2202 2493 verbum
2228 2436 2442 2492 Domini
2469 2438 2523 2493 in
2555 2438 3205 2502 eis,occurrantnunc+
3237 2440 3370 2494 mihi

1800 2528 1894 2599 (ε),
1925 2530 2052 2600 quia
2085 2529 2165 2586 sic
2193 2530 2332 2585 dixit
2360 2529 2642 2595 Dominus,
2673 2539 2728 2585 et
2755 2546 2821 2586 ex
2847 2531 3068 2586 residuo
3093 2546 3373 2595 vasorum,

1799 2633 1920 2686 quae
1957 2635 2066 2675 non
2107 2621 2303 2675 sumsit
2347 2636 2442 2676 rex
2474 2620 2790 2693 Babylonis,
2826 2637 2949 2677 cum
2979 2622 3253 2692 captivum
3289 2625 3378 2676 ab—

1798 2710 1956 2772 duxit
1983 2709 2306 2765 Jechoniam
2335 2727 2366 2765 a
2390 2710 2713 2774 Jerusalem,
2747 2712 2801 2765 in
2833 2711 3162 2782 Babylonem
3197 2714 3376 2781 ingrc-

1798 2802 2018 2856 dientur
2057 2803 2078 2870 1
2115 2805 2179 2873 (ι)
2225 2805 2292 2871 Χ
2334 2803 2468 2858 dicit
2495 2802 2759 2858 Dominus
2793 2802 3056 2859 Dominus
3085 2805 3370 2866 virtutum.

1799 2904 1860 2949 ut
1896 2909 2008 2950 non
2046 2895 2244 2950 abeant
2288 2910 2438 2960 vasa,
2486 2911 2609 2965 quat
2651 2897 2907 2952 derelicta
2944 2905 3073 2951 sunt
3112 2897 3168 2951 in
3211 2898 3376 2952 domo

1802 2987 2036 3050 Domini,
2067 2997 2121 3043 et
2149 2989 2203 3042 in
2238 2988 2401 3044 domo
2431 2988 2572 3058 regis
2601 2987 2778 3050 Judae,
2807 2999 2861 3044 et
2889 2989 2944 3044 in
2968 2987 3294 3054 Jerusalem,
3321 2990 3374 3042 in

1797 3079 2152 3152 Babylonem.
2201 3079 2289 3134 l9.
2330 3079 2468 3146 Quia
2501 3081 2616 3137 haec
2643 3081 2775 3137 dicit
2805 3081 3071 3138 Dominus
3113 3082 3374 3137 virtutum

1798 3175 1864 3230 de
1889 3173 2180 3240 columnis,
2209 3183 2262 3228 et
2284 3173 2350 3228 de
2373 3174 2528 3240 mari,
2554 3181 2608 3229 et
2629 3173 2694 3229 de
2720 3173 3068 3239 Machonoth,
3094 3173 3172 3246 (ιι)
3204 3186 3258 3229 et
3283 3191 3376 3228 su—

1797 3282 1894 3337 per
1934 3267 2154 3322 residuo
2196 3280 2474 3330 vasorum.
2525 3281 2648 3336 quae
2693 3266 2912 3321 residua
2957 3274 3086 3321 sunt
3134 3265 3190 3319 in
3240 3266 3376 3319 urbe

1799 3360 1900 3414 hac
1924 3378 1937 3414 :
1965 3359 2055 3414 20.
2088 3373 2212 3429 qua:
2249 3353 2356 3412 n'on
2391 3359 2588 3414 sumsit
2612 3355 3120 3413 Nabuchodonosor
3148 3373 3243 3411 rex
3273 3356 3374 3410 Ba-

1794 3450 2029 3520 bylonis,
2058 3449 2280 3520 quando
2301 3448 2603 3518 deportavit
2624 3446 2938 3502 Jechoniam
2968 3448 3140 3503 ﬁlium
3163 3447 3371 3501 Joacim

1794 3557 1975 3612 regem
2006 3539 2160 3596 Judae
2186 3555 2254 3596 ex
2278 3539 2580 3595 Jerusalem
2617 3539 2669 3592 in
2703 3538 3055 3609 Babylonem,
3100 3546 3153 3593 et
3181 3553 3373 3594 omnes

1795 3633 1998 3689 liberos
2025 3633 2197 3698 Judaa,
2233 3641 2286 3686 et
2316 3630 2637 3688 Jerusalem.
2666 3630 2756 3685 2i.
2792 3630 2930 3696 Quia
2960 3630 3074 3686 haec
3100 3630 3232 3686 dicit
3263 3630 3368 3684 Do-

1796 3724 1976 3778 minus
2011 3721 2269 3776 virtutum
2298 3720 2439 3776 Deus
2464 3719 2683 3775 Israelis
2708 3735 2872 3790 super
2901 3735 3054 3785 vasa,
3081 3717 3203 3790 qua
3237 3721 3374 3775 resi-

1793 3815 1900 3870 dua
1931 3822 2058 3870 sunt
2099 3814 2153 3868 in
2183 3813 2347 3868 domo
2376 3810 2614 3875 Domini,
2646 3819 2700 3866 et
2731 3810 2786 3866 in
2827 3811 2993 3866 domo
3021 3811 3164 3879 regis
3191 3809 3364 3874 Judaa,

1793 3916 1849 3962 et
1877 3908 1929 3962 in
1958 3905 2259 3961 Jerusalem
2287 3923 2299 3960 :
2335 3905 2426 3959 22.
2464 3904 2528 3960 In
2566 3903 2896 3976 Babylonem
2928 3905 3283 3968 adducentur,
3312 3914 3367 3960 et

1796 3998 1867 4054 ibi
1898 4005 2060 4052 erunt
2097 4012 2270 4068 usque
2301 3997 2367 4052 ad
2397 3995 2565 4062 diem,
2609 4011 2720 4066 quo
2746 3995 2981 4052 visitabo
3013 4011 3100 4064 ea,
3145 3995 3222 4067 (π)
3256 3997 3372 4052 haec

1794 4091 1926 4148 dicit
1955 4091 2240 4157 Dominus,
2275 4097 2328 4144 et
2357 4087 2652 4146 ascendere
2681 4086 2878 4144 faciam
2908 4103 2992 4155 ea,
3030 4097 3084 4144 et
3113 4088 3368 4145 reducam

1794 4198 1857 4239 ea
1880 4182 1934 4236 iu
1970 4181 2150 4237 locum
2191 4181 2336 4236 hunc
2369 4180 2415 4248 1.

1863 4274 1997 4344 Cap.
2015 4271 2259 4330 XXVIII.
2279 4273 2406 4326 —I.
2424 4271 2490 4326 Et
2518 4271 2719 4328 factum
2743 4277 2827 4326 est
2856 4271 2910 4325 in
2936 4285 3080 4325 anno
3102 4269 3194 4324 illo
3223 4272 3290 4339 Χ
3313 4271 3367 4323 in

1795 4367 2088 4437 principio,
2124 4366 2198 4436 (y)
2237 4380 2359 4421 cum
2394 4373 2646 4435 regnaret
2675 4363 2896 4419 Sedecia
2946 4379 3040 4417 rex
3089 4361 3262 4428 Judze,
3313 4365 3366 4416 in

1796 4473 1940 4514 anno
1966 4457 1989 4526 1
2021 4465 2242 4528 quarto,
2270 4458 2324 4510 in
2357 4472 2544 4512 mense
2567 4456 2762 4526 quinto
2788 4456 2926 4511 dixit
2951 4455 3084 4510 mihi
3123 4453 3366 4509 Hanania

109 4551 141 4590 a
174 4546 317 4591 terra
349 4545 544 4603 vestra,
580 4539 648 4604 Χ
679 4547 734 4592 et
761 4538 1070 4608 dispergam
1102 4555 1221 4603 vos,
1261 4549 1316 4594 et
1348 4540 1589 4608 peribitis
1623 4540 1646 4608 1
1675 4583 1689 4605 ,
1727 4535 1769 4589 Ι)
1800 4548 1943 4604 ﬁlius
1965 4548 2110 4602 Azor
2136 4547 2210 4618 (ι)
2237 4546 2730 4617 pseudoprOpheta,
2789 4548 2883 4616 qui
2929 4560 2996 4600 ex
3037 4545 3281 4610 Gabaou,
3314 4545 3366 4597 in

111 4629 200 4681 H.
235 4639 293 4681 et
323 4644 476 4698 gens,
517 4643 876 4698 quaecumque
902 4630 1269 4685 introduxerit
1299 4631 1495 4685 collum
1532 4647 1693 4686 suum

111 4722 217 4776 sub
247 4721 440 4791 jugum
491 4721 634 4791 regis
684 4720 1002 4792 Babylonis,
1049 4731 1104 4776 et
1149 4729 1370 4792 operata
1410 4721 1577 4778 fuerit
1624 4725 1694 4789 ei,

109 4810 278 4864 etiam
305 4811 609 4880 relinquam
642 4826 760 4865 eam
796 4826 961 4880 super
989 4820 1133 4866 terra
1175 4828 1296 4878 sua,
1330 4814 1397 4881 Χ
1430 4812 1566 4868 dicit
1594 4812 1699 4868 Do-

110 4900 297 4956 minus
333 4900 380 4968 1,
412 4911 465 4956 et
492 4903 807 4971 operabitur
838 4904 889 4956 in
917 4919 1000 4967 ea,
1036 4912 1089 4958 et
1114 4903 1381 4960 habitabit
1411 4906 1466 4960 in
1491 4921 1574 4961 ea.
1611 4907 1699 4962 12.

111 4993 180 5048 Et
205 4993 272 5048 ad
302 4994 580 5049 Sedeciam
607 5011 786 5066 regem
807 4993 960 5049 Judaa
1016 4995 1232 5052 locutus
1252 5012 1369 5053 sum
1395 5001 1693 5056 secundum

1797 4643 1960 4697 domo
2007 4639 2221 4696 Domini
2272 4647 2399 4695 ante
2444 4640 2638 4694 oculos
2691 4637 3058 4701 sacerdotum,
3099 4647 3154 4692 et
3187 4639 3374 4692 omnis.

1796 4733 2004 4804 populi,
2041 4734 2229 4788 dicens
2263 4751 2275 4786 :
2314 4732 2370 4786 2.
2416 4730 2508 4786 Sic
2536 4731 2675 4786 dixit
2713 4730 2980 4786 Dominus
3009 4733 3076 4798 Χ
3105 4730 3365 4784 virtutum

1795 4827 1942 4880 Deus
1963 4824 2200 4890 Israelis,
2232 4824 2464 4879 dicendo
2496 4823 2518 4891 1
2564 4839 2578 4876 :
2604 4822 2850 4878 Contrivi
2876 4822 3066 4892 jugum
3096 4823 3239 4892 regis
3265 4821 3368 4876 Ba-

1797 4915 2035 4985 bylonis.
2067 4917 2121 4972 5.
2150 4917 2344 4971 Adhuc
2386 4918 2493 4970 duo
2523 4915 2648 4969 anni
2699 4914 2934 4981 dierum,
2975 4928 3076 4987 ego
3109 4914 3364 4967 reducam

1803 5002 1870 5058 ad
1901 5004 2078 5057 locum
2118 5004 2264 5060 hunc
2298 5006 2480 5059 omnia
2508 5019 2634 5059 vasa
2670 5005 2868 5059 domus
2904 5003 3139 5070 Domini,
3175 5003 3251 5074 (a)
3297 5005 3366 5070 Χ

183 5093 255 5170 (‘_)_
281 5091 357 5145 Ita
377 5092 504 5170 _c_od.
535 5090 658 5162 Syr.
681 5102 885 5156 “.152?!
916 5092 1198 5170 Apcﬁoris;
1220 5095 1321 5170 sed
1351 5095 1536 5170 lapsus
1567 5100 1693 5170 scril

1810 5116 1908 5170 pro
1933 5109 2140 5164 '11:)?!
2174 5100 2462 5170 Achboris;
2492 5099 2696 5164 Graece,
2729 5099 2825 5152 τοῦ
2867 5098 3126 5170 Ἀχοὸώρ.
3167 5098 3362 5170 Drac_h.

113 5162 184 5230 (ε)
219 5163 282 5215 Et
324 5162 668 5238 adduxerunt
694 5179 877 5238 eum_..
918 5164 985 5238 (ί)
1027 5163 1254 5238 Reliqui,
1279 5162 1679 5238 cadaverejus.

110 5248 305 5286 omnes
331 5240 524 5287 terras.
602 5232 674 5303 (It)
701 5233 792 5298 A.,
823 5233 1048 5288 bestiam
1085 5232 1341 5303 regionis.

1757 5173 1926 5241 (g)~Et
1951 5171 2221 5225 homines.
2291 5170 2373 5241 (Ιι)
2400 5169 2623 5241 Reliqui,
2653 5171 2740 5225 cui

1419 5237 1481 5307 (ι)
1516 5236 1596 5301 Si,
1640 5236 1798 5311 terrai
1813 5236 1955 5311 ejus.

2827 5167 2983 5239 Iacet.
3049 5167 3124 5239 (ε)
3147 5171 3245 5239 _A.,
3281 5167 3364 5231 s.,

2033 5241 2126 5310 (m)
2392 5241 2448 5294 in
2479 5237 2647 5310 peste.
2726 5237 2802 5319 (ui
2831 5237 2971 5319 Eos.
3035 5237 3368 5319 (q)!i_eliqz_1i,

110 5303 446 5381 non_col_eti_§
470 5302 780 5381 servitium.
828 5305 929 5381 _(P)
965 5307 1057 5370 Α.,
1085 5302 1470 5381 ὶῃξιῃ-θιιιίειοὶρς
1549 5314 1622 5378 (ᾳ)
1657 5310 1738 5375 S.,
1769 5302 2072 5366 mendacia.
2108 5302 2118 5310 ⁷
2149 5302 2418 5381 (ν)Ἀ.,’θι
2454 5302 2561 5364 ηὐη
2591 5319 2673 5365 est
2694 5302 2914 5364 verbum
2936 5302 3148 5381 Domini
3182 5309 3237 5381 in
3263 5302 3362 5381 eis.

110 5374 179 5450 If)
206 5373 298 5432 Α..
329 5373 382 5426 in
408 5371 638 5427 Domino
661 5371 1022 5450 exerci_tt_tum_.
1080 5373 1330 5450 _(t)_IIaec,
1355 5371 1703 5450 quibus-sunt
1727 5371 1997 5447 asterisci,
2046 5371 2570 5450 pro's'uperioribus,
2593 5381 2792 5450 quibus
2820 5391 2947 5432 sunt
2969 5378 3236 5450 lemnisci,
3264 5379 3367 5450 _a_d-

108 5445 223 5516 dita
249 5451 388 5516 sunt
428 5457 494 5495 ex
525 5444 788 5516 versione
823 5443 1673 5516 :I‘hendotionis,aequiparantia
1707 5450 1755 5504 vi
1795 5451 1883 5516 iis,

1117 5519 1196 5584 (ιι)
1231 5515 1335 5586 Α..
1363 5515 1621 5586 θιειιρθι*
1659 5515 1902 5576 basibus.

109 5513 384 5586 scrholiurn
439 5513 642 5586 codicis
667 5513 788 5586 Syr.
819 5512 1044 5586 Drach.]

1975 5445 2060 5505 uae:
2086 5445 2293 5519 Reliqui
2335 5445 2579 5505 fecerunt
2609 5445 2670 5518 (ἱ.
2702 5465 2753 5503 e.
2799 5447 3229 5519 transtulerunt).
3263 5445 3364 5518 [Ita

1978 5563 2014 5585 .,
2045 5531 2099 5574 et
2127 5517 2223 5588 pro
2252 5521 2494 5578 basibus.
2571 5517 2649 5590 (at)
2692 5522 2781 5583 Α.,
2811 5517 2896 5590 S.,
2920 5518 3057 5590 dicit
3083 5517 3362 5570 Dominus.

667 5513 705 5563 S

109 5529 384 5568 scuouum
439 5529 642 5566 COUICIS
668 5529 788 5637 agr.
819 5529 1044 5586 uracn.]
1117 5529 1196 5584 (ιι)
1231 5529 1322 5576 Α..
1363 5529 1419 5570 et
1457 5532 1621 5586 super
1659 5529 1902 5576 basibus.
1935 5529 2014 5585 8.,
2045 5531 2099 5574 et
2127 5535 2222 5588 pro
2252 5529 2494 5578 basibus.
2571 5529 2649 5590 (at)
2692 5529 2781 5583 Α.,
2811 5529 2892 5582 5.,
2923 5529 3058 5598 ment
3083 5529 3362 5570 vomlnus.

109 5584 186 5653 (y)
217 5582 399 5653 Regis.
475 5585 550 5651 (ι)
574 5584 666 5646 Α.,
743 5620 782 5648 .,
815 5586 1098 5654 propheta.
1173 5586 1253 5655 (a)
1292 5584 1438 5651 Haec,
1473 5588 1843 5660 quibus_sunt_
1872 5590 2139 5651 asterisci,
2166 5603 2265 5660 pro
2301 5591 2368 5645 iis
2388 5598 2672 5660 s_unt,quae
2695 5590 2836 5659 apud
2876 5586 3017 5642 LXX
3043 5594 3365 5656 interpretes

110 5667 354 5758 fuerunt.
386 5663 541 5758 (Ilaac
572 5666 796 5758 obscura
826 5668 903 5721 ita
932 5669 1175 5724 vertenda
1205 5671 1408 5738 putavi,
1443 5654 1622 5758 verbis
1639 5654 1755 5758 175:1
1930 5673 1998 5726 ad
2029 5654 2182 5727 voces
2203 5655 2323 5756 195.":
2341 5655 2438 5731 n15
2454 5654 2991 5758 transferendisjnihi
3017 5654 3364 5758 eisis;)f‘[P'ro

110 5748 469 5818 intelligentia
504 5749 664 5818 hujus
698 5748 979 5843 Norbergii
1008 5735 1750 5843 observationis'adponiliius
1779 5735 1866 5810 hic
1900 5758 2144 5814 scholion
2174 5735 2313 5814 sicut
2341 5757 2570 5812 habetur
2596 5735 2649 5812 in
2677 5756 2798 5812 cod.
2834 5754 2951 5826 Syr.
2976 5737 3093 5843 ιγὸτι
3116 5735 3370 5843 ἾΒΠΤΒΠ

114 5841 238 5894 τ’τἹ
267 5840 481 5919 primm
513 5841 688 5920 rima
724 5819 839 5920 ’βὸτι
874 5820 970 5895 n15
992 5846 1308 5918 ipsi-nues
1336 5822 1452 5922 νηί)
1486 5819 1626 5899 nim
1669 5841 1693 5894 ι

1799 5839 1893 5912 111.}
