3834 6224
452 279 590 336 2517

457 486 582 552 hoc,
617 493 675 542 et
719 485 1023 541 introduxit
1056 499 1121 541 ea
1169 485 1225 541 in
1261 486 1619 562 Babylonem,
1658 490 1712 562 4.
1751 500 1807 546 et
1833 491 2063 547 Jecho-'

456 579 607 634 niam
641 577 815 633 filium
844 576 1055 634 Joacim
1091 593 1275 650 regem
1318 578 1492 649 Judae,
1525 590 1580 638 et
1610 563 1829 638 omnem
1862 584 2036 654 capti-

454 669 679 724 vitatem
709 666 884 732 Judaa,
915 669 1010 740 qui
1035 669 1266 741 ingressi
1297 681 1427 727 sunt
1453 673 1507 727 in
1542 672 1898 746 Babylonem,
1929 690 2033 747 ego

455 759 715 815 reducam
753 760 806 815 in
851 760 1032 816 locum
1082 761 1251 826 hunc,
1276 763 1411 818 dicit
1437 763 1706 822 Dominus
1737 765 1802 836 1,
1864 781 1928 824 σε-
1979 776 2036 824 et

451 837 798 916 Jéchoniam,
829 858 885 905 et
917 851 1454 922 transmigrationem
1481 854 1635 912 Judze
1660 856 1682 926 1
1711 875 1726 923 ;
1758 858 1889 928 quia
1909 873 2036 913 con-
2063 921 2084 932 -

457 949 630 996 teram
679 942 867 1013 iugum
899 943 1044 1014 regis
1074 942 1388 1016 Babylonis.
1424 947 1458 1002 5
1517 947 1586 1003 Et
1631 949 1772 1005 dixit
1799 949 2034 1007 Jeremia

458 1036 526 1102 Χ
581 1033 846 1104 pr0pheta
902 1034 924 1103 1
982 1036 1048 1089 ad
1106 1035 1407 1094 Hanauiam
1459 1043 1526 1109 Χ
1584 1043 2034 1115 pseudoprophe-

458 1134 568 1178 tam
603 1123 627 1193 1
665 1134 793 1180 ante
835 1126 1026 1182 oculos
1052 1129 1422 1198 sacerdotum,
1453 1142 1507 1188 et
1532 1143 1659 1188 ante
1691 1136 1884 1191 oculos
1912 1152 2032 1191 om-

459 1217 545 1272 nis
579 1217 787 1288 populi,
827 1219 1089 1274 stantium
1126 1221 1181 1275 in
1227 1221 1392 1276 domo
1428 1221 1667 1290 Domini,
1703 1226 1758 1281 6.
1805 1236 1860 1283 et
1893 1227 2035 1283 dixit

455 1306 692 1364 Jeremia
722 1311 791 1378 Χ
824 1311 1087 1380 propheta
1133 1313 1155 1384 1
1200 1332 1213 1368 :
1252 1313 1327 1386 (b)
1365 1313 1503 1371 Vere
1543 1317 1624 1373 sic
1652 1317 1815 1374 faciet
1849 1318 2034 1374 Domi-

458 1415 565 1456 nus
597 1419 611 1455 :
643 1409 846 1456 statuet
870 1401 1136 1460 Dominus
1170 1406 1391 1462 verbum
1425 1416 1600 1474 tuum,
1634 1409 1779 1479 quod
1818 1417 1876 1466 tu
1903 1426 2034 1480 pro-

457 1491 672 1562 phetas,
712 1492 780 1547 ad
809 1496 1006 1550 reverti
1046 1495 1356 1553 faciendum
1391 1515 1520 1556 vasa
1549 1499 1746 1557 domus
1788 1501 2032 1567 Domini,

456 1591 512 1636 et
533 1595 753 1636 omnem
796 1584 1328 1658 transmigrationem
1355 1603 1422 1643 ex
1455 1588 1728 1661 Babylone
1751 1591 1818 1646 ad
1852 1592 2032 1648 locum

459 1671 624 1728 hunc.
669 1671 720 1727 7.
749 1671 1140 1732 Verumtamen
1175 1676 1246 1749 (c)
1274 1679 1458 1734 audite
1487 1683 1556 1750 Χ
1579 1697 1726 1736 nunc
1759 1681 1781 1749 1
1807 1682 2030 1738 verbum

458 1761 584 1823 hoc.
619 1765 763 1836 quod
797 1780 898 1836 ego
917 1766 1043 1824 dico
1075 1767 1128 1822 in
1151 1783 1315 1826 aures
1348 1769 1426 1841 (ά)
1459 1783 1691 1839 vestras,
1715 1783 1769 1827 et
1792 1772 1847 1827 in
1869 1789 2032 1829 aures
2065 1769 2107 1824 Β
2136 1776 2278 1832 ﬁlios
2311 1787 2368 1832 ei,
2400 1777 2564 1841 ﬁlias,
2609 1784 2664 1832 ει
2698 1775 3139 1845 multiplicamini
3197 1775 3266 1842 χ(
3317 1774 3390 1828 ibi
3432 1773 3455 1841 ζ
3487 1812 3503 1837 ,

457 1853 640 1910 omnis
687 1857 895 1926 populi.
931 1857 986 1912 8.
1035 1856 1344 1930 Prophetas,
1401 1863 1498 1933 qui
1555 1862 1776 1919 fuerunt
1823 1865 2038 1936 priores

457 1959 546 1998 me
569 1984 585 2009 ,
621 1959 676 2000 et
695 1947 906 2018 priores
939 1947 1010 2019 (ε)
1044 1949 1202 2006 vobis
1226 1965 1258 2006 a
1283 1952 1507 2018 saeculo,
1546 1961 1602 2008 et
1641 1954 2038 2025 prophetarum

460 2035 530 2106 (Ι)
562 2052 729 2107 super
773 2049 916 2094 terra
949 2041 1146 2109 multa,
1189 2051 1244 2097 et
1279 2059 1446 2114 super
1498 2045 1683 2116 regnis
1733 2047 1948 2117 magnis
1980 2048 2035 2103 in

457 2129 687 2197 bellum,
714 2133 784 2200 )t(
815 2140 871 2188 et
901 2132 954 2186 in
981 2134 1146 2199 mala,
1169 2145 1224 2190 et
1245 2135 1300 2190 in
1323 2145 1556 2192 mortem
1590 2137 1637 2206 1.
1661 2138 1714 2194 9.
1744 2137 2034 2210 Propheta,

457 2219 555 2290 qui
585 2221 930 2292 prophetavit
975 2222 1030 2279 in
1062 2239 1273 2296 pacem,
1317 2243 1486 2297 quum
1529 2228 1680 2284 venit
1710 2229 1938 2284 verbum
1968 2234 2035 2299 Χ

459 2311 737 2384 propheta:
765 2312 788 2382 1
813 2353 828 2380 ,
861 2313 935 2386 (g)
966 2326 1301 2387 cognoscent
1326 2317 1669 2388 prophetam,
1699 2334 1861 2389 quem
1887 2321 2038 2376 misit

461 2415 525 2459 -t-
555 2403 638 2459 eis
664 2405 687 2475 1
722 2404 989 2464 Dominus
1012 2405 1090 2480 (lt)
1118 2408 1172 2464 in
1197 2408 1322 2464 fide.
1348 2409 1434 2464 10.
1466 2409 1534 2466 Et
1560 2413 1760 2467 sumsit
1784 2410 2036 2470 Hanania

457 2497 526 2564 Χ
553 2495 822 2567 propheta
851 2497 874 2568 1
928 2513 994 2555 -ι-
1042 2499 1096 2554 in
1129 2500 1306 2557 oculis
1338 2502 1521 2558 omnis
1548 2503 1734 2573 populi
1761 2501 1786 2571 1
1813 2502 2036 2560 collaria

457 2602 524 2641 ex
571 2587 714 2643 collo
761 2588 1015 2648 Jeremiaa
1046 2593 1114 2662 Χ
1144 2593 1424 2664 propheta:
1459 2593 1519 2662 1,
1550 2601 1605 2649 et
1639 2593 1908 2666 confregit
1948 2609 2035 2649 ea.

461 2678 546 2735 11.
583 2681 655 2737 Et
691 2681 830 2738 dixit
869 2682 1116 2740 Hanania
1150 2695 1276 2741 ante
1308 2687 1501 2742 oculos
1553 2689 1622 2756 Χ
1662 2687 1844 2743 omnis
1879 2689 1903 2758 1
1938 2701 2036 2758 po-

458 2772 592 2841 puli,
627 2774 818 2834 dicens
862 2792 878 2830 :
914 2775 1008 2832 Sic
1039 2777 1177 2855 dixit
1209 2779 1473 2834 Dominus
1517 2820 1531 2834 .
1558 2777 1662 2835 Sic
1691 2779 2036 2853 confringam

455 2862 650 2934 jugum
687 2867 754 2934 Χ
785 2863 1350 2925 Nabuchodonosoris
1370 2869 1518 2940 regis
1547 2869 1841 2942 Babylonis
1863 2871 1926 2942 (ί)
1950 2886 2040 2927 su-

458 2967 554 3023 per
595 2953 812 3010 duobns
866 2957 1027 3014 annis
1069 2957 1286 3014 dierum
1342 2958 1418 3031 (It)
1466 2975 1534 3016 ex
1582 2961 1739 3019 collis
1790 2962 2036 3018 omnium

457 3044 725 3112 gentium.
775 3046 842 3101 Et
885 3047 1023 3102 abiit
1078 3045 1318 3104 Jeremia
1365 3050 1630 3121 propheta
1683 3051 1708 3121 1
1776 3052 1834 3107 in
1889 3052 2035 3108 viam

459 3151 639 3191 suam.
687 3137 778 3193 12.
818 3137 885 3193 Et
921 3137 1130 3194 factum
1173 3147 1260 3196 est
1290 3142 1516 3196 verbum
1543 3141 1761 3198 Domini
1789 3143 1857 3198 ad
1877 3141 2033 3199 Jere-

456 3228 648 3295 miam,
684 3240 980 3302 postquam
1012 3230 1283 3302 confregit
1324 3231 1574 3288 Hanania
1602 3237 1670 3303 Χ
1704 3235 1970 3306 propheta
2007 3235 2031 3302 1

457 3320 684 3377 collaria
715 3323 783 3392 Χ
818 3323 938 3394 ejus
986 3339 1053 3378 ex
1097 3323 1240 3380 collo
1280 3323 1346 3396 (ι)
1392 3325 1513 3396 ejus
1540 3328 1820 3398 prophetae
1849 3327 1872 3396 1
1901 3366 1920 3394 ,
1952 3327 2038 3382 di-

455 3426 588 3468 cens
625 3431 641 3468 :
677 3413 765 3471 15.
815 3414 996 3483 Vade,
1039 3421 1096 3470 et
1134 3415 1226 3471 dic
1268 3416 1335 3471 ad
1377 3414 1719 3482 Hananiam,
1752 3416 1985 3474 dicendo
2019 3437 2033 3473 :

459 3501 554 3559 Sic
583 3502 722 3559 dixit
767 3503 1034 3562 Dominus
1087 3523 1102 3560 :
1147 3505 1386 3562 Collaria
1426 3506 1555 3579 ligni
1601 3506 1941 3578 confregisti,
1985 3517 2040 3564 et

459 3592 658 3650 faciam
691 3595 789 3664 (ιη)
823 3612 924 3668 pro
961 3597 1047 3654 bis
1073 3597 1298 3655 collaria
1325 3597 1457 3654 ferri
1489 3599 1618 3654 :14.
1651 3600 1782 3670 quia
1803 3601 1883 3656 sic
1899 3601 2038 3656 dixit

461 3687 732 3746 Dominus
771 3693 839 3759 Χ
869 3691 1134 3748 virtutum
1165 3690 1188 3760 1
1225 3691 1369 3748 Deus
1396 3689 1650 3748 israelis:
1676 3691 1869 3764 jugum
1905 3692 2037 3749 ferri

460 3782 620 3852 posui
665 3798 830 3856 super
874 3784 1075 3841 collum
1130 3784 1378 3842 omnium
1415 3785 1658 3856 gentium
1703 3787 1771 3856 Χ
1815 3787 2036 3854 harum,

459 3874 528 3930 ad
562 3875 914 3934 serviendum
941 3874 1468 3934 Nabuchodonosori
1507 3876 1531 3946 1
1569 3877 1682 3949 regi
1715 3876 2034 3949 Babylonis,

458 3971 608 4038 Χει
655 3970 838 4026 colent
890 3969 1170 4028 servitium
1209 3969 1283 4035 ei,
1335 3977 1392 4024 et
1432 3985 1649 4041 quoque
1700 3967 1778 4040 (η)
1831 3969 2037 4028 bestias

460 4061 574 4132 agri
613 4062 735 4116 dedi
781 4062 831 4117 ei
868 4063 917 4130 1.
973 4061 1062 4117 15.
1115 4060 1181 4116 Et
1225 4060 1376 4120 dixit!
1408 4060 1645 4119 Jeremia
1677 4065 1744 4132 Χ
1770 4063 2036 4135 propheta

459 4153 718 4212 llananiae
759 4155 1038 4225 propheta
1081 4154 1106 4223 1
1142 4173 1156 4210 :
1188 4154 1332 4210 Audi
1375 4157 1442 4224 Χ
1476 4171 1644 4222 nunc,
1692 4155 1939 4212 Hanania
1970 4158 2031 4228 1:

457 4245 574 4302 Non
606 4246 756 4301 misit
785 4254 837 4302 te
866 4245 1131 4302 Dominus
1175 4265 1188 4301 :
1222 4258 1278 4304 et
1309 4255 1366 4302 tu
1396 4247 1670 4304 confidere
1712 4247 1891 4305 fecisti
1938 4264 2036 4320 po-

454 4339 643 4410 pulum
686 4338 833 4393 hunc
889 4338 964 4408 (ο)
1006 4353 1169 4410 super
1222 4339 1448 4412 iniquis.
1508 4340 1596 4395 16.
1656 4338 1887 4412 Propter
1932 4340 2036 4396 hoc

453 4432 538 4489 sic
585 4429 724 4488 dixit
773 4429 1042 4486 Dominus
1097 4447 1112 4485 :

453 4535 612 4581 terrae
645 4524 791 4580 :hoc
818 4537 963 4578 anno
985 4525 1054 4593 Χ
1078 4532 1134 4578 tu
1167 4522 1191 4591 1
1227 4522 1512 4592 morieris;
1543 4523 1673 4595 quia
1694 4525 1761 4592 Χ
1793 4524 2034 4595 obliqui-

453 4626 622 4674 tatem
655 4617 678 4688 1
704 4625 762 4672 tu
789 4615 1008 4672 locutus
1037 4630 1098 4671 es
1121 4615 1187 4670 ad
1213 4615 1524 4671 Dominum.
1562 4614 1649 4669 17.
1687 4612 1756 4668 Et
1786 4623 2035 4673 mortuus

452 4719 537 4766 est
563 4712 633 4780 Χ
666 4708 912 4772 Batiania
946 4708 1209 4780 propheta
1253 4709 1308 4764 in
1356 4723 1502 4765 anno
1535 4707 1628 4764 illo
1662 4706 1687 4777 1
1737 4708 1792 4764 in
1841 4723 2030 4765 mense

451 4801 704 4870 septimo.

520 4893 655 4964 Cap.
697 4890 892 4948 XXIX.
923 4893 976 4948 1.
1004 4891 1069 4948 Et
1094 4893 1210 4949 hate
1229 4893 1395 4950 verba
1421 4892 1567 4961 libri,
1596 4907 1720 4965 quae
1756 4892 1910 4949 misit
1933 4890 2026 4947 Je-

451 4986 620 5042 remia
671 4988 739 5055 Χ
788 4985 1056 5056 propheta
1102 4987 1126 5055 1
1179 5000 1248 5042 ex
1299 4983 1600 5042 Jerusalem
1653 4984 1722 5041 ad
1775 4986 2027 5052 seniores

448 5078 970 5148 transmigrationis,
1008 5085 1064 5132 et
1090 5075 1158 5131 ad
1199 5075 1534 5144 sacerdotes,
1580 5085 1636 5132 et
1671 5077 1740 5131 ad
1785 5075 2021 5147 pseudo-

449 5168 768 5239 proplietas,
817 5167 1106 5240 epistolam
1166 5167 1222 5222 in
1271 5165 1602 5239 Babylonem
1649 5180 1714 5223 οι-
1755 5167 2025 5238 demigra-

521 5341 598 5403 (υ)
638 5341 731 5405 Α..
757 5340 984 5397 ﬁdeliter
1010 5351 1062 5398 te
1093 5339 1428 5413 geresLHeb.
1456 5358 1638 5398 amen.
1712 5341 1954 5413 (c)Audi.
2032 5368 2034 5389 ι

2138 5339 2308 5413 Tuas

1629 278 1855 336 CODEX
1897 278 2563 336 SYRO-IIEXAPLARIS.

455 409 578 466 qua
603 393 803 450 sumsit
827 391 1338 452 Nabuchodonosor
1371 411 1465 451 rex
1493 384 1787 471 Babylonis
1818 415 1886 455 ex
1917 373 2040 456 loco
2069 417 2112 472 Α
2145 402 2278 456 tioni
2324 402 2385 472 1,

3570 280 3720 340 2358

2437 411 2491 458 et
2529 401 2597 457 ad
2645 415 2862 456 omnem
2911 401 3207 472 populum;
3238 415 3379 473 quos
3409 402 3720 474 deportavit

2137 491 2646 550 Nabuchodonosor
2676 496 2744 564 Χ
2774 508 2803 548 a
2835 492 3136 550 Jerusalem
3170 495 3225 550 in
3275 494 3612 566 Babylonem
3649 499 3671 566 1
3699 515 3716 563 ;

2136 583 2191 637 2.
2226 583 2301 656 (ρ)
2336 599 2462 639 cum
2493 585 2559 640 ad
2605 585 2859 640 ultimum
2893 601 3150 657 egressus
3177 596 3262 641 est
3288 583 3552 642 Jechonia
3594 604 3714 653 rex,

2136 685 2191 731 et
2224 677 2431 746 regina,
2467 686 2522 732 et
2555 678 2814 744 eunuchi,
2844 681 2910 747 Χ
2950 687 3004 734 et
3037 678 3315 750 principes
3341 677 3496 735 Judte
3528 696 3592 736 ex
3622 679 3713 736 Je-

2136 768 2374 822 rusalem
2402 768 2464 837 1,
2488 777 2543 824 et
2573 769 2754 825 omnis
2777 770 2936 834 liber,
2957 778 3011 826 et
3045 771 3120 842 (q)
3153 772 3374 836 artifex,
3407 781 3462 827 et
3495 773 3718 827 vinctus

2135 874 2199 914 ex
2225 857 2550 923 Jerusalem.
2610 861 2666 915 5.
2717 861 2773 915 ἱιι
2812 877 2978 916 manu
3017 861 3224 918 Eleasaa
3255 864 3350 918 filii
3379 863 3627 934 Saplian,
3661 872 3720 916 et

2139 949 2408 1006 Gamarim
2442 949 2537 1004 filii
2570 949 2788 1014 Helciaz,
2813 965 2974 1018 quem
3003 951 3150 1007 misit
3187 951 3414 1006 Sedecia
3437 967 3534 1006 rex
3561 948 3719 1005 Judaa

2137 1040 2204 1095 ad
2239 1043 2305 1108 Χ
2337 1037 2935 1096 Nabuchodonosorem
2976 1039 3000 1108 1
3034 1056 3214 1111 regem
3239 1039 3534 1110 Babylonis
3561 1052 3625 1095 σι-
3657 1039 3716 1092 in

2135 1129 2466 1203 Babylonem
2511 1132 2568 1201 1,
2627 1131 2816 1186 dicens
2855 1148 2868 1184 :
2917 1132 2971 1186 4.
3022 1131 3113 1186 Sic
3161 1131 3299 1186 dixit
3345 1129 3612 1185 Dominus
3646 1131 3716 1196 Χ

2134 1223 2398 1279 virtutum
2459 1222 2483 1291 1
2550 1224 2694 1278 Deus
2745 1222 2963 1278 Israelis
3019 1237 3185 1292 super
3228 1221 3714 1293 demigrationem,

2133 1333 2300 1389 quam
2333 1317 2639 1388 demigrare
2669 1315 2798 1372 fecit
2829 1331 2896 1370 ex
2930 1313 3232 1374 Jerusalem
3274 1317 3341 1384 Χ
3389 1314 3446 1368 ἰιι
3483 1313 3718 1384 Babylo-

2135 1425 2259 1466 nem
2293 1408 2317 1477 1
2345 1427 2358 1464 :
2394 1409 2447 1466 5.
2474 1407 2765 1463 .‘Ediﬁcate
2793 1409 3005 1468 domos,
3033 1417 3088 1462 et
3119 1408 3380 1471 habitate,
3399 1417 3451 1461 et
3473 1407 3718 1476 plantate

2135 1502 2348 1565 hortos,
2393 1512 2449 1558 et
2485 1501 2629 1557 edite
2661 1501 2877 1558 fructus
2907 1516 3124 1564 eorum,
3158 1499 3211 1555 6.
3247 1510 3301 1554 et
3327 1499 3529 1555 sumite
3576 1511 3716 1552 uxo-

2133 1611 2242 1662 res,
2261 1605 2315 1650 et
2337 1594 2499 1650 facite
2527 1603 2686 1650 natos
2720 1594 2882 1659 filios,
2906 1603 2960 1649 et
2990 1593 3149 1656 filias,
3173 1602 3226 1647 et
3249 1593 3447 1647 sumite
3470 1590 3597 1646 tlliis
3620 1604 3720 1645 ve-

2135 1687 2267 1743 stris
2314 1702 2534 1750 uxores,
2577 1695 2634 1742 et
2679 1685 2821 1740 tilias
2848 1693 3060 1741 vestras
3082 1686 3206 1740 date
3230 1684 3386 1744 viris.
3416 1693 3472 1738 et
3496 1682 3715 1754 pariant

3554 1781 3610 1827 et
3644 1787 3715 1826 ne

2137 1869 2521 1925 diminuamini
2555 1887 2572 1924 :
2609 1868 2664 1921 7.
2697 1875 2754 1923 et
2793 1868 2958 1922 vivite
2988 1867 3057 1934 (ν)
3091 1867 3146 1921 in
3194 1881 3381 1937 pacem
3424 1875 3608 1928 terrae,
3653 1864 3711 1919 in

2135 1975 2300 2031 quam
2335 1959 2643 2031 demigrare
2666 1958 2769 2015 feci
2799 1975 2900 2015 vos
2934 1959 3065 2014 illuc
3095 1974 3112 2012 :
3150 1968 3205 2013 et
3233 1967 3384 2012 orate
3405 1971 3504 2027 pro
3531 1957 3615 2011 eis
3641 1957 3710 2011 ad

2136 2050 2466 2118 Dominum;
2516 2053 2646 2122 quia
2688 2052 2741 2106 in
2778 2066 2911 2121 pace
2945 2051 3014 2122 (ε)
3045 2065 3239 2106 eorum
3275 2049 3335 2104 fit
3387 2048 3544 2104 vobis
3585 2063 3710 2118 Pax.

2136 2142 2190 2198 8.
2228 2141 2500 2209 Quoniam
2548 2143 2629 2199 sic
2670 2143 2810 2198 dixit
2841 2142 3110 2198 Dominus
3142 2144 3212 2211 Χ
3261 2142 3524 2196 virtutum
3547 2140 3711 2206 .Deus

2135 2233 2354 2291 Israelis
2389 2235 2410 2303 1
2441 2253 2456 2292 :
2489 2233 2609 2291 Non
2643 2236 3012 2306 persuadeant
3033 2235 3191 2291 vobis
3225 2234 3710 2306 pseudopropheta:

2138 2330 2206 2397 Χ
2230 2328 2396 2382 vestri
2431 2326 2454 2395 1
2487 2341 2551 2382 -t--
2578 2328 2672 2397 qui
2705 2327 2758 2381 in
2791 2328 2949 2384 vobis
2974 2329 2997 2398 1
3018 2367 3034 2390 ,
3067 2336 3121 2382 et
3160 2341 3224 2382 οι-
3250 2340 3358 2380 non
3387 2331 3456 2395 (ι)
3486 2340 3711 2396 persua-

2135 2420 2300 2475 deant
2321 2419 2475 2475 vobis
2503 2419 2525 2488 1
2556 2420 2893 2476 divinatorcs
2916 2419 3082 2475 vestri
3106 2439 3120 2476 :
3141 2428 3197 2474 et
3218 2435 3286 2474 ne
3311 2418 3548 2473 audiatis
3561 2419 3636 2489 (ιι)
3658 2418 3711 2470 in

2135 2511 2368 2567 somniis
2389 2511 2608 2574 vestris,
2635 2511 2882 2581 quae‘vos
2913 2512 3235 2576 somniatis;
3274 2509 3327 2565 9.
3366 2511 3494 2580 quia
3526 2509 3712 2578 iniqua

2136 2602 2215 2657 illi
2244 2603 2569 2674 prophetam
2598 2602 2755 2659 vobis
2785 2618 2950 2672 super
2988 2602 3213 2658 nomine
3243 2617 3365 2656 meo
3393 2622 3408 2656 :
3443 2616 3556 2656 non
3588 2601 3713 2656 misi

2135 2707 2252 2756 eos,
2300 2692 2436 2747 dicit
2474 2691 2760 2748 Dominus.
2815 2692 2904 2748 10.
2951 2691 3090 2758 Quia
3119 2692 3202 2748 sic
3230 2691 3368 2746 dixit
3396 2688 3668 2744 Dominus
3697 2704 3716 2741 :

2137 2782 2217 2857 (ω)
2247 2784 2385 2839 Cum
2414 2783 2586 2839 futuri
2641 2791 2770 2839 sunt
2814 2783 3028 2853 impleri
3066 2781 3329 2854 Babyloni
3364 2780 3713 2851 septuaginta

2137 2876 2286 2943 anni,
2324 2875 2559 2932 visitabo
2599 2890 2719 2940 vos,
2767 2883 2823 2930 et
2871 2876 3152 2946 imponam
3207 2889 3372 2944 super
3412 2887 3515 2928 vos
3546 2872 3716 2926 verba

2136 2981 2256 3020 mea
2289 2967 2357 3034 Χ
2381 2966 2524 3021 bona
2559 2964 2583 3034 1
2607 3005 2622 3030 ,
2653 2963 2721 3019 ad
2746 2964 3115 3020 reducendum
3139 2978 3238 3019 vos
3262 2963 3317 3017 in
3341 2962 3522 3017 locum
3547 2961 3715 3015 hunc.

2139 3057 2227 3114 11.
2266 3061 2334 3128 Χ
2371 3056 2511 3124 Quia
2539 3072 2642 3127 ego
2666 3058 2785 3114 scio
2811 3057 3225 3126 cogitationem,
3257 3054 3388 3126 quia
3413 3069 3514 3124 ego
3533 3068 3659 3108 sum
3691 3051 3713 3119 1

2137 3159 2191 3204 et
2223 3150 2471 3220 cogitans
2496 3165 2662 3220 super
2689 3164 2805 3214 vos,
2835 3151 2903 3218 Χ
2937 3147 3073 3203 dicit
3111 3145 3380 3202 Dominus
3413 3147 3478 3217 1,
3503 3146 3715 3216 cogita-

2137 3243 2338 3298 tionem
2368 3243 2543 3313 pacis,
2571 3252 2624 3297 et
2651 3257 2760 3296 non
2793 3242 2958 3306 mala,
2996 3239 3066 3294 ad
3097 3240 3342 3295 dandum
3391 3239 3549 3294 vobis
3594 3248 3714 3308 post

2139 3335 2256 3390 haec
2289 3337 2355 3404 Χ
2392 3335 2558 3390 etiam
2597 3349 2752 3404 spem
2801 3352 2815 3388 :
2861 3333 2952 3388 12.
2987 3339 3042 3386 et
3075 3333 3326 3386 invocate
3365 3345 3472 3393 me,
3517 3339 3572 3385 et
3610 3330 3716 3384 ibi-

2139 3426 2209 3482 tis
2244 3425 2308 3495 1,
2343 3437 2397 3481 et
2442 3436 2596 3481 orate
2642 3425 2710 3481 ad
2756 3441 2863 3490 me,
2904 3434 2960 3480 et
3011 3424 3303 3480 exaudiam
3353 3437 3476 3478 vos.
3527 3423 3618 3476 1'5.
3655 3420 3718 3474 Et

2138 3515 2392 3586 quaeretis
2421 3530 2530 3579 me,
2567 3523 2621 3570 et
2649 3513 2938 3569 invenietis
2972 3527 3082 3577 me,
3103 3512 3232 3582 quia
3261 3509 3520 3582 quaeretis
3549 3523 3641 3562 me
3663 3509 3718 3562 in

2139 3617 2252 3663 toto
2277 3607 2444 3662 corde
2477 3615 2662 3663 vestro
2697 3622 2712 3661 :
2743 3605 2831 3660 14.
2869 3614 2923 3660 et
2956 3603 3231 3674 apparebo
3278 3601 3455 3664 vobis,
3489 3603 3560 3668 Χ
3586 3600 3719 3655 dicit

2139 3698 2425 3766 Dominus,
2477 3707 2532 3754 et
2592 3698 2850 3754 reducam
2905 3696 3279 3766 captivitatem
3336 3703 3603 3755 vestram,
3663 3699 3719 3747 et

2137 3793 2473 3861 congregabo
2509 3805 2607 3846 vos
2644 3804 2712 3846 ex
2745 3789 3008 3844 omnibus
3038 3787 3314 3858 gentibus,
3347 3793 3404 3840 et
3433 3799 3501 3839 ex
3538 3783 3718 3838 omni-

2139 3883 2242 3939 bus
2267 3883 2423 3948 locis,
2454 3897 2565 3952 quo
2593 3881 2830 3952 dispersi
2864 3895 2964 3936 vos
3014 3880 3164 3943 illuc,
3219 3877 3353 3932 dicit
3398 3875 3670 3932 Dominus
3703 3891 3718 3929 :

2137 3978 2193 4025 et
2229 3969 2484 4025 reducam
2518 3984 2620 4024 vos
2662 3969 2720 4024 in
2770 3968 2975 4036 locum,
3010 3968 3157 4023 unde
3203 3967 3486 4037 deportavi
3520 3981 3622 4021 vos
3654 3967 3718 4020 il-

2137 4063 2226 4118 lue
2259 4063 2306 4130 1.
2341 4062 2425 4116 15.
2459 4061 2599 4128 Quia
2624 4060 2862 4125 dixistis,
2904 4060 3054 4132 quod
3097 4059 3386 4116 constituit
3429 4059 3590 4113 nobis
3623 4057 3712 4110 Do

2137 4156 2319 4210 minus
2340 4155 2632 4225 prophetas
2661 4153 2715 4208 in
2741 4153 3039 4209 Babvlone.
3073 4151 3160 4210 16.
3186 4157 3253 4223 Χ
3276 4152 3414 4218 Quia
3438 4152 3556 4206 haec
3583 4151 3717 4206 dicit

2137 4245 2402 4303 Dominus
2435 4246 2502 4301 ad
2529 4262 2712 4317 regem
2746 4247 3032 4302 sedentem
3060 4263 3227 4316 super
3272 4245 3414 4300 solio
3469 4244 3716 4309 Davidis,

2136 4346 2190 4391 et
2212 4351 2376 4406 super
2404 4351 2622 4392 omnem
2649 4335 2910 4406 populum
2943 4335 3275 4389 habitantem
3307 4333 3362 4387 in
3407 4331 3547 4385 urbe
3588 4331 3715 4392 hac,

1169 4429 1307 4486 Ecce
1350 4445 1452 4502 ego
1507 4433 1665 4487 mitto
1715 4441 1770 4488 te
1817 4447 1849 4487 a
1893 4430 2034 4489 lacie
2063 4458 2108 4514 υ
2140 4428 2334 4486 fratres
2353 4439 2588 4495 vestros,
2629 4429 2722 4499 qui
2753 4444 2862 4483 non
2895 4427 3102 4498 egressi
3134 4434 3264 4482 sunt
3296 4440 3421 4481 cum
3458 4424 3619 4478 vobis
3660 4423 3714 4476 in

2137 4524 2552 4596 demigratione.
2595 4523 2684 4579 17.
2726 4521 2854 4579 Haec
2889 4522 3026 4579 dicit
3072 4520 3341 4576 Dominus
3385 4519 3651 4573 virtutum
3700 4536 3712 4568 :

2138 4615 2276 4672 Ecce
2303 4631 2404 4688 ego
2427 4617 2586 4672 mitto
2607 4616 2662 4670 in
2692 4631 2789 4671 eos
2813 4615 3080 4686 gladium,
3121 4623 3177 4670 et
3225 4613 3448 4679 famem,
3476 4619 3533 4666 et
3565 4625 3711 4664 mor-

2135 4717 2268 4771 tem,
2297 4715 2353 4762 et
2384 4705 2527 4762 dabo
2560 4706 2612 4761 id
2657 4715 2716 4761 ut
2745 4708 2884 4761 licus
2925 4705 3004 4776 (υ)
3042 4705 3284 4768 Suarim,
3323 4719 3448 4775 qua:
3479 4717 3590 4758 non
3619 4717 3711 4756 co-

2133 4799 2421 4854 medentur
2453 4812 2566 4868 pra:
2587 4797 2818 4853 malitia.
2852 4797 2938 4853 18.
2975 4796 3042 4851 Et
3059 4811 3358 4867 persequar
3382 4803 3506 4867 post
3530 4809 3629 4850 eos
3658 4792 3709 4847 in

2133 4889 2334 4961 gladio,
2355 4898 2411 4946 et
2433 4890 2488 4945 in
2518 4888 2683 4954 fame,
2715 4897 2770 4944 et
2799 4889 2855 4943 in
2885 4899 3085 4953 morte,
3110 4898 3165 4942 et
3185 4887 3329 4942 dabo
3358 4902 3455 4942 eos
3481 4887 3536 4939 in
3564 4899 3710 4940 com-

2134 4983 2432 5039 motionem
2477 4982 2736 5039 omnibus
2768 4982 2956 5052 regnis
2991 4990 3168 5045 terra,
3216 4981 3272 5035 in
3309 4979 3707 5050 juramentum,

2131 5084 2186 5131 et
2229 5075 2285 5130 in
2318 5075 2568 5141 exitium,
2599 5083 2654 5130 et
2697 5075 2748 5129 in
2792 5074 3037 5138 sibilum,
3073 5082 3127 5127 et
3161 5073 3217 5127 in
3249 5070 3604 5142 opprobrium
3656 5067 3706 5121 in

2133 5165 2390 5222 omnibus
2422 5165 2711 5238 gentibus,
2748 5181 2859 5236 quo
2894 5163 3128 5234 dispersi
3159 5176 3255 5217 eos
3301 5160 3450 5216 illuc.
3483 5159 3571 5214 19.
3604 5155 3706 5210 Pro

2382 5340 2452 5411 (e)
2477 5338 2574 5396 Te.
2641 5337 3003 5411 r(f)_.4.,super
3033 5335 3207 5411 terris
3230 5335 3439 5411 multis.
3505 5332 3700 5411 ‘(g)4.,

453 5407 538 5483 §.,
575 5420 955 5483 cognoscetur.
1031 5404 1228 5483 (ΙιῖΑε,
1255 5410 1336 5483 8.,
1361 5413 1414 5467 in
1439 5413 1680 5469 veritate.
1718 5404 1730 5413 ’
1759 5404 1820 5483 (ί)
1843 5404 2103 5483 Rursus.’
2129 5410 2228 5483 με)
2269 5411 2348 5464 Ex
2368 5404 2531 5466 collo.
2607 5404 2975 5483 (l)'Jeremi:i'._
3037 5409 3133 5483 (ηε)
3164 5406 3282 5483 ΔΡΙὊ
3313 5405 3418 5460 eis.
3495 5404 3574 5475 (nl
3613 5404 3700 5483 Α..

453 5476 684 5551 bestiam
714 5479 972 5551 regionis.
1040 5476 1122 5551 ’(ὀ)
1161 5481 1252 5546 Α.,

454 5614 586 5681 liqui
611 5631 627 5666 :
654 5614 916 5673 seducant
943 5614 1042 5672 vos
1071 5614 1227 5689 propl

457 5685 831 5741 cometlendas.
873 5685 956 5743 S..
986 5689 1227 5744 ultimas.

1282 5480 1365 5553 8.,
1405 5499 1568 5553 super
1597 5476 1904 5540 mendacio.
1980 5481 2057 5551 (p)
2101 5476 2519 5553 A.','postquam
2553 5476 2808 5553 egressus
2840 5487 2927 5533 est
2949 5476 3222 5553 Jechonia
3250 5491 3375 5553 rex,
3394 5483 3449 5530 et
3475 5488 3600 5553 qua:
3619 5482 3703 5553 est

455 5547 661 5623 regina.
733 5547 812 5623 _(q)
845 5548 929 5613 S.,
963 5547 1260 5623 principem
1287 5547 1590 5620 fabrorum,
1612 5563 1667 5608 et
1693 5571 1840 5618 eum,
1869 5553 1962 5622 qui
1989 5547 2248 5623 includit;
2320 5547 2390 5623 (ν)
2432 5547 2707 5623 Ληςςᾷἰη
2739 5565 2928 5623 paceni
2957 5548 3131 5623 urbis.

575 5616 916 5711 ἓξὲξ-Ἦ)ωὲ
943 5616 1347 5711 aegroque:
1373 5616 1586 5680 vestri.'
1637 5627 1717 5695 (υ)
1755 5616 1835 5679 Ad
1861 5616 2097 5711 somnia.
2173 5621 2253 5694 (π)
2293 5616 2386 5688 AI,
2421 5623 2474 5678 in
2505 5616 2975 5691 oreimpletionis,
3003 5617 3285 5691 Babyloni.
3359 5616 3438 5689 (9)
3479 5619 3573 5681 A.,
3597 5629 3699 5670 non

3205 5549 3276 5616 (ε)
3315 5545 3469 5617 Ejus.
3494 5543 3573 5616 ’(ι)
3610 5543 3700 5597 Re-
