3834 6224
179 323 330 382 2549

1419 318 1732 376 IERE'MUE
1767 318 1998 376 CAPUT
2039 319 2208 375 XXX.

3282 323 3424 383 2330

180 455 252 496 eo
274 437 424 510 quod
461 453 568 493 non
596 436 928 493 audiverunt
951 436 1118 494 verba
1147 451 1288 506 mea,
1312 437 1445 493 dicit
1471 438 1758 506 Dominus,
1791 443 1836 501 Δ
1863 439 2090 494 remiam
2119 454 2148 492 a
2181 436 2416 492 Domino
2455 455 2468 491 :
2499 437 2555 491 2.
2588 437 2678 494 Sic
2707 438 2848 495 dixit
2880 440 3144 497 Dominus
3181 441 3326 498 Deus
3358 442 3406 498 ls

178 532 316 602 quia
343 531 466 586 misi
489 530 558 587 ad
580 545 676 587 eos
697 545 882 587 servos
904 545 1053 600 meos
1079 530 1393 601 prophetas,
1410 537 1753 586 antevertens

179 633 236 676 et
272 623 513 688 mittens,
543 632 598 678 et
622 638 730 678 non
781 622 855 694 (ι)
897 622 1248 690 audiverunt,
1296 622 1430 678 dicit
1470 621 1755 678 Dominus.

179 712 276 768 20.
314 711 381 767 Et
410 729 508 770 vos
537 714 722 769 audite
757 713 984 768 verbum
1017 713 1455 777 Domini,omnis
1483 713 1760 784 demigra-

183 807 285 867 tio,
311 820 475 874 quam
526 805 652 860 misi
685 821 753 860 ex
790 804 1095 861 Jerusalem
1131 805 1188 859 in
1233 805 1566 878 Babylonem
1598 805 1620 874 1
1656 806 1758 875 (a).

179 897 276 950 2i.
315 895 407 954 Sic
434 897 572 952 dixit
618 896 884 952 Dominus
922 901 987 966 Χ
1025 897 1338 967 virtutum1
1376 897 1518 952 Deus
1545 896 1761 952 lsraelis

183 1006 353 1061 super
387 990 595 1046 Achiab
626 994 692 1059 Χ
726 991 899 1046 tilium
933 989 1102 1046 Culiaa
1129 989 1186 1058 1,
1210 998 1265 1043 et
1285 1005 1448 1059 super
1477 987 1760 1042 Sedeciam

186 1087 256 1153 Χ
281 1083 449 1138 ﬁlium
472 1083 708 1149 Maasiae,
735 1084 1126 1154 prophetantes
1164 1082 1317 1137 vobis
1345 1096 1510 1150 super
1542 1081 1762 1136 nomine

183 1191 310 1230 meo
337 1175 414 1246 (ὁ)
448 1176 500 1230 in
529 1177 715 1247 iniquo
745 1176 768 1244 1
801 1193 815 1231 :
848 1175 984 1231 Ecce
1005 1191 1106 1246 ego
1145 1175 1215 1230 do
1255 1188 1351 1229 eos
1384 1174 1438 1228 in
1473 1188 1668 1228 manus
1692 1176 1760 1243 Χ

181 1265 736 1324 Nabuchodonosoris
766 1267 790 1336 1
816 1268 962 1337 regis
991 1266 1277 1339 Babylonis
1311 1284 1324 1320 :
1356 1274 1410 1320 et
1431 1263 1641 1320 occidet
1663 1280 1760 1321 eos

182 1368 310 1426 ante
348 1359 540 1415 oculos
576 1371 808 1416 vestros.
849 1359 938 1414 22.
970 1359 1037 1413 Et
1063 1367 1279 1415 sument
1317 1373 1385 1413 ex
1418 1359 1498 1412 eis
1534 1357 1762 1411 maledi-

181 1451 423 1505 rtionem
463 1452 517 1504 in
556 1451 704 1505 omni
732 1451 1127 1521 demigratione
1156 1447 1331 1512 Iudae,
1357 1464 1480 1518 quae
1504 1447 1556 1504 in
1590 1446 1762 1518 Baby-

184 1541 333 1608 lone,
363 1543 606 1599 dicentes
635 1558 650 1595 :
688 1541 874 1597 Faciat
904 1554 953 1596 te
977 1541 1263 1608 Dominus,
1297 1540 1452 1595 sicut
1497 1537 1625 1594 fecit
1659 1541 1760 1593 Se-

183 1635 421 1696 deciam,
465 1642 520 1688 et
565 1633 712 1688 sicut
750 1633 961 1688 Achiab
1013 1632 1101 1704 ('),
1156 1647 1296 1700 quos
1356 1633 1427 1699 (ε)
1480 1629 1632 1683 frixit
1666 1644 1758 1682 rex

183 1723 483 1797 Babylonis
509 1725 562 1779 in
586 1724 729 1796 igne,
752 1724 842 1778 23.
864 1733 1084 1794 propter
1107 1723 1182 1793 (α)
1207 1723 1572 1792 iniquitatem,
1595 1735 1758 1790 quam

1863 530 2046 595 raelis,
2070 529 2255 584 dicens
2284 548 2296 584 :
2325 527 2514 585 Scribe
2532 533 2599 598 Χ
2623 532 2718 586 tibi
2747 531 2768 601 1
2796 533 2979 587 omnia
2997 534 3182 598 verba,
3209 535 3284 604 (ο)
3310 551 3434 604 qua:

1861 622 2094 677 revelavi
2132 621 2256 687 tibi,
2290 621 2344 676 in
2380 621 2522 676 libro
2559 639 2572 676 :
2609 623 2663 677 5.
2698 623 2826 694 quia
2853 637 2981 679 ecce
3023 625 3139 679 dics
3180 626 3430 689 veniunt,

1861 714 1991 769 dicit
2021 715 2307 779 Dominus,
2360 724 2414 770 et
2445 716 2702 770 reducam
2746 715 2820 786 (p)
2853 715 3303 788 demigrationcm
3336 733 3434 788 po-

1861 807 1973 878 puli
2022 808 2128 863 mei
2165 808 2402 872 lsraelis,
2449 818 2503 864 et
2540 807 2712 873 Judae,
2748 811 2879 864 dicit
2915 809 3198 874 Dominus,
3257 812 3330 882 (q)
3379 821 3434 866 et

1861 899 2117 954 reducam
2144 915 2240 955 eos
2267 901 2319 953 in
2355 911 2576 966 terram,
2601 917 2764 970 quam
2793 901 2916 955 dedi
2946 903 3190 971 patribus
3216 919 3429 969 eorum,

1863 990 1933 1061 (ν)
1960 1003 2011 1047 et
2044 992 2435 1062 imperitabunt
2455 994 2523 1046 ei.
2553 993 2605 1047 4.
2637 993 2703 1048 Ει
2728 995 2840 1049 haec
2864 995 3051 1057 verba,
3081 995 3432 1064 quaalocutus

1860 1089 1944 1134 est
1977 1081 2237 1136 Dominus
2268 1098 2433 1152 super
2467 1082 2688 1147 lsraele,
2722 1093 2775 1138 et
2819 1086 2888 1153 Χ
2915 1100 3081 1152 super
3119 1085 3141 1154 1
3179 1085 3338 1140 Juda.
3375 1086 3429 1141 5.

1863 1167 1954 1223 Sic
2005 1169 2142 1224 dixit
2186 1171 2451 1230 Dominus
2493 1191 2505 1224 :
2547 1170 2748 1226 Vocem
2785 1174 2854 1244 (ε)
2904 1173 3118 1228 timoris
3152 1177 3431 1230 audietis:

1861 1259 2046 1324 timor,
2076 1268 2132 1314 et
2178 1277 2285 1314 nun
2328 1270 2413 1316 est
2446 1277 2572 1330 pax.
2606 1264 2658 1316 6.
2697 1262 3032 1334 luterrogate
3075 1269 3140 1335 Χ
3189 1282 3334 1322 nunc
3369 1267 3432 1335 1,

1860 1357 1915 1404 et
1947 1351 2145 1413 videte,
2174 1351 2216 1406 si
2239 1352 2447 1420 peperit
2479 1354 2794 1408 masculus?
2834 1368 2897 1409 +
2929 1364 2984 1409 et
3017 1356 3084 1410 de
3124 1357 3340 1420 timore,
3377 1358 3432 1412 iu

1861 1457 1971 1511 quo
1999 1443 2320 1498 detinebunt
2352 1445 2494 1500 latus
2525 1454 2578 1499 et
2605 1447 2842 1501 salutem
2882 1447 3143 1518 1?quare
3173 1449 3281 1503 vidi
3319 1466 3437 1503 om-

1862 1550 1984 1587 nem
2023 1535 2317 1599 hominem,
2351 1546 2404 1591 et
2433 1553 2625 1592 manus
2655 1537 2774 1607 ejus
2810 1554 2974 1608 super
3009 1539 3150 1594 latus
3176 1539 3337 1609 ejus9
3368 1544 3434 1610 Χ

1862 1625 2006 1680 sicut
2033 1626 2122 1680 illa
2145 1626 2169 1695 1
2195 1643 2317 1696 quae
2350 1628 2510 1697 parit,
2537 1645 2706 1685 versa:
2733 1640 2862 1685 sunt
2888 1636 2955 1701 Χ
2986 1647 3178 1688 omnes
3204 1635 3226 1700 1
3271 1634 3436 1692 facies

1865 1717 1918 1771 in
1941 1719 2242 1789 auriginem
2274 1737 2288 1774 :
2321 1720 2376 1776 7.
2415 1735 2475 1776 -t-
2502 1719 2668 1777 Facta
2707 1729 2836 1777 sunt
2881 1723 2938 1791 1,
2984 1727 3049 1785 Χ
3089 1740 3167 1778 va:
3207 1725 3264 1794 1,
3308 1726 3438 1795 quia

185 1787 438 1869 fecerunt
463 1813 516 1866 in
553 1787 769 1879 lsraele,
800 1787 1209 1884 et-stu-prarunt
1236 1787 1436 1867 uxores
1464 1812 1534 1882 (e)
1560 1787 1758 1866 civium
1793 1787 1836 1842 Β
1866 1787 2094 1876 magnus
2127 1806 2246 1862 dies
2281 1808 2394 1873 ille,
2428 1819 2481 1864 et
2513 1826 2619 1864 non
2653 1819 2738 1867 est
2786 1787 2911 1867 talis
2951 1832 2965 1868 :
2998 1825 3051 1868 et
3085 1787 3299 1885 tempus
3326 1787 3432 1869 an-

181 1917 436 1966 suorum,
463 1901 530 1972 In
563 1911 619 1957 et
663 1901 975 1956 revelarunt
1002 1902 1227 1956 verbum
1270 1901 1324 1954 in
1371 1901 1594 1955 nomine
1641 1915 1762 1954 meo

183 1993 255 2060 Χ
282 1991 536 2062 iniquum
564 1994 620 2062 1,
644 1991 788 2062 quod
811 2005 918 2046 non
944 1991 1173 2062 praecepi
1195 1991 1276 2047 eis
1304 2009 1318 2045 :
1346 1999 1400 2047 et
1427 2005 1526 2061 ego
1552 1993 1622 2060 Χ
1640 2006 1763 2046 sum

183 2098 412 2153 gnarus,
453 2084 617 2138 etiam
653 2084 676 2153 1
714 2083 890 2161 testis,
932 2083 1066 2139 dicit
1109 2083 1399 2139 Dominus.
1443 2083 1532 2138 2t.
1579 2083 1645 2138 Et
1693 2083 1762 2138 ad

185 2173 456 2230 Samaeam
490 2174 890 2232 Nehemalitam
911 2175 1082 2243 dices,
1111 2177 1180 2245 Χ
1217 2175 1406 2231 dicens
1435 2193 1449 2230 :
1503 2175 1596 2230 25.
1636 2173 1764 2231 Hazc

183 2265 318 2320 dicit
337 2264 602 2320 Dominus
629 2266 896 2321 virtutum
935 2264 1082 2321 Deus
1106 2267 1173 2335 Χ
1203 2264 1438 2332 lsraelis,
1481 2266 1670 2320 dicens
1693 2264 1718 2333 1
1747 2283 1762 2320 :

185 2356 295 2412 Pro
322 2372 389 2411 eo
413 2357 558 2428 quod
589 2367 647 2412 tu
672 2357 872 2414 misisti
904 2358 959 2412 in
999 2359 1223 2414 nomine
1254 2357 1328 2429 (g)
1373 2366 1470 2412 tuo
1498 2357 1669 2413 libros
1697 2356 1765 2410 ad

185 2464 409 2504 omnem
432 2450 718 2520 populum,
753 2451 849 2520 qui
879 2451 933 2504 in
960 2448 1287 2514 Jerusalem,
1335 2462 1399 2505 -ε-
1435 2464 1606 2519 quum
1654 2463 1766 2503 non

185 2540 314 2596 misi
352 2551 405 2596 te
437 2541 491 2595 in
527 2543 750 2598 nomine
789 2557 914 2598 meo
955 2543 1004 2612 1,
1030 2554 1086 2598 et
1113 2543 1179 2598 ad
1221 2541 1553 2612 Sophonism
1595 2541 1764 2595 ﬁlium

185 2631 440 2700 Maasiaa,
467 2632 537 2703 Χ
562 2642 616 2689 et
647 2634 714 2689 ad
744 2649 938 2690 omnes
961 2634 1274 2690 sacerdotes
1308 2633 1332 2702 1
1365 2633 1595 2689 dicendo
1628 2652 1640 2688 :
1670 2634 1762 2688 26.

186 2723 452 2780 Dominus
473 2725 623 2782 dedit
645 2735 696 2782 te
725 2728 1064 2782 sacerdotem
1093 2742 1190 2796 pro
1233 2723 1425 2796 Jojada
1459 2725 1764 2789 sacerdote,

185 2819 265 2885 (Ii)
311 2825 372 2874 ut
413 2833 566 2875 esses
602 2819 892 2890 praefectus
931 2820 985 2874 in
1015 2820 1180 2875 domo
1224 2817 1448 2872 Domini
1488 2817 1636 2871 omni
1669 2817 1768 2871 ho-

187 2906 346 2970 mini,
382 2922 439 2964 σί-
470 2906 534 2981 (i)
565 2909 657 2979 qui
704 2910 925 2977 insanit,
981 2919 1038 2965 et
1084 2909 1236 2964 omni
1309 2909 1520 2964 homini
1561 2909 1624 2978 1,
1672 2909 1766 2980 qui

187 2999 476 3068 prophetat
510 3018 523 3054 :
557 3010 611 3056 et
636 3001 793 3057 dabis
822 3017 946 3056 eum
976 3002 1030 3056 in
1057 3018 1358 3067 carcerem,
1388 3011 1443 3058 et
1473 3002 1529 3056 in
1550 3010 1766 3057 catara-

1864 1906 2083 1968 gustum
2115 1908 2199 1954 est
2226 1897 2451 1966 Jacobo,
2479 1904 2532 1957 8.
2564 1912 2618 1957 et
2651 1919 2716 1958 ex
2751 1905 2852 1960 hoc
2890 1907 3197 1962 servabitur
3231 1927 3244 1962 :
3279 1911 3345 1977 Χ
3381 1918 3438 1962 ct

1862 1989 1968 2043 erit
1999 1989 2020 2056 1
2056 1990 2110 2044 in
2133 1991 2219 2046 die
2242 1991 2355 2057 illo,
2387 1993 2525 2047 dixit
2551 1993 2814 2050 Dominus
2841 2000 2897 2063 Χ
2931 1996 3190 2052 virtutum
3221 1999 3278 2068 1,
3307 2016 3439 2055 con-

1863 2077 2099 2150 fringam
2127 2079 2320 2151 jugum
2357 2097 2421 2136 ex
2455 2083 2594 2137 collo
2638 2100 2851 2151 eorum,
2888 2097 2942 2141 et
2975 2087 3192 2142 vincula
3245 2105 3436 2143 eorum

1865 2171 2180 2225 abscindam
2216 2189 2229 2226 :
2264 2172 2327 2243 (ι)
2358 2182 2412 2226 et
2446 2189 2551 2229 non
2580 2177 2822 2231 servient
2864 2176 2942 2231 illi
2985 2193 3178 2234 rursus
3203 2179 3397 2236 alienis
3425 2203 3436 2236 :

1865 2260 1920 2317 9.
1949 2269 2003 2315 et
2027 2262 2271 2316 servient
2303 2263 2537 2319 Domino
2583 2265 2694 2321 Deo
2725 2282 2846 2332 suo,
2876 2275 2929 2321 et
2962 2267 3149 2323 Davidi
3175 2270 3284 2340 regi
3313 2287 3438 2334 suo,

1865 2354 1933 2422 Χ
1958 2369 2118 2424 quem
2151 2353 2174 2423 1
2207 2354 2460 2410 excitabo
2484 2357 2585 2413 eis.
2619 2358 2706 2414 10.
2734 2362 2801 2428 Χ
2825 2358 2907 2414 Tu
2935 2370 3111 2416 autem
3132 2377 3201 2417 ne
3224 2363 3437 2429 timeas,

1866 2463 2022 2503 serve
2043 2448 2140 2514 nti,
2185 2447 2376 2516 Iacob,
2408 2450 2540 2505 dicit
2573 2451 2856 2518 Dominus,
2895 2470 3071 2524 neque
3106 2471 3324 2525 paveas,
3356 2455 3438 2512 ls-

1867 2539 1981 2593 rael
2018 2557 2031 2593 :
2067 2540 2197 2609 quia
2232 2556 2361 2595 ecce
2385 2556 2486 2612 ego
2519 2542 2728 2596 redimo
2763 2553 2816 2599 te
2846 2561 2876 2600 e
2923 2545 3248 2617 longinquo,
3277 2557 3330 2602 et
3355 2563 3438 2603 se-

1867 2647 1990 2686 men
2019 2641 2170 2687 tuum
2200 2649 2231 2688 a
2259 2633 2572 2703 captivitate
2592 2649 2783 2689 eorum
2813 2655 2826 2691 :
2851 2645 2904 2691 et
2927 2649 3228 2692 revertetur
3249 2636 3438 2706 Ινδοὶ),

1866 2730 1921 2776 et
1954 2723 2280 2793 requiescet,
2321 2735 2377 2780 et
2403 2725 2542 2780 bene
2580 2730 2835 2797 patietur,
2863 2723 2921 2783 et
2952 2745 3060 2783 non
3114 2731 3218 2784 erit
3271 2741 3439 2786 exter-

1868 2829 2018 2870 rens.
2053 2816 2139 2871 11.
2170 2815 2310 2882 Quia
2343 2826 2518 2872 tecum
2552 2835 2696 2885 sum,
2737 2820 2868 2876 dicit
2925 2821 3212 2888 Dominus,
3251 2823 3318 2877 ad
3353 2837 3440 2877 re-

1868 2906 2184 2962 dimendum
2215 2919 2269 2963 te
2314 2927 2327 2963 :
2378 2910 2508 2979 quia
2549 2910 2746 2967 faciam
2802 2914 3337 2968 consummationem
3385 2913 3439 2969 in

1869 2999 2126 3054 omnibus
2183 3001 2467 3070 gentibus,
2499 3002 2554 3056 in
2588 3019 2729 3073 quos
2763 3004 2991 3074 dispersi
3044 3014 3094 3060 te
3150 3006 3326 3060 illuc:
3392 3015 3438 3060 te

186 3103 355 3146 ctam.
381 3092 472 3146 27.
504 3091 571 3148 Et
599 3110 746 3149 nunc
767 3109 940 3165 quare
979 3094 1053 3165 (ἐς)
1095 3110 1206 3150 non
1251 3094 1574 3166 increpastis
1615 3092 1765 3148 Jere-
1791 3128 1833 3184 ο
1872 3099 2054 3145 autem
2099 3107 2208 3146 non
2235 3091 2437 3149 faciam
2470 3103 2521 3150 te
2545 3098 3078 3152 consummationem
3107 3109 3161 3154 et
3191 3099 3440 3154 erudiam

188 3183 379 3250 miam,
407 3186 500 3254 qui
533 3201 602 3240 ex
648 3187 950 3250 Anathoth,
980 3188 1075 3258 qui
1113 3188 1403 3258 prophetat
1445 3187 1639 3243 vobis?
1665 3187 1759 3242 28.

187 3273 349 3341 Quod
384 3284 606 3346 propter
633 3277 738 3333 hoc
765 3277 916 3332 misit
959 3277 1022 3348 (ι)
1057 3278 1125 3332 ad
1165 3293 1264 3334 vos
1309 3278 1363 3332 in
1405 3276 1762 3349 Babylonem,

187 3366 380 3422 dicens
407 3384 421 3422 :
456 3367 786 3424 Momentum
814 3379 898 3426 est
930 3387 944 3424 :
977 3370 1242 3425 aedificate
1275 3366 1494 3432 domos,
1522 3378 1577 3424 et
1611 3369 1764 3422 habi-

188 3470 322 3526 tate,
346 3470 401 3515 et
417 3461 658 3530 plantate
681 3461 891 3528 hortos,
921 3473 975 3516 et
998 3461 1295 3516 comedetis
1319 3459 1528 3514 fructus
1547 3473 1762 3514 eorum.

185 3553 280 3608 29.
336 3551 406 3606 Et
454 3552 584 3624 legit
631 3551 913 3624 SOphonia
961 3557 1030 3623 Χ
1074 3553 1331 3608 sacerdos
1376 3553 1399 3622 1
1447 3554 1644 3608 librum
1695 3555 1763 3621 Χ

188 3648 338 3702 hunc
367 3646 422 3700 in
454 3661 616 3703 aures
644 3645 894 3702 Jeremiaa
931 3646 1208 3716 prophetae
1241 3647 1287 3714 1.
1330 3646 1420 3700 50.
1453 3646 1520 3698 Et
1554 3643 1764 3698 factum

183 3747 271 3795 est
289 3740 514 3795 verbum
547 3738 760 3795 Domini
794 3739 860 3793 ad
888 3737 1206 3805 Jeremiam,
1236 3739 1426 3794 dicens
1460 3755 1473 3792 :
1505 3738 1596 3792 5|.
1618 3737 1766 3791 Mitte

99 3811 105 3820 ’
183 3832 256 3886 ad
291 3832 362 3900 Χ
407 3846 623 3886 omnem
661 3831 683 3898 1
727 3830 1202 3901 demigrationem,
1237 3830 1428 3885 dicens
1458 3847 1472 3884 :
1509 3826 1603 3883 Sic
1631 3827 1766 3883 dixit

187 3916 460 3974 Dominus
497 3933 662 3984 super
695 3918 967 3974 Samteam
998 3913 1423 3981 Nehemalitam,
1466 3918 1596 3988 quia
1636 3932 1766 3988 pro-

185 4008 433 4077 phetavit
469 4008 627 4064 vobis
680 4006 913 4075 Samaea,
961 4016 1018 4063 et
1062 4023 1164 4079 ego
1206 4023 1317 4063 non
1365 4007 1490 4062 misi
1533 4023 1682 4071 eum,
1712 4017 1768 4063 et

183 4099 465 4155 confidere
497 4099 627 4156 fecit
657 4116 758 4156 vos
788 4101 886 4172 (m)
916 4117 1080 4171 super
1110 4101 1302 4172 iniquo
1345 4120 1360 4157 :
1404 4099 1494 4155 32.
1542 4109 1768 4171 propter

187 4193 296 4248 hoc
329 4194 411 4249 sic
449 4193 592 4249 dixit
636 4194 902 4250 Dominus
943 4211 959 4249 :
996 4193 1137 4249 Ecce
1185 4209 1288 4265 ego
1329 4193 1567 4249 visitabo
1601 4208 1768 4263 super

186 4285 458 4340 Samaeam
515 4289 582 4355 Χ
635 4285 1034 4341 Nehemalitam
1077 4285 1135 4354 1,
1185 4295 1240 4341 et
1279 4301 1444 4356 super
1484 4284 1564 4357 (η)
1595 4301 1767 4356 genus

184 4376 310 4446 ejus
348 4394 364 4432 :
394 4386 451 4432 et
480 4393 586 4432 non
626 4379 733 4433 erit
773 4378 823 4434 ei
860 4385 927 4447 Χ
961 4379 1126 4434 homo
1169 4379 1365 4434 sedens
1407 4377 1430 4445 1
1467 4378 1612 4432 inter
1646 4392 1766 4444 vos,

1867 3189 1920 3235 te
1943 3179 1999 3234 in
2025 3179 2320 3250 judicium,
2356 3193 2410 3238 et
2440 3184 2715 3255 impunem
2748 3186 3076 3242 dimittendo
3107 3205 3217 3242 non
3265 3190 3432 3259 impu-

1866 3287 1990 3325 nem
2041 3271 2315 3328 dimittam
2355 3281 2411 3329 te
2443 3275 2491 3343 1.
2545 3276 2633 3330 l2.
2684 3278 2765 3344 (ιι)
2811 3276 2901 3332 Sic
2946 3280 3088 3333 dixit
3131 3281 3442 3338 Dominus:

1867 3361 2110 3418 Excitavi
2142 3367 2210 3432 Χ
2239 3365 2668 3422 confractionem
2696 3377 2842 3422 tuam
2874 3369 2896 3437 1
2940 3388 2952 3423 :
3005 3370 3258 3426 dolorosa
3287 3373 3442 3444 plaga

1866 3463 1958 3509 tua
1984 3473 1996 3509 :
2030 3455 2116 3510 l5.
2149 3472 2257 3510 non
2288 3469 2390 3521 est,
2424 3458 2743 3529 quijudicet
2771 3459 3040 3529 judicium
3070 3479 3084 3514 :
3113 3461 3166 3515 in
3195 3463 3440 3518 dolorem

1868 3556 2057 3602 sanata
2079 3563 2171 3603 es:
2203 3549 2282 3618 (a:)
2317 3550 2527 3605 utilitas
2563 3567 2669 3605 non
2693 3561 2776 3606 est
2801 3552 2918 3606 tibi.
2945 3553 3029 3606 l4.
3059 3552 3263 3609 Omnes
3285 3555 3442 3609 amici

1867 3640 2363 3706 tuioblitisunttui,
2390 3646 2458 3713 Χ
2478 3643 2590 3714 ipse
2617 3645 2640 3714 1
2669 3644 2792 3715 (sic)
2820 3661 2924 3700 non
2951 3646 3363 3716 interrogabunt
3381 3647 3444 3703 de

1865 3741 1951 3797 te;
1976 3733 2104 3802 quia
2138 3735 2494 3804 percussione
2527 3736 2732 3790 inimici
2765 3735 3009 3806 percussi
3037 3744 3112 3800 te,
3145 3736 3444 3804 disciplina

1868 3824 2007 3880 dura
2055 3841 2219 3895 super
2261 3840 2477 3880 omnem
2510 3827 2859 3897 iniquitatem
2910 3837 3056 3882 tuam
3089 3828 3441 3897 multiplicat:

1868 3928 1996 3975 sunt
2027 3925 2250 3989 peccata
2283 3928 2405 3995 tua.
2445 3919 2535 3973 15.
2565 3922 2634 3988 Χ
2659 3917 2839 3984 Quare
2877 3920 3082 3974 clamas
3112 3934 3278 3989 super
3318 3935 3447 3974 con-

1868 4010 2190 4067 fractionem
2224 4017 2373 4064 tuam
2395 4011 2418 4064 ?
2443 4010 2654 4065 violens
2677 4010 2833 4064 dolor
2863 4019 2990 4065 tuus
3010 4019 3232 4080 propter
3261 4009 3446 4064 multi-

1869 4102 2114 4156 tudinem
2166 4098 2516 4170 iniquitatum
2569 4107 2786 4154 tuarum
2842 4114 2857 4152 :
2904 4100 3050 4170 quod
3102 4098 3445 4152 invalueruut

1869 4200 2091 4262 peccata
2130 4199 2247 4257 tua,
2286 4189 2534 4246 fecerunt
2571 4191 2686 4245 haec
2732 4189 2827 4244 tibi
2870 4192 2916 4259 1.
2960 4190 3048 4243 16.
3081 4188 3308 4260 Propter
3343 4189 3448 4244 hoc

1869 4299 2083 4349 omnes,
2113 4284 2206 4354 qui
2242 4282 2540 4338 comedunt
2573 4291 2645 4346 te,
2677 4282 3039 4337 comedentur
3087 4298 3102 4336 :
3153 4290 3208 4334 et
3257 4295 3449 4336 omnes

1871 4377 1944 4448 (ῃ)
1991 4375 2203 4432 inimici
2239 4375 2313 4430 tui
2355 4389 2578 4430 carnem
2614 4387 2770 4428 suam
2829 4387 3048 4427 onmem
3097 4372 3386 4427 comedent
3431 4389 3444 4426 :

183 4463 258 4521 ad
288 4465 577 4524 videndum
610 4469 772 4532 bona,
810 4485 934 4540 qua:
969 4485 1071 4540 ego
1106 4470 1303 4526 faciam
1332 4471 1508 4536 vobis,
1545 4473 1612 4540 Χ
1643 4472 1774 4526 dicit
1802 4462 1849 4522 D
1879 4483 1941 4525 -t—
1990 4483 2152 4538 super
2184 4465 2591 4521 multitudinem
2633 4462 2987 4532 iniquitatum
3020 4471 3238 4518 tuarum
3271 4462 3451 4517 multi-

183 4556 487 4624 Dominus,
540 4560 669 4632 quia
709 4562 1169 4618 machinationem
1216 4563 1434 4620 locutus
1487 4573 1572 4619 cst
1607 4578 1772 4634 super

188 4650 421 4707 Domino
442 4652 490 4720 ζ.

257 4744 390 4816 Cap.
423 4745 745 4805 XXX—l.
773 4748 1028 4816 Verbum,
1057 4747 1204 4820 quod
1231 4746 1436 4804 factum
1467 4756 1549 4802 est
1580 4747 1645 4802 ad
1673 4745 1765 4802 Je-

1876 4560 2072 4632 plicata
2103 4566 2228 4614 sunt
2263 4565 2484 4626 peccata
2522 4564 2636 4620 tua,
2681 4554 2929 4609 fecerunt
2979 4555 3094 4608 haec
3145 4552 3240 4607 tibi
3287 4552 3310 4620 1
3347 4570 3360 4605 :
3395 4560 3453 4606 et

1872 4662 2055 4719 erunt,
2098 4651 2190 4721 qtti
2245 4650 2480 4704 illudunt
2530 4647 2628 4702 tibi
2683 4647 2735 4699 in
2786 4644 3108 4705 ludibrium,
3139 4652 3193 4698 et
3235 4657 3449 4704 omnes,

1873 4745 1947 4816 (ι)
1997 4744 2089 4814 qui
2134 4740 2428 4812 dcprmdati
2475 4746 2606 4794 sunt
2659 4748 2733 4798 te,
2773 4736 2918 4791 dabo
2970 4735 3022 4788 in
3062 4733 3320 4804 praedam.
3359 4732 3446 4786 l7.

211 5059 225 5072 ,
260 4989 334 5060 (ι)
371 4988 689 5072 Alldivistis.
766 4989 842 5072 (α)
883 4987 1139 5072 Scholion
1171 4989 1292 5044 cod.
1327 4986 1535 5072 Syriaci
1567 5006 1580 5041 :
1613 4986 1798 5072 Allata
1819 4985 1925 5072 hic
1957 4981 2416 5072 OverbaAtquzcda‘m
2463 4975 2760 5072 secupdum
3116 4971 3447 5072 ulli.

186 5041 278 5123 iis;
299 5041 424 5130 qua:
455 5041 911 5129 tax—inmrpre’tes‘
931 5041 1460 5129 posteaﬁposuerulnt,
1487 5059 1926 5128 congruentiora,
1957 5055 2028 5109 ibi
2062 5041 2233 5124 posita
2267 5058 2417 5108 sunt.
2473 5049 2545 5120 (ὁ)
2584 5049 2672 5128 A._,
2706 5051 2760 5128 in
2792 5041 3094 5099 mendacio.
3174 5043 3238 5110 (‘)
3272 5041 3446 5122 ElIer,

193 5129 430 5168 Διὶ-Ιιί911
478 5128 563 5168 nr,
645 5129 716 5168 [Λ
769 5131 798 5168 Α
900 5128 936 5168 ς
1028 5130 1226 5168 necavit
1327 5128 1404 5168 Mt
1452 5127 1509 5168 A,
1578 5127 1748 5168 natae,
1828 5127 1896 5168 (at
1940 5125 2023 5168 A__
2057 5124 2353 5168 maiorum-
2398 5119 2479 5168 S..
2516 5133 2774 5168 nroxtmt.
2850 5114 2916 5168 (fl
2957 5117 3049 5168 A..
3080 5111 3244 5168 S..et
3287 5114 3448 5164 lt)('llll

185 5114 448 5185 Aelliiab.
475 5128 569 5183 Dr.
645 5114 850 5200 (c)'A.,
898 5114 978 5193 Si,
1026 5114 1249 5184 assa'vit.
1327 5128 1404 5198 (d)
1445 5114 1536 5193 Ἁ.,
1578 5114 1750 5181 ιῖεῐαε.

187 5207 337 5255 sunt.
414 5199 488 5271 (g)
527 5199 664 5255 Meo.
740 5201 816 5269 (h)
859 5197 940 5264 S.,
974 5209 1033 5254 ut
1054 5215 1203 5254 esses
1229 5199 1535 5270 speculator
1559 5196 1756 5252 domus

185 5277 413 5312 annuam-
443 5280 499 5312 nr
527 5271 822 5312 puniit-prpe
850 5285 973 5312 pum
1000 5270 1052 5312 in
1083 5269 1304 5312 dnmnm
1338 5277 1755 5312 tnrmnntnrnm-

1867 5114 2025 5191 2)VA.,
2057 5114 2353 5178 sociorum.
2398 5114 2490 5184 8.,
2516 5114 2774 5188 proximi.
2957 5117 3049 5174 A.,
3080 5114 3165 5175 S.,
3193 5125 3244 5166 ct
3287 5114 3448 5164 locuti

1871 5195 2000 5249 mini
2039 5193 2183 5263 apud
2220 5206 2446 5274 onmem.
2483 5190 2656 5243 virum
2686 5186 3077 5312 grmdtcentcm
3126 5193 3178 5236 et
3222 5182 3453 5263 prophe-

1867 5265 1965 5312 sub
1990 5279 2130 5312 sera.
2210 5263 2274 5312 {tl
2312 5260 2401 5312 A..
2433 5274 2649 5312 Insano.
2733 5295 2769 5312 ..
2800 5255 3031 5312 perdito.
3111 5253 3182 5312 (It)
3222 5251 3450 5312 Reliqui,

185 5265 500 5340 tantem,"u't
527 5265 822 5340 conjiceres
850 5285 974 5323 eum
1000 5270 1053 5340 in
1083 5265 1305 5324 domum
1338 5277 1756 5340 tormentorum,
1779 5275 1832 5320 et
1863 5265 1965 5340 sub
1990 5279 2130 5340 sera.

2210 5260 2401 5331 (i)_A.,
2433 5260 2649 5314 insano.
2686 5251 2771 5331 S.,_
2800 5255 3031 5331 perdito.
3111 5253 3182 5319 (It)
3222 5251 3450 5331 Reliqui,

189 5322 303 5394 non
331 5322 948 5410 increpasti'deremiam
992 5322 1401 5410 Anathothiten.
1456 5322 1756 5392 Convitiati'
1794 5337 1946 5410 estis.
1978 5405 1988 5410 _
2023 5333 2085 5402 (Ι)
2126 5322 2227 5410 ᾼ.,’
2257 5322 2353 5394 ’8η
2388 5322 2608 5410 afl‘nqs.
2687 5325 2781 5410 ("1)
2948 5340 3110 5410 ξιψοι·
3135 5322 3449 5410 Illl‘ell‘daci'o.

188 5388 622 5489 ὗὶῘᾸζζίέὲῖἇὲἦ
650 5388 948 5489 augis;
983 5388 1600 5489 Χξῗὲξᾷἰίὼξξίρυὶιὶὗέ
1614 5388 1762 5463 ἐῶ.

1867 5388 2360 5489 ·ρ),ξδθ⁶έτείοίῐεη¹;ί
2416 5399 2633 5489 ius;
2653 5388 2722 5489 ,ἕ
2752 5388 3200 5489 ἐίξιεςςξιέλξί·-..ἐῐ)
3218 5388 3450 5489 341.3:

188 5489 258 5561 et.
283 5481 657 5561 possidebunt.

747 5482 816 5549 (δ)
856 5482 946 5540 Α..
976 5480 1216 5546 stuporis
1249 5477 1566 5549 audivimus
1607 5496 1621 5534 :
1671 5492 1856 5549 pavor.

190 5544 375 5614 alieni,
403 5553 496 5605 sed
529 5551 706 5605 colent
738 5544 1022 5605 servitium
1055 5544 1282 5605 Domino
1311 5547 1424 5603 Deo
1455 5563 1574 5612 suo,
1626 5544 1688 5602 et'
1717 5546 1902 5601 Davidi
1940 5544 2050 5614 regi
2091 5559 2212 5599 suo.

1935 5475 1998 5545 (t)
2039 5472 2123 5545 8.,
2166 5487 2272 5527 non
2314 5471 2367 5525 in
2409 5459 2723 5545 servitu-tem
2764 5459 3189 5545 redigentrunl'
3218 5459 3454 5541 amplius

2289 5545 2368 5610 (ιι)
2408 5541 2496 5603 Α.,
2522 5539 2798 5610 quoniam
2835 5534 3110 5610 haecdicit
3148 5533 3451 5587 Dominus:

192 5605 402 5689 resecta
429 5635 553 5689 spes
599 5619 988 5676 confractionis
1014 5631 1118 5674 tua:
1150 5643 1162 5675 :
1192 5621 1328 5674 dura
1363 5619 1518 5689 plaga
1550 5605 1640 5689 tua
1671 5635 1685 5672 :
1723 5633 1831 5672 non
1857 5627 1960 5689 est.
1985 5605 2094 5689 qui
2135 5605 2434 5689 jutlicet’ad
2463 5605 3150 5689 allisatiogemsanimtpm
3208 5612 3452 5689 ῑυίξτδηὲο

193 5690 272 5757 (cl
311 5674 666 5762 Sinisfanitas.
689 5674 714 5762 ξ
745 5674 822 5762 (ῃ)
859 5674 1066 5762 Ληίδη
1111 5674 1570 5762 ορριηεεοῖεευιυὶ
1615 5705 1807 5745 omnes
1857 5674 1957 5743 illi'
1983 5674 2036 5740 in
2069 5674 2435 5754 captivitatem
2482 5674 2656 5735 ibunt.
2693 5675 2776 5743 S.,
2814 5674 3169 5731 deducentur.

192 5774 286 5831 qut
315 5760 579 5832 diripiunt
606 5769 658 5818 te
687 5761 738 5818 in
771 5760 1147 5832 direptionem.

3272 5672 3346 5742 (κ)
3388 5672 3453 5725 δ.
