3834 6224
395 269 529 328 ἳνδέίὶ

1558 267 1790 324 CODEX
1827 267 1908 324 SY
1918 266 2355 324 RO-HEXAPLA
2365 266 2494 323 RIS.

3499 256 3653 328 £352

399 391 538 456 Quia
568 388 835 444 adducam
867 384 943 457 (α)
970 385 1310 440 sanationem
1343 391 1492 438 tuam
1530 400 1546 437 :
1577 399 1609 438 a
1636 384 1790 453 plaga
1819 385 1972 439 dolo-
1999 388 2046 444 Α
2070 384 2318 444 claudus,
2340 381 2582 451 gravida,
2613 387 2669 436 et
2693 379 2911 450 pariens
2941 344 3136 434 simul:
3163 384 3338 434 cintus
3357 381 3654 448 magnus1,

399 497 527 537 rosa
553 481 760 536 sanabo
798 489 870 543 te,
901 479 1034 534 dicit
1071 476 1370 542 Dominus;
1422 475 1496 547 (ὁ)
1553 476 1684 546 quia
1723 477 1968 546 dispersa

396 583 589 628 vocata
614 586 696 628 es.
743 574 810 638 Χ
854 569 986 625 Sion
1023 570 1135 623 haec
1168 570 1191 638 1
1233 583 1292 624 +
1327 567 1542 622 venatio
1575 577 1757 622 vestra
1796 577 1880 622 est
1908 569 1966 635 1;

397 666 526 735 quia
561 665 656 735 qui
691 671 901 734 quaerat
929 677 1069 729 eam,
1107 676 1215 715 non
1241 669 1343 716 est.
1378 660 1464 714 l8.
1499 661 1569 731 (ε)
1593 660 1684 715 Sic
1706 660 1842 714 dixit
1865 661 1971 714 Do-

399 757 583 811 minus
618 773 637 811 :
667 754 806 810 Ecce
829 769 930 824 ego
951 754 1204 808 reducam
1228 752 1676 822 demigrationem
1701 755 1767 820 Χ
1794 759 1970 805 tento-

397 849 606 901 riorum
635 847 656 916 1
695 845 906 912 Jacobi,
932 853 986 900 et
1029 843 1104 916 (ά)
1134 843 1464 913 captivitatis
1495 843 1615 912 ejus
1645 841 1964 897 miserebor.

398 937 465 992 Et
504 936 862 992 aedilicabitur
911 937 1042 990 urbs
1094 950 1259 1004 super
1305 935 1646 989 altitudinem
1691 933 1811 1001 ejus
1855 949 1869 986 :
1915 940 1969 986 et

395 1027 658 1096 templum
691 1027 847 1095 juxta
874 1025 1139 1094 judicium
1165 1040 1324 1079 suum
1353 1025 1579 1080 sedebit.
1613 1024 1700 1078 19.
1732 1023 1797 1077 Et
1816 1038 1968 1094 egre-

395 1117 616 1173 dientur
654 1119 723 1188 (ε)
757 1133 823 1172 ex
862 1117 944 1172 eis
984 1116 1344 1181 celebrantes,
1377 1126 1430 1171 et
1475 1132 1579 1170 vox
1614 1116 1913 1169 ludentium
1948 1131 1965 1170 :

395 1221 451 1264 et
478 1209 854 1278 multiplicabo
877 1224 992 1272 eos,
1021 1217 1075 1262 et
1097 1192 1203 1262 non
1236 1210 1572 1270 minuentur,
1607 1210 1675 1276 Χ
1705 1216 1759 1261 et
1794 1206 1968 1261 11111111-

396 1297 522 1352 dam
560 1312 677 1360 eos,
717 1307 772 1352 et
805 1312 912 1351 non
964 1297 1122 1366 pauci
1161 1297 1454 1351 reddentur
1493 1297 1539 1365 1.
1568 1295 1658 1349 2υ.
1691 1295 1756 1347 Et
1788 1295 1967 1365 ingre-

396 1389 616 1443 dientur
657 1389 748 1442 lilii
795 1403 1008 1453 eorum,
1060 1396 1119 1442 ut
1168 1397 1326 1442 antea
1374 1406 1385 1440 :
1435 1387 1505 1457 (Γ)
1549 1396 1604 1442 et
1655 1386 1968 1441 testimonia

395 1495 587 1534 eorum
619 1489 744 1534 ante
774 1479 968 1534 faciem
1000 1495 1176 1534 meam
1221 1479 1524 1549 dirigentur
1571 1497 1583 1532 :
1629 1486 1683 1532 et
1732 1478 1968 1532 visitabo

399 1573 466 1638 Χ
497 1585 660 1639 super
699 1584 890 1624 omnes
938 1570 995 1637 1,
1045 1570 1138 1639 qui
1189 1568 1432 1638 allligunt
1473 1583 1614 1623 eos:
1661 1567 1749 1621 21.
1806 1567 1880 1638 (g)
1915 1579 1970 1622 et

395 1670 558 1716 erunt
584 1661 916 1730 potentiores
947 1676 1012 1714 eo
1038 1675 1199 1730 super
1223 1675 1317 1714 eos
1349 1678 1360 1713 :
1390 1669 1444 1713 et
1472 1661 1722 1729 princeps
1753 1659 1872 1729 ejus
1902 1675 1964 1713 ex

2075 483 2130 529 et
2159 483 2496 528 revertentur
2529 472 2655 526 huc.
2698 471 2750 525 9.
2797 469 2854 526 In
2889 468 3015 522 ﬂetu
3045 468 3314 531 exierunt,
3340 476 3394 520 et
3431 467 3484 520 in
3512 482 3657 522 con-

2075 563 2343 619 solatione
2375 563 2636 616 adducam
2658 576 2750 616 eos
2767 560 2844 632 (y)
2875 559 3206 616 confirmans
3228 561 3290 629 (')
3315 574 3477 629 super
3496 558 3658 614 rivos

2078 667 2343 721 aquarum
2376 653 2429 705 in
2456 652 2542 703 via
2575 658 2742 714 recta,
2771 660 2826 704 et
2873 664 2985 704 non
3012 650 3275 704 errabunt
3302 649 3356 702 in
3391 663 3478 704 ea.
3505 646 3656 714 Quia

2076 742 2253 797 factus
2282 757 2402 798 sum
2437 741 2617 795 lsraeli
2650 741 2701 794 in
2735 749 2944 810 patrem
2976 747 3070 794 :et
3103 739 3350 810 Ephrem
3374 740 3657 810 primoge-

2078 834 2226 888 nitus
2246 847 2399 887 meus
2433 843 2536 886 est.
2573 831 2655 885 10.
2683 831 2879 885 Audite
2899 832 3124 886 verbum
3169 830 3404 896 Domini,
3433 842 3654 901 gentes,

2073 933 2128 978 et
2171 923 2488 977 aununtiate
2538 923 2591 975 in
2639 923 2847 976 insulas
2883 923 3239 991 longinquas,
3291 921 3500 976 dicite:
3542 922 3656 987 Qui

2075 1017 2356 1072 ventilavit
2395 1013 2671 1077 lsraelem,
2718 1012 3067 1084 congregabit
3105 1028 3255 1076 eum,
3295 1021 3349 1066 et
3375 1012 3658 1067 custodiet

2074 1122 2221 1170 eum,
2253 1105 2422 1175 utqui
2449 1104 2622 1174 pascit
2647 1119 2860 1174 gregem
2899 1118 3081 1156 suum.
3115 1102 3202 1155 ll.
3251 1101 3386 1168 Quia
3421 1100 3660 1154 redemit

2078 1197 2340 1251 Dominus
2372 1193 2656 1254 Jacobum.
2691 1195 2763 1262 (ι)
2797 1192 3044 1246 liberavit
3068 1207 3188 1246 eum
3213 1207 3244 1245 e
3269 1206 3434 1244 manu
3456 1191 3654 1244 durio-

2076 1291 2152 1345 ris
2182 1304 2246 1344 eo
2277 1307 2288 1341 :
2317 1288 2402 1342 12.
2430 1296 2484 1341 et
2515 1286 2750 1350 venient,
2775 1294 2830 1338 et
2857 1283 3205 1346 laetabuntur,
3232 1285 3299 1350 Χ
3328 1290 3382 1335 et
3407 1282 3653 1336 exsulta-

2075 1384 2210 1437 bunt
2239 1383 2260 1450 1
2293 1383 2366 1451 (α)
2402 1381 2454 1434 111
2487 1388 2668 1434 monte
2695 1377 2876 1432 Sionis
2921 1393 2935 1430 :
2973 1385 3026 1432 et
3059 1378 3275 1431 venient
3318 1391 3481 1446 super
3509 1378 3656 1431 bona

2075 1475 2312 1539 Domini,
2375 1489 2538 1542 super
2586 1482 2784 1526 terram
2824 1469 3112 1534 frumenti,
3163 1479 3217 1522 et
3267 1467 3422 1530 vini,
3477 1467 3555 1534 (ὁ)
3600 1475 3660 1521 et

2077 1567 2334 1630 fructum,
2386 1573 2441 1620 et
2498 1565 2891 1634 jumentorum,
2957 1571 3012 1616 et
3055 1561 3263 1625 ovium,
3318 1570 3372 1614 et
3425 1561 3589 1613 boum
3634 1575 3653 1612 :

2074 1672 2127 1715 et
2177 1661 2280 1716 erit
2336 1659 2518 1713 anima
2581 1673 2793 1721 eorum,
2839 1656 2908 1723 (ε)
2967 1665 3026 1709 ut
3083 1654 3308 1723 lignum,
3354 1651 3498 1722 quod
3557 1652 3658 1704 dat

396 1750 826 1821 eoegredietur.
861 1750 938 1821 (11)
990 1749 1057 1804 Et
1102 1751 1446 1820 congregabo
1479 1764 1596 1814 eos,
1643 1758 1697 1803 et
1739 1765 1798 1804 se
1837 1764 1966 1804 con-
2003 1763 2042 1820 Β
2073 1753 2327 1807 fructus:
2376 1760 2430 1806 et
2465 1765 2572 1804 non
2624 1750 2870 1804 esurient
2906 1747 3161 1815 amplius.
3203 1746 3292 1800 15.
3327 1743 3484 1797 Tunc
3513 1759 3654 1812 gau-

395 1851 608 1896 vertent
637 1843 704 1896 ad
735 1857 821 1896 me
857 1860 872 1896 :
907 1844 1167 1912 quoniam
1198 1842 1322 1911 quis
1353 1841 1440 1895 hic
1479 1849 1582 1904 est,
1627 1840 1721 1911 qui
1759 1826 1970 1895 dederit

396 1946 492 1985 cor
521 1945 680 1985 suum
721 1929 784 2001 (i)
827 1929 1072 1985 converti
1109 1928 1176 1982 ad
1213 1943 1320 1992 me,
1375 1930 1444 1995 Χ
1496 1927 1628 1982 dicit
1671 1925 1971 1981 Dominus?

393 2023 484 2076 22.
522 2021 586 2076 Ει
612 2022 768 2076 eritis
800 2019 937 2075 milii
980 2020 1032 2074 in
1063 2020 1350 2090 p0pulum,
1386 2028 1440 2074 et
1467 2035 1568 2088 ego
1602 2035 1697 2075 ero
1728 2019 1886 2074 vobis
1913 2019 1969 2073 in

396 2112 566 2168 Deum
595 2113 642 2180 1.
668 2113 762 2167 25.
798 2111 871 2183 (k)
903 2110 1041 2178 Quia
1072 2113 1152 2166 ira
1185 2111 1402 2165 Domini
1435 2110 1730 2166 furibunda
1750 2125 1970 2180 egressa

394 2215 479 2259 est
519 2223 532 2258 :
571 2220 794 2276 egressa
841 2214 924 2260 est
964 2207 1068 2267 ira,
1119 2219 1243 2274 qua:
1297 2214 1515 2258 versata
1559 2217 1725 2271 super
1774 2202 1972 2272 impios

392 2295 598 2355 veniet.
628 2297 720 2352 21.
754 2297 873 2352 Νοη
911 2306 1214 2352 revertetur
1249 2297 1328 2351 ira
1367 2295 1568 2352 furoris
1607 2295 1846 2362 Domini,
1875 2295 1975 2350 do-

399 2404 504 2444 nec
567 2388 753 2456 faciat,
814 2401 867 2444 et
919 2389 1096 2445 donec
1157 2389 1454 2443 constituat
1520 2387 1972 2458 praeparationem

393 2480 581 2535 cordis
603 2481 708 2535 sui.
741 2482 799 2534 ln
839 2482 944 2535 line
972 2480 1182 2534 dierum
1216 2479 1558 2549 c0gnoscetis
1585 2494 1670 2533 ea.

467 2571 620 2627 CAP.
658 2571 982 2626 XXXl.—l.
1015 2570 1070 2624 In
1105 2581 1348 2640 tempore
1385 2569 1478 2624 illo
1509 2568 1649 2624 dixit
1679 2567 1972 2632 Dominus,

395 2667 504 2722 Ero
530 2667 583 2720 in
614 2663 783 2720 Deum
821 2663 881 2736 (ι)
929 2665 1114 2733 generi
1169 2663 1405 2727 lsraelis,
1438 2670 1491 2716 et
1539 2661 1614 2715 illi
1659 2669 1818 2715 erunt
1841 2660 1973 2714 mihi

396 2757 452 2811 in
478 2756 755 2826 populum.
789 2755 845 2808 2.
885 2752 976 2808 Sic
1011 2753 1148 2807 dixit
1192 2752 1457 2807 Dominus
1494 2771 1506 2806 :
1540 2752 1726 2806 Inveni
1757 2750 1850 2823 (m)
1885 2766 1977 2806 ca-

397 2847 565 2901 lidum
599 2848 652 2900 in
676 2847 894 2901 deserto
936 2844 1012 2915 (η)
1053 2859 1178 2899 cum
1214 2845 1302 2908 iis,
1347 2845 1440 2913 qui
1475 2845 1750 2914 perierunt
1776 2843 1973 2914 gladio.

397 2937 493 3002 Ite,
535 2946 589 2992 et
617 2953 683 2991 ne
707 2936 943 3006 perdatis
983 2935 1234 2989 lsraelem
1269 2953 1284 2989 :
1329 2936 1382 2990 5.
1422 2951 1490 2990 ex
1521 2936 1825 3004 longinquo
1873 2935 1980 2988 Do-

398 3032 583 3085 minus
636 3030 786 3084 visus
831 3038 914 3084 est
956 3031 1028 3083 ei.
1066 3028 1386 3092 Dilectione,
1421 3043 1543 3096 quae
1596 3029 1648 3080 in
1695 3027 1974 3089 szeculum,

2070 1845 2277 1899 debunt
2309 1843 2548 1913 virgines
2576 1841 2652 1911 (ά)
2678 1841 2730 1892 111
2759 1848 2903 1894 cmtu
2932 1837 3385 1901 adolescentium,
3409 1845 3466 1888 et
3493 1850 3657 1890 senes

2074 1949 2136 1990 σιν
2168 1933 2475 2005 gaudebunt
2515 1933 2538 2001 1
2577 1949 2590 1985 :
2631 1940 2686 1984 et
2723 1939 2928 1984 vertam
2962 1928 3171 1982 luctum
3201 1941 3392 1980 eorum
3429 1925 3484 1978 in
3514 1941 3654 1994 gau-

2071 2027 2242 2090 dium,
2285 2024 2356 2096 (e)
2398 2033 2453 2079 et
2482 2023 2679 2078 faciam
2715 2036 2811 2075 eos
2854 2021 3098 2074 laetantes
3143 2019 3211 2086 Χ
3250 2032 3281 2071 e
3322 2017 3658 2072 maeroribus

2070 2135 2264 2174 eorum
2295 2119 2342 2186 1.
2376 2117 2459 2171 14.
2487 2131 2547 2172 -1-
2569 2114 2925 2186 Magnificabo
2947 2113 2992 2180 1,
3018 2122 3071 2166 et
3103 2111 3385 2165 inebriaho
3412 2109 3654 2162 animam

2072 2210 2418 2266 sacerdotum
2459 2222 2520 2262 -1-
2551 2205 2788 2262 filiorum
2820 2204 2946 2259 Levi
2989 2203 3036 2272 1,
3068 2205 3134 2273 Χ
3165 2201 3536 2272 pinguedine:
3561 2217 3575 2255 :
3603 2211 3659 2255 et

2072 2301 2306 2372 populus
2355 2315 2510 2355 meus
2566 2297 2725 2352 bonis
2775 2297 2914 2351 meis
2960 2296 3386 2358 saturabuntur,
3424 2295 3492 2359 Χ
3525 2294 3659 2346 dicit

2077 2394 2336 2448 Dominus
2360 2391 2409 2460 1.
2451 2391 2540 2446 l5.
2579 2389 2671 2444 Sic
2705 2389 2844 2443 dixit
2891 2389 3197 2443 Dominus:
3231 2386 3347 2441 Vox
3389 2386 3446 2441 in
3485 2385 3654 2439 ﬂama

2073 2487 2256 2542 audita
2278 2493 2379 2552 est,
2410 2484 2476 2555 (f)
2513 2483 2855 2546 lamentatio,
2891 2491 2944 2536 et
2986 2479 3146 2536 ﬂetus
3183 2497 3197 2534 :
3237 2479 3441 2533 Rachel
3464 2479 3656 2548 deplo-

2075 2594 2204 2632 rans
2250 2592 2416 2646 super
2461 2576 2590 2630 liliis
2627 2576 2741 2630 suis
2777 2591 2794 2629 :
2847 2588 2952 2628 non
2990 2572 3164 2627 voluit
3195 2571 3271 2642 lg)
3311 2572 3658 2640 requiescere

2078 2673 2144 2737 Χ
2178 2685 2341 2737 super
2378 2669 2504 2722 filiis
2543 2666 2658 2723 suis
2695 2668 2742 2736 1,
2778 2666 2908 2735 quia
2946 2681 3052 2720 non
3097 2675 3242 2720 sunt.
3283 2664 3368 2718 16.
3403 2659 3495 2717 Sic
3520 2663 3659 2717 dixit

2077 2763 2341 2816 Dominus
2389 2779 2400 2814 :
2468 2759 2704 2814 Desistat
2733 2773 2836 2811 vox
2886 2765 2978 2811 tua
3009 2771 3040 2810 a
3076 2755 3225 2820 ﬂetu,
3262 2763 3316 2809 et
3343 2755 3487 2809 oculi
3517 2754 3596 2808 tui
3625 2769 3658 2809 ι

2078 2855 2352 2920 lacrimis;
2397 2854 2527 2924 quia
2566 2861 2650 2907 est
2688 2866 2897 2906 merces
2940 2849 3090 2919 operi
3125 2857 3242 2915 tuo,
3286 2850 3353 2916 Χ
3390 2848 3526 2902 dicit
3551 2848 3658 2902 Do-

2079 2948 2260 3001 minus
2306 2948 2352 3015 1,
2407 2954 2461 3000 et
2520 2952 2866 3000 revertentur
2917 2957 2986 2996 ex
3041 2950 3184 2996 terra
3253 2940 3656 2994 inimicorum:

2081 3040 2144 3093 17
2181 3041 2247 3107 Χ
2273 3050 2326 3094 et
2357 3039 2463 3093 erit
2489 3053 2613 3106 spes
2637 3034 2970 3091 extreniitati
3001 3043 3124 3100 tum,
3153 3033 3285 3087 dicit
3307 3031 3576 3086 Dominus
3603 3031 3655 3098 1,

396 3122 558 3176 dilexi
593 3129 642 3175 te
684 3139 698 3174 :
741 3129 961 3190 propter
994 3121 1098 3175 hoc
1137 3119 1276 3173 traxi
1323 3126 1377 3174 te
1425 3120 1491 3173 ad
1540 3119 1969 3173 miscricordiam

2078 3131 2150 3200 (11)
2211 3131 2586 3200 permanentia
2647 3128 2771 3183 filiis
2829 3128 2938 3182 tuis
2995 3127 3051 3181 in
3106 3124 3368 3180 terminos
3435 3136 3654 3178 eorum.

397 3213 824 3284 adipiscendam.
883 3215 938 3267 4.
1001 3211 1306 3266 Editicabo
1362 3219 1430 3274 te,
1491 3219 1546 3265 et
1593 3209 1966 3273 aedificaberis,

395 3311 548 3378 virgo
571 3307 786 3364 lsraelis
820 3327 834 3363 :
870 3306 943 3378 (ο)
978 3308 1156 3362 adhuc
1185 3323 1432 3362 assumes
1455 3316 1765 3377 tympanum
1793 3316 1968 3370 tuum,

395 3409 450 3454 et
482 3399 780 3469 egredieris
821 3399 898 3470 (p)
929 3415 1052 3453 cum
1087 3399 1243 3453 turba
1293 3398 1614 3452 ludentium.
1657 3398 1710 3452 5.
1761 3395 1974 3452 Rursus

395 3488 668 3558 plantabis
699 3488 888 3544 vineas
919 3489 975 3542 in
1005 3498 1187 3542 monte
1217 3485 1480 3541 Samaria:
1514 3505 1526 3540 :
1559 3488 1795 3554 plantate
1823 3487 1976 3556 plan-

400 3579 654 3645 tationes,
682 3581 754 3652 (ιι)
791 3589 845 3635 et
874 3580 1089 3635 laudate
1123 3599 1136 3635 :
1188 3581 1240 3634 6.
1284 3579 1411 3648 quia
1442 3589 1525 3633 est
1554 3579 1671 3634 dies
1711 3579 1783 3649 (r)
1813 3594 1974 3634 voca-

399 3671 562 3726 tionis
592 3671 932 3726 defendentis
959 3685 1213 3727 sermone
1253 3670 1308 3724 in
1352 3670 1631 3724 montibus
1679 3667 1926 3739 Epimem
1958 3687 1972 3724 :

397 3761 626 3832 surgite,
679 3760 747 3832 (s)
792 3769 848 3816 et
880 3760 1157 3815 ascendite
1196 3760 1249 3813 in
1301 3758 1521 3813 Sionem
1565 3759 1630 3812 ad
1683 3757 1969 3812 Dominum

399 3850 568 3906 Deum
602 3860 869 3906 nostrum.
893 3851 946 3903 7.
973 3853 1036 3919 (t)
1064 3847 1155 3904 Sic
1171 3849 1309 3903 dixit
1339 3849 1599 3904 Dominus
1624 3851 1690 3917 Χ
1714 3847 1970 3917 Jacobo1:

399 3942 478 4015 (α)
510 3941 813 4008 Exsultate,
843 3941 1124 4007 laetamini,
1147 3949 1200 3995 et
1229 3941 1438 3995 liinnite
1460 3955 1623 4010 super
1653 3949 1816 4009 caput
1841 3955 1976 4008 gen-

399 4033 535 4088 tium
571 4052 585 4088 :
619 4035 805 4088 audita
851 4032 1034 4099 facite,
1090 4045 1144 4087 et
1190 4033 1426 4095 laudate,
1477 4031 1639 4087 dicite
1677 4050 1690 4086 :
1739 4031 1977 4085 Salvavit

398 4124 664 4182 Dominus
700 4125 956 4196 populum
998 4141 1177 4188 suum,
1203 4123 1465 4194 reliquias
1495 4121 1730 4178 lsraelis.
1757 4121 1809 4176 8.
1837 4121 1978 4178 Ecce

397 4231 498 4288 ego
535 4217 748 4272 adduco
774 4233 869 4272 eos
900 4233 966 4272 ex
1006 4218 1280 4287 aquilone,
1315 4225 1369 4272 et
1397 4216 1740 4286 congregabo
1767 4229 1862 4270 eos
1897 4215 1977 4287 (az)

398 4310 468 4363 ab
489 4316 733 4363 extremo
752 4317 909 4363 terra:
945 4309 998 4362 in
1033 4309 1377 4364 solemnitate
1408 4308 1705 4378 paschalis;
1739 4310 1806 4375 Χ
1835 4317 1889 4362 et
1911 4310 1977 4363 ad

400 4403 706 4458 faciendum
739 4403 878 4458 filios
913 4405 1126 4457 turbam
1170 4403 1396 4457 multam
1431 4421 1444 4457 :
1489 4403 1543 4457 in
1575 4405 1656 4458 eis
1683 4418 1882 4468 cwcus,
1915 4413 1969 4457 et

2077 3220 2164 3274 18.
2213 3220 2499 3274 Audiendo
2549 3219 2734 3273 audivi
2787 3216 3037 3287 Ephraem
3083 3214 3142 3285 (i)
3186 3223 3654 3284 conquerentem:

2075 3311 2350 3382 castigasti
2379 3326 2484 3374 me,
2509 3320 2562 3365 et
2589 3311 2886 3382 castigatus
2911 3325 3033 3365 sum
3069 3317 3162 3363 :ut
3189 3308 3394 3362 vitulus
3425 3306 3497 3377 (lt)
3544 3319 3654 3360 non

2075 3401 2258 3456 didici.
2313 3399 2584 3455 Converte
2642 3414 2748 3460 me.
2804 3407 2860 3453 et
2913 3406 3224 3460 convertar,
3261 3394 3390 3464 quia
3441 3403 3499 3448 tu
3539 3393 3651 3447 Do-

2076 3495 2257 3549 minus
2287 3492 2432 3548 Deus
2460 3507 2612 3547 meus
2645 3510 2659 3546 :
2693 3491 2779 3546 l9.
2818 3491 3077 3561 quoniam
3107 3489 3167 3559 (ι)
3215 3488 3281 3542 ad
3316 3490 3480 3542 linem
3512 3501 3648 3555 cap-

2076 3586 2297 3640 tivitatis
2335 3600 2466 3640 mea:
2495 3583 2746 3654 paenituit
2778 3599 2887 3648 me,
2932 3583 3027 3653 (1η)
3062 3589 3116 3636 et
3155 3581 3221 3635 ad
3259 3580 3419 3634 linem
3446 3593 3514 3633 ex
3542 3592 3657 3648 quo

2074 3677 2327 3748 cognovi,
2372 3675 2450 3748 (η)
2494 3675 2733 3747 ingemui
2779 3688 2889 3744 pra:
2923 3673 3012 3728 die
3053 3671 3298 3742 pudoris,
3333 3677 3388 3724 et
3439 3668 3658 3724 ostendi

2078 3769 2198 3832 tibi,
2225 3769 2369 3838 quod
2405 3766 2588 3836 accepi
2617 3766 2970 3836 opprobrium
3002 3765 3072 3818 ab
3109 3762 3478 3817 adolescentia
3511 3775 3656 3815 mea.

2075 3857 2165 3913 20.
2204 3857 2275 3912 Es
2331 3857 2476 3911 ﬁlius
2519 3856 2592 3926 (ο)
2634 3856 2865 3910 dilectus
2911 3853 3047 3908 mihi
3097 3850 3373 3922 Ephrazm:
3419 3851 3488 3918 Χ
3533 3863 3592 3904 es
3628 3846 3655 3916 1

2077 3946 2338 4016 parvulus
2365 3945 2662 4012 delicatus;
2698 3945 2826 4014 quia
2858 3943 2933 4014 (p)
2957 3957 3056 4013 pro
3084 3956 3150 3997 eo
3177 3940 3320 4012 quod
3347 3939 3511 3994 verba
3534 3953 3660 3993 mea

2079 4040 2133 4094 in
2159 4055 2224 4094 eo
2253 4040 2348 4109 (ιτ),
2396 4037 2736 4094 recordando
2770 4035 3100 4092 recordabor
3129 4033 3251 4104 ejus
3281 4035 3350 4102 Χ
3380 4031 3578 4086 iterum
3601 4030 3656 4098 1:
3681 4058 3686 4066 ν

2079 4132 2150 4200 (ν)
2191 4140 2413 4201 propter
2453 4130 2556 4185 hoc
2593 4129 2663 4201 (δ)
2704 4129 2955 4184 festinavi
2987 4143 3153 4198 super
3197 4139 3284 4191 eo,
3334 4123 3658 4180 miserendo

2078 4221 2378 4275 miserebor
2409 4220 2548 4290 ejus,
2587 4220 2716 4274 dicit
2748 4218 3038 4274 Dominus.
3073 4218 3164 4272 21.
3209 4215 3495 4296 constitue
3521 4215 3658 4283 teip-

2078 4327 2217 4375 sam,
2247 4316 2312 4380 Χ
2339 4312 2404 4385 (ε)
2440 4313 2814 4382 speculatores
2855 4310 2941 4366 fac
2970 4310 3066 4364 tibi
3105 4307 3208 4380 ipsi
3247 4307 3268 4376 1
3302 4309 3380 4377 (u)
3423 4307 3661 4378 punitio-

2077 4419 2225 4465 nem,
2253 4403 2320 4457 da
2355 4418 2448 4458 cor
2476 4411 2626 4457 tuum
2663 4403 2742 4472 (a2)
2779 4401 2836 4455 in
2873 4401 3132 4456 humeros
3163 4417 3175 4453 :
3210 4400 3289 4469 (y)
3315 4398 3422 4460 via,
3456 4398 3511 4450 in
3548 4411 3658 4466 qua

469 4546 545 4614 (α)
570 4546 661 4618 Α.,
684 4543 767 4604 8.,
785 4545 1072 4618 sanitatem
1097 4544 1214 4598 tibi.
1272 4543 1347 4618 (b)_
1370 4544 1452 4608 8.,
1471 4545 1827 4618 quiaremota
1852 4554 2038 4599 vocata
2069 4561 2148 4600 es.
2209 4545 2447 4618 (c)_ll:ec.
2507 4546 2584 4618 (d)
2605 4545 2690 4618 _S.,
2710 4544 3028 4618 diversoriis
3048 4542 3169 4618 ejus
3188 4541 3416 4618 gratiam
3441 4541 3657 4618 faciam.

399 4617 469 4697 (ς)
493 4619 578 4680 Α.,
605 4615 692 4678 8.,
715 4631 780 4668 ex
807 4615 885 4697 eis
913 4615 1212 4697 gratiarum
1245 4616 1409 4697 actio.

398 4827 580 4880 nibus.
634 4827 727 4896 (m)
772 4826 994 4895 Reliqui,
1036 4827 1285 4893 gratiam.

436 4970 474 5032 ι)
519 4967 605 5030 Α.,
656 4974 708 5020 et
762 4965 1083 5034 prolanate.’
1154 4967 1222 5035 (r)
1264 4968 1356 5031 Α.,
1403 4965 1489 5030 8.,

399 4617 469 4686 (ρ)
493 4619 578 4680 Α.,
605 4615 692 4678 8.,
715 4631 780 4668 ex
807 4615 885 4668 eis
913 4615 1212 4683 gratiarum
1245 4616 1409 4668 actio.
1489 4615 1555 4685 (Γ)
1586 4615 1675 4676 Α.,
1715 4616 1798 4679 8.,
1827 4623 1880 4669 et
1903 4631 1971 4670 ca

395 4688 517 4755 ejus
552 4701 617 4756 ea
639 4700 726 4756 eo.
802 4685 878 4755 (11)
909 4686 1000 4747 Α.,
1034 4684 1116 4744 8.,
1143 4694 1196 4739 et
1223 4687 1480 4739 accedere
1513 4685 1705 4739 faciam
1733 4700 1878 4748 eum,
1904 4695 1958 4739 ct

2085 4658 2098 4671 .
2178 4615 2250 4686 (g)
2278 4615 2361 4679 8.,
2386 4625 2440 4671 et
2465 4615 2573 4671 erit
2597 4616 2752 4670 fortis
2777 4618 2896 4684 ejus
2924 4630 2991 4669 ex
3021 4629 3107 4668 eo.
3137 4615 3227 4678 A.,

2078 4688 2208 4742 :edet
2240 4688 2305 4740 ad
2336 4702 2442 4740 me.
2517 4688 2580 4756 (i)
2621 4686 2711 4749 A.,
2743 4685 3089 4756 accederead
3124 4699 3227 4735 me.

400 4754 555 4810 turbo
578 4754 813 4818 Domini,
843 4754 944 4816 ira,
969 4770 1089 4824 qua:
1127 4756 1455 4824 egredietur,
1484 4756 1716 4824 procella
1743 4765 2008 4809 evertens.
2045 4754 2125 4823 8.,
2147 4773 2272 4811 ecre
2294 4754 2587 4825 tempestas
2613 4756 2848 4810 Domini.

1540 4968 1844 5020 clamarunt
1878 4969 2134 5022 custodes
2181 4967 2234 5020 in
2292 4976 2475 5021 monte
2517 4967 2790 5035 Eplirzem.

2178 4610 2361 4686 (1118..
2386 4625 2440 4671 et
2465 4610 2575 4671 erit
2597 4616 2752 4670 fortis
2777 4618 2896 4684 ejus
2924 4630 2991 4669 ex
3021 4610 3107 4668 eo.
3137 4610 3227 4678 ΑΙ,
3259 4621 3314 4665 et
3342 4610 3446 4664 erit
3468 4613 3660 4665 fortior

2178 4698 2208 4732 et
2240 4688 2303 4732 nd
2336 4702 2442 4732 nm-
2517 4688 2580 4732 (il
2622 4686 2711 4732 Α--
2743 4685 3002 4732 accedere.
3025 4685 3089 4732 ad
3124 4699 3227 4732 me.
3309 4681 3381 4732 “tl
3421 4681 3509 4732 Α.-
3535 4696 3659 4732 ecce

2911 4700 3002 4738 ere
3025 4685 3089 4737 ad
3124 4699 3227 4735 me.
3309 4681 3381 4754 (lt)
3421 4681 3510 4745 A.,
3535 4696 3659 4734 ecce

2906 4755 2967 4835 (ι)
2988 4754 3080 4818 Α.,
3109 4752 3363 4835 omnibus
3385 4753 3658 4835 eugnatti‘o-

1365 4819 1565 4896 (10.11.,
1609 4826 1838 4894 populus
1888 4819 2327 4896 deletus'gladio,
2378 4819 2470 4896 q'ui
2502 4827 2634 4890 abit,
2684 4837 2743 4879 ut
2774 4819 3016 4893 requiem
3060 4830 3276 4896 praestet
3313 4820 3519 4896 lsraeli.
3572 4819 3655 4886 8.,

439 4897 660 4965 epulum
696 4906 969 4950 servatum
1013 4911 1042 4948 a
1065 4896 1264 4966 gladio,
1307 4897 1573 4966 quiiabit,
1603 4896 1923 4965 utreduiem
1965 4907 2182 4966 praestet
2212 4897 2418 4952 lsraeli.

2497 4897 2572 4967 (ο)
2611 4896 2700 4961 Α.,
2733 4895 3037 4967 ornaberis.

2881 4965 2950 5032 (s)
2999 4966 3090 5028 Α.,
3124 4961 3234 5026 8.,

3115 4896 3189 4964 (p_)
3229 4893 3319 4956 Α.,
3356 4893 3411 4945 111
3455 4901 3656 4964 turma.

3278 4963 3655 5016 ascendamus.

439 4912 660 4965 epulum
696 4912 969 4950 servatum
1013 4912 1264 4966 agtauto,
1307 4913 1399 4964 qur
1440 4912 1573 4956 aunt,
1603 4912 1660 4948 ut
1680 4912 1923 4965 requiem
1965 4912 1971 4966 ι

399 4912 474 5106 ξι)
519 4967 605 5030 Α.,
656 4974 708 5020 et
762 4966 1064 5034 profanate.
1154 4967 1222 5035 (r)
1264 4968 1356 5031 Α.,
1403 4965 1489 5030 8.,
1540 4968 1844 5046 clamarunt
1878 4981 1971 5021 cus

425 5039 463 5105 ι)
508 5035 650 5089 Ilaec.
727 5037 807 5104 (ιι)
848 5035 939 5103 Α.,
987 5035 1224 5089 laudate.
1303 5036 1382 5106 (τε)
1421 5037 1512 5101 Α.,
1554 5051 1583 5090 a
1624 5037 1814 5091 foveis.
1893 5038 1970 5106 (ῃ)

2078 4912 2182 4951 Stet
2212 4912 2418 4952 lsraeli.
2497 4912 2572 4967 (ο)
2611 4912 2700 4961 Α.,
2733 4912 3037 4950 ornaveris.
3115 4912 3188 4964 (ρ)
3229 4912 3319 4956 Α.,
3356 4912 3411 4945 In
3457 4912 3655 4945 turma.

2078 4984 2134 5022 es
2181 4967 2234 5020 in
2292 4976 2475 5021 monte
2517 4967 2790 5035 Epltrzem.
2881 4965 2950 5032 (ε)
2999 4966 3090 5028 Α.,
3151 4961 3234 5026 8.,
3278 4963 3655 5016 ascendamus.

2087 5081 2100 5102 ,
2134 5039 2328 5092 ducam
2369 5053 2463 5092 eos
2501 5038 2566 5091 ad
2614 5035 2790 5090 fontes
2823 5049 3108 5106 aquarum.
3186 5035 3251 5101 (')
3287 5030 3430 5106 'Pro
3455 5041 3655 5106 -πῃωῃ,

400 5108 740 5174 conﬁrmans.
771 5107 1338 5176 scribendum‘putem
1380 5115 1584 5172 N32271:,
1615 5106 1873 5176 hospitari
1905 5107 2123 5176 faciens.
2172 5107 2436 5175 Norberg.

1687 5175 1755 5247 (c)
1797 5175 1982 5243 A.,’ut
2027 5179 2218 5232 hortus
2255 5179 2516 5246 irt'iguus.

399 5255 465 5317 et
491 5260 649 5317 senes
681 5246 878 5317 simul._
941 5247 1009 5315 (ε)
1047 5246 1139 5311 Α.,
1166 5256 1225 5317 _et
1258 5245 1741 5317 consolaboreos,
1759 5255 1813 5300 et
1845 5247 2128 5301 laetificabo
2157 5263 2272 5302 eos.
2350 5245 2417 5317 (Ῑ)
2456 5247 2548 5312 Α.,
2587 5245 2673 5312 8.,

460 5315 475 5386 )
500 5313 1044 5386 Α.,ίροιιδλοιεηίιμηειῐι
1063 5315 1309 5382 accipere
1340 5332 1500 5384 super
1523 5316 1646 5386 filiis
1672 5317 1807 5386 suis,
1827 5319 1954 5386 quia
1978 5334 2082 5370 non
2113 5327 2260 5372 sunt.

399 5176 688 5229 altitudine
710 5175 913 5230 Siuuis.
994 5174 1068 5243 (ὁ)
1110 5173 1192 5240 8.,
1217 5192 1379 5246 super
1409 5178 1612 5230 oleum.

2515 5106 2588 5178 (ι)
2625 5108 2712 5173 Α.,
2736 5113 2801 5178 _et
2829 5104 3108 5178 roboravit
3138 5118 3286 5158 eum.
3315 5172 3328 5178 _
3362 5101 3439 5178 (α)
3484 5101 3568 5166 8.,
3603 5105 3658 5155 111

2593 5177 2670 5246 (α)
2701 5172 2800 5241 Α.,
2850 5176 2902 5228 111
2946 5184 3142 5246 turma,
3184 5183 3236 5227 et
3264 5172 3657 5246 adolescentes,

2714 5246 2986 5300 canticum
3019 5243 3178 5299 fletus
3205 5242 3652 5296 amaritudinum.

2337 5313 2413 5386 (11)
2456 5317 2544 5377 Α..
2567 5325 2621 5369 et
2650 5325 2988 5370 revertentur
3013 5315 3106 5367 lilii
3138 5314 3192 5386 in
3212 5313 3494 5386 terminos
3509 5327 3655 5364 suos.

450 5384 528 5465 In,
551 5384 808 5465 tiliinlui._
860 5383 920 5453 (i)
948 5386 1049 5465 _A.,
1081 5381 1488 5465 demigrante—tn:
1566 5383 1638 5465 ((r)
1674 5385 1795 5452 Th.,
1818 5381 1971 5465 _noni

2078 5397 2213 5442 ctus.
2394 5381 2482 5454 LL,
2512 5396 2796 5465 postquam
2820 5400 3124 5465 conversus
3150 5385 3247 5463 fui,
3266 5381 3656 5465 paenituit‘tne.

407 5451 505 5519 (τη)
528 5455 620 5525 _A.,
653 5451 735 5515 8.,
761 5461 816 5506 et
840 5451 1127 5525 postquam
1155 5451 1404 5525 cognovi,
1427 5451 1601 5524 plausi
1621 5451 1799 5525 super
1817 5458 1956 5513 latus
1983 5473 2187 5512 meum.

407 5520 695 5594 pretiosus.
770 5520 858 5590 (ρ)
893 5520 1098 5594 8.,“θι.
1175 5523 1226 5594 (q

409 5588 624 5662 turbata
647 5599 774 5663 sunt
793 5588 917 5663 vasa
937 5588 1229 5663 interioral

2256 5452 2343 5529 (11)
2360 5452 2598 5526 Ingemui
2617 5452 2787 5536 super
2811 5456 2998 5536 diebus
3021 5453 3245 5533 pudoris
3261 5453 3394 5536 ¹111111.
3420 5452 3655 5536 “(0)11”

1290 5521 1446 5578 Sunt.
1467 5594 1493 5596 Ar
1525 5526 1594 5596 (r)
1634 5521 1723 5590 Α.,
1748 5537 2020 5580 commota
2047 5536 2173 5581 sunt
2202 5521 2560 5582 viscera'inea
2584 5526 2630 5578 ei
2667 5521 3039 5596 :uttiserando:
3057 5523 3381 5596 miscrabor.
3414 5521 3496 5587 8.,
3527 5536 3658 5596 con-

569 5600 624 5670 ta
647 5599 774 5670 sunt
793 5606 917 5670 vasa
937 5593 1191 5670 interiora
1211 5594 1270 5663 (1.
1289 5609 1337 5670 e.
1362 5593 1752 5670 mediastinum)
1778 5612 1895 5650 mea
1920 5613 1971 5649 su

2078 5613 2188 5670 'eo.
2253 5596 2735 5670 (s)\[isitavieum.
2795 5593 3410 5670 (t)grl_.,$.,speculam.
3465 5593 3655 5663 (u)A.,

411 5657 819 5712 amaritudincs.
847 5659 931 5725 8.,
959 5657 1230 5716 semitam.
1307 5665 1382 5733 (π)
1408 5667 1493 5733 Α.,
1525 5665 1653 5720 dum
1685 5657 1942 5722 cruciﬁxa
1967 5657 2046 5723 c's.

2125 5668 2199 5739 (ν)
2239 5666 2326 5734 Α.,
2359 5668 2443 5734 8.,
2474 5668 2526 5721 111
2564 5667 2668 5733 via,
2709 5681 2817 5737 qua
2841 5666 3044 5731 abiisti,
3076 5672 3362 5720 revertere.
