3782 6222
94 346 236 401 2355

95 456 303 522 αὺέἰδιί,
338 458 404 524 Χ
433 466 724 520 revertere,
755 457 909 528 virgo
943 455 1158 512 lsraelis
1197 457 1220 524 1
1259 474 1271 510 :

96 550 262 605 urbes
285 559 410 604 tuas
439 549 648 620 lugens.
676 549 768 604 22.
803 547 1101 619 Usquequo
1125 549 1199 618 (κ)
1233 547 1544 614 reverteris,
1571 547 1680 602 lilia

97 643 396 712 despecta?
441 643 570 712 quia
603 644 810 698 creavit
845 641 1110 696 Dominus
1141 640 1373 696 salutem
1413 653 1474 695 οξ-
1521 639 1599 710 (a)
1627 639 1680 692 in

99 735 493 802 plantationem
537 736 559 804 1
599 751 794 790 novam
822 751 836 789 :
871 733 926 788 in
958 733 1133 788 salute
1157 732 1469 788 circuibuut
1501 731 1681 786 homi-

95 842 214 880 nes.
239 826 334 880 23.
361 824 453 881 Sic
471 826 609 881 dixit
640 825 904 881 Dominus
935 828 1000 890 Χ
1032 825 1291 877 virtutum
1328 822 1470 878 Deus
1511 822 1686 876 lsrae-

98 918 162 972 lis
185 918 212 985 1
235 936 248 973 :
275 918 472 972 Adhuc
503 918 687 973 dicent
724 930 1036 972 sermonem
1067 915 1213 970 hunc
1243 913 1298 968 in
1336 922 1479 968 terra
1510 911 1683 976 Judte,

97 1020 146 1064 et
188 1010 246 1063 in
297 1010 526 1063 urbibus
564 1008 720 1078 ejus,
764 1007 984 1078 quando
1019 1005 1290 1061 reduxero
1329 1003 1686 1072 demigratio-

97 1117 224 1154 nem
252 1100 376 1169 ejus
409 1119 422 1154 :
456 1100 532 1171 (ὁ)
582 1099 905 1154 Benedictus
939 1097 1204 1152 Dominus
1247 1111 1410 1165 super
1443 1104 1685 1149 montem

98 1195 308 1264 justum
334 1204 585 1249 sanctum
614 1193 735 1263 ejus
764 1211 777 1245 :
810 1191 900 1244 24.
929 1194 998 1259 (r)
1022 1199 1075 1245 et
1100 1190 1194 1260 qui
1231 1188 1481 1242 habitant
1511 1188 1564 1240 in
1591 1186 1687 1241 Ju-

99 1286 243 1349 dzea,
295 1295 351 1340 et
401 1286 456 1339 in
506 1284 656 1340 omni
704 1284 840 1339 urbe
883 1283 1040 1353 ejus,
1078 1297 1202 1335 cum
1233 1279 1470 1350 agricola
1502 1288 1554 1333 et
1581 1278 1689 1332 ele-

99 1376 323 1432 vabitur
385 1376 440 1430 in
515 1390 696 1445 grege.
769 1373 860 1428 25.
939 1371 1077 1438 Quia
1131 1369 1396 1425 inebriavi
1469 1384 1687 1422 omnem

99 1469 345 1523 animam
385 1468 682 1533 sitientem,
726 1475 781 1520 et
823 1480 1040 1521 omnem
1075 1464 1314 1518 animam
1357 1463 1689 1517 esurientem

99 1560 372 1616 saturavi.
427 1559 517 1614 26.
569 1557 798 1628 Propter
846 1557 952 1611 hoc
995 1553 1406 1624 expergefactus
1448 1569 1594 1614 sum,
1639 1559 1693 1606 et

98 1652 260 1706 vidi:
318 1661 374 1706 et
431 1665 658 1707 somnus
709 1664 862 1704 meus
908 1648 1090 1702 attulit
1145 1647 1480 1716 voluptatem
1533 1645 1687 1699 mihi.

97 1743 191 1798 27.
227 1741 369 1798 Ecce
406 1741 523 1796 dies
557 1739 803 1804 veniunt,
835 1739 968 1793 dicit
1004 1739 1288 1800 Dominus,
1331 1748 1384 1792 et
1410 1737 1692 1792 seminabo

1317 336 1634 394 JEREMIJE
1673 338 1906 396 CAPUT
1947 337 2162 397 XXXII.

1311 465 1589 510 revertere
1615 454 1681 509 ad
1711 461 1757 518 Α
1783 471 1906 510 esse
1935 472 2066 527 gens
2102 464 2230 512 ante
2264 453 2457 510 faciem
2498 469 2674 509 meam
2701 455 2958 512 omnibus
2986 455 3202 512 diebus.
3241 457 3366 513 Haec

3221 337 3365 397 2554

1786 549 1919 604 dicit
1948 549 2208 605 Dominus
2249 567 2262 603 :
2295 549 2383 604 37.
2423 548 2486 620 (ι)
2515 549 2572 603 Si
2595 549 2863 604 elevatum
2893 549 3052 604 fuerit
3083 551 3279 605 caelum
3311 550 3364 602 in

1787 640 2020 695 sublime
2053 649 2107 695 et
2138 640 2184 695 si
2218 640 2540 710 depressum
2576 639 2742 694 fuerit
2788 640 3154 709 pavimentum
3206 649 3366 694 terra:

1785 730 2065 795 deorsum;
2088 729 2252 784 etiam
2274 744 2376 800 ego
2395 745 2501 783 non
2527 731 2828 800 reprobabo
2851 733 2917 798 Χ
2947 746 3107 784 omne
3133 731 3156 798 1
3191 746 3364 800 genus

1786 817 2026 886 lsraelis,
2050 835 2147 890 pro
2174 821 2450 884 omnibus,
2483 835 2604 888 qua:
2627 820 2890 883 fecerunt,
2916 819 3046 874 dicit
3080 818 3362 874 Dominus.

1787 913 1876 969 38.
1902 912 2038 967 Ecce
2059 912 2178 968 dies
2200 913 2443 977 veniunt,
2468 913 2601 967 dicit
2619 911 2906 975 Dominus,
2930 921 2985 966 et
3014 911 3369 966 aedilicabitur

1788 1005 1920 1060 urbs
1944 1003 2180 1059 Domino
2202 1019 2232 1059 a
2257 1014 2408 1059 turre
2431 1003 2707 1060 Hananael
2731 1020 2904 1074 usque
2936 1004 3002 1059 ad
3035 1014 3244 1074 portam
3267 1019 3368 1058 an-

1789 1095 1924 1166 guli,
1959 1096 2048 1150 39.
2073 1103 2128 1150 et
2167 1095 2337 1150 exibit
2371 1097 2438 1164 Χ
2462 1096 2641 1149 adhuc
2665 1093 2762 1167 (m)
2788 1109 2912 1164 spes
2942 1093 2991 1164 1,
3018 1103 3073 1149 et
3101 1093 3371 1150 dimensio

1787 1191 1908 1260 ejus
1935 1204 2121 1244 coram
2143 1189 2224 1244 eis
2255 1204 2427 1258 usque
2459 1188 2523 1242 ad
2545 1187 2741 1243 collem
2767 1187 2943 1243 Gareb
2974 1205 2988 1242 :
3031 1196 3086 1242 et
3127 1188 3373 1259 cingetur

1791 1281 1845 1335 in
1875 1281 2108 1336 circuitu
2143 1296 2207 1334 ex
2242 1279 2514 1349 lapidibus
2547 1278 2626 1350 (η)
2655 1279 2880 1344 electis;
2909 1277 3000 1333 40.
3037 1278 3104 1347 Χ
3127 1287 3182 1333 et
3211 1291 3373 1333 omne

1791 1372 2122 1443 profundum
2145 1371 2219 1442 (ο)
2249 1371 2446 1426 domus
2468 1369 2727 1441 Fagadim
2757 1369 2780 1438 1
2806 1370 2893 1441 (‘),
2927 1369 3003 1440 (p)
3031 1379 3086 1425 ct
3111 1370 3370 1433 cinerem,

1790 1473 1846 1518 et
1873 1479 2092 1519 omnem
2122 1463 2433 1518 Asarimoth
2467 1479 2642 1534 usque
2690 1463 2756 1517 ad
2803 1473 3102 1518 torrentem
3133 1463 3371 1529 Cedron,

1793 1572 1968 1626 usque
1993 1556 2058 1610 ad
2083 1556 2341 1626 angulum
2367 1564 2534 1625 porta:
2555 1569 2820 1624 equorum
2852 1554 2926 1624 (q)
2962 1555 3211 1619 orientis,
3247 1570 3375 1611 san-

1793 1648 2063 1702 ctuarium
2097 1646 2348 1712 Domino,
2381 1656 2436 1702 et
2476 1661 2582 1700 non
2618 1645 2852 1715 amplius
2875 1645 3156 1714 evelletur,
3199 1660 3374 1715 neque

1793 1739 2106 1793 destruetur
2145 1753 2320 1807 usque
2343 1739 2398 1792 in
2435 1738 2716 1793 saeculum.

103 1840 171 1902 Χ
212 1835 436 1889 domum
466 1832 702 1896 lsraelis,
736 1840 791 1887 et
823 1833 846 1900 1
883 1833 1114 1902 domum
1149 1829 1323 1893 ludas.
1365 1845 1550 1884 semen
1591 1830 1689 1883 bo-
1725 1824 1764 1879 Β
1861 1833 2016 1889 CAP.
2052 1833 2347 1888 XXXII.—
2377 1836 2426 1889 l.
2469 1834 2730 1902 Verbum,
2766 1835 2912 1906 quod
2946 1834 3148 1890 factum
3184 1848 3266 1890 est
3305 1835 3370 1887 ad

100 1943 260 1990 num,
295 1935 352 1982 et
380 1941 565 1982 semen
604 1925 859 1994 juineuti.
891 1923 981 1978 28.
1037 1925 1100 1978 lit
1131 1927 1252 1985 erit,
1287 1924 1432 1978 sicut
1461 1922 1692 1991 vigilans

103 2020 183 2073 fui
215 2033 382 2087 super
407 2032 502 2072 eos
534 2019 599 2084 Χ
639 2017 706 2071 ad
739 2014 1174 2084 exstirpandum,
1214 2021 1269 2068 et
1305 2013 1372 2068 ad
1405 2014 1694 2068 destruen-

98 2111 257 2175 dum,
300 2117 355 2165 et
388 2109 438 2177 1,
469 2109 538 2164 ad
573 2108 948 2173 evertendum,
983 2109 1053 2176 Χ
1080 2116 1134 2162 et
1161 2105 1226 2160 ad
1270 2104 1604 2175 perdendum
1642 2104 1690 2172 1,

98 2212 152 2256 et
193 2202 265 2256 ad
308 2202 450 2256 male
492 2201 841 2266 faciendnm;
881 2199 962 2255 sic
996 2199 1233 2270 vigilabo
1267 2212 1431 2266 super
1461 2211 1576 2256 eos.
1625 2197 1693 2250 ad

98 2295 567 2362 aedificandum,et
591 2293 658 2348 ad
692 2293 1072 2364 plantandum,
1093 2291 1226 2345 dicit
1251 2287 1692 2344 Dominus.29.ln

97 2385 302 2441 diebus
331 2384 453 2440 istis
475 2397 585 2438 non
615 2383 801 2437 dicent
822 2381 1092 2451 amplius:
1119 2378 1315 2434 Patres
1336 2379 1693 2433 comederunt

97 2491 242 2532 uvas
292 2475 558 2539 acerbas,
617 2483 672 2529 et
728 2473 919 2530 dentes
979 2473 1216 2527 ﬁliorum
1276 2471 1691 2539 obstupuerunt.

95 2567 193 2622 30.
227 2564 333 2620 Sed
362 2564 739 2634 unusquisque
779 2563 833 2617 in
891 2572 1115 2633 peccato
1157 2575 1260 2616 suo
1313 2560 1598 2625 morietur,
1625 2561 1693 2628 Χ

102 2659 186 2728 (d)
221 2657 406 2712 omnis
433 2657 601 2711 homo
631 2658 678 2726 1,
722 2665 776 2711 et
814 2655 907 2724 qui
942 2652 1241 2710 comederit
1273 2668 1408 2708 uvas
1445 2653 1694 2717 acerbas,

97 2749 499 2816 obstupescent
547 2746 743 2802 dentes
791 2746 930 2815 ejus.
985 2746 1072 2800 3i.
1107 2743 1249 2800 Ecce
1287 2745 1406 2800 dies
1450 2745 1692 2812 veniunt,

97 2840 235 2894 dicit
279 2838 568 2902 Dominus,
600 2847 654 2894 et
697 2839 766 2908 (ε)
810 2838 1097 2908 disponam
1139 2837 1323 2893 domui
1373 2836 1612 2898 lsraelis.
1641 2847 1695 2891 et

97 2932 291 2987 domui
324 2930 477 2986 Judaa
510 2932 576 3003 (Γ)
600 2930 780 2987 foedus
806 2947 1028 2995 novum,
1055 2932 1146 2995 32,
1174 2931 1459 3001 nonjuxta
1484 2930 1685 2994 lendus,

97 3022 250 3088 quod
305 3021 549 3090 disposui
591 3020 840 3090 patribus
881 3035 1073 3074 eorum
1107 3020 1161 3073 in
1205 3021 1314 3082 die,
1352 3035 1476 3076 cum
1503 3033 1697 3088 appre-

97 3111 267 3165 hendi
313 3126 536 3165 manum
575 3125 789 3174 eorum,
822 3109 888 3164 ad
929 3107 1272 3164 educendum
1306 3124 1402 3164 eos
1427 3125 1497 3165 ex
1548 3117 1693 3163 terra

101 3200 348 3272 Egypti;
379 3201 509 3271 quia
545 3201 620 3254 illi
668 3216 777 3255 non
815 3206 1138 3254 manserunt
1190 3200 1247 3254 in
1293 3198 1500 3255 findere
1546 3215 1692 3266 meo,

99 3294 268 3347 etiam
303 3307 403 3363 ego
434 3291 644 3362 neglexi
671 3306 788 3355 eos,
821 3290 954 3346 dicit
984 3288 1269 3346 Dominus.
1301 3291 1390 3346 33.
1427 3290 1567 3358 Quia
1594 3291 1698 3346 hoc

99 3384 309 3448 fcedus,
342 3383 490 3454 quod
525 3383 816 3454 disponam
848 3383 1040 3438 domui
1071 3382 1306 3447 lsraelis,
1335 3382 1409 3453 (g)
1441 3383 1696 3453 postdies

99 3487 263 3542 istos,
301 3477 434 3532 dicit
455 3475 720 3531 Dominus
752 3495 766 3530 :
813 3477 889 3545 (Ιι)
929 3475 1076 3546 quod
1108 3475 1248 3530 dabo
1280 3475 1428 3546 leges
1464 3491 1614 3530 meas
1641 3476 1695 3528 in

99 3575 348 3622 mentem
380 3583 598 3632 eorum,
629 3575 683 3622 et
709 3568 778 3634 Χ
814 3581 978 3635 super
1012 3574 1229 3636 pectore
1253 3565 1274 3632 1
1300 3565 1480 3620 cordis
1506 3582 1694 3620 eorum

98 3661 346 3716 scribam
379 3675 472 3716 eas
501 3678 515 3715 :
547 3668 602 3715 et
635 3675 731 3715 ero
759 3659 839 3714 eis
866 3659 919 3712 in
945 3659 1136 3724 Deum,
1179 3668 1233 3714 et
1264 3658 1341 3712 illi
1369 3667 1529 3713 erunt
1563 3658 1698 3712 mihi

98 3753 162 3809 in
223 3750 512 3822 populum.
562 3749 655 3805 34.
719 3748 788 3804 Et
841 3765 952 3804 non
1003 3749 1276 3804 docebunt
1316 3751 1383 3818 Χ
1436 3751 1630 3804 iterum
1673 3749 1694 3817 1

99 3843 496 3913 unusquisque
538 3842 760 3897 fratrem
796 3856 980 3904 suum,
1011 3848 1066 3895 et
1099 3841 1480 3912 unusquisque
1516 3842 1702 3910 proxi-

98 3949 260 3989 mum
292 3948 477 3997 suum,
508 3933 699 3990 dicens
733 3952 746 3988 :
774 3931 952 3988 Nosce
991 3931 1315 3998 Dominum;
1355 3934 1485 4002 quia
1509 3949 1702 3990 omnes

106 4031 458 4094 cognoscent
498 4038 585 4078 me
625 4038 656 4077 a
701 4038 869 4094 parvo
909 4037 1101 4078 eorum
1142 4039 1317 4094 usque
1345 4024 1412 4078 ad
1443 4040 1701 4096 magnum

99 4131 330 4182 eorum,
360 4118 428 4183 Χ
458 4115 592 4170 dicit
619 4115 884 4171 Dominus
917 4116 941 4185 1
975 4134 988 4170 :
1017 4117 1276 4186 quoniam
1309 4117 1579 4186 propitius
1605 4131 1702 4172 ero

99 4206 497 4276 iniquitatibus
526 4222 742 4272 eorum,
779 4217 834 4262 et
859 4216 1208 4276 peccatorum
1241 4221 1434 4262 eorum
1468 4224 1575 4262 nou
1602 4224 1705 4262 re—

99 4299 388 4356 cordabor
417 4299 672 4369 amplius.
697 4299 786 4354 35.
824 4298 919 4354 Sic
945 4298 1084 4353 dixit
1121 4298 1404 4365 Dominus,
1437 4299 1529 4368 qui
1558 4299 1706 4355 dedit

109 4392 294 4448 solem
325 4391 380 4445 in
411 4391 592 4447 lumen
629 4392 756 4456 diei,
791 4395 857 4460 Χ
890 4393 951 4462 (ἰ)
976 4393 1031 4446 in
1060 4400 1320 4446 statutum
1355 4391 1402 4459 1,
1426 4392 1613 4446 lunam
1651 4400 1706 4446 et

1794 1924 2086 1980 Jeremiam
2119 1941 2150 1980 a
2200 1924 2430 1980 Domino
2451 1925 2506 1979 in
2534 1940 2679 1980 anno
2705 1925 2920 1980 decimo
2960 1924 3199 1980 Sedecia:
3229 1924 3374 1992 regis

1792 2013 1945 2069 Judte
1983 2034 1995 2069 :
2035 2015 2124 2069 hic
2149 2030 2325 2071 annus
2355 2024 2581 2070 octavus
2605 2016 2852 2071 decimus
2890 2018 2959 2085 Χ
2993 2031 3170 2070 annus
3206 2013 3229 2082 1
3261 2012 3369 2068 Na-

1793 2106 2282 2171 buchodonosoris,
2307 2107 2418 2176 regi
2446 2107 2563 2175 (sic)
2584 2105 2896 2178 Babylonis.
2919 2108 2976 2161 2.
3007 2105 3072 2160 Et
3097 2109 3164 2174 Χ
3194 2114 3322 2160 tunc
3347 2105 3370 2172 1

1795 2206 2036 2267 potestas
2060 2197 2200 2266 regis
2233 2196 2523 2268 Babylonis
2554 2197 2620 2267 (r)
2649 2196 2776 2254 fecit
2805 2198 2980 2254 fossas
3018 2213 3181 2268 super
3209 2196 3371 2252 Jeru-

1795 2291 1966 2344 salem
2005 2309 2019 2344 :
2065 2296 2125 2344 et
2146 2287 2379 2344 Jeremia
2414 2292 2480 2357 Χ
2516 2291 2774 2360 propheta
2803 2291 2825 2360 1
2859 2291 3270 2346 custodiebatur
3317 2289 3370 2344 in

1795 2381 1936 2434 atrio
1985 2380 2258 2442 carceris,
2295 2382 2388 2451 qui
2435 2391 2519 2436 est
2569 2383 2622 2437 in
2666 2384 2832 2438 domo
2873 2383 3018 2455 regis
3049 2387 3116 2452 Χ
3147 2381 3300 2437 Judze
3345 2381 3368 2450 1

1795 2471 1848 2525 3.
1879 2471 1933 2524 in
1967 2486 2077 2542 quo
2122 2470 2395 2526 clauserat
2433 2487 2558 2527 eum
2601 2469 2823 2527 Sedecia
2863 2488 2958 2529 rex
3016 2477 3084 2541 Χ
3127 2471 3280 2526 ,Ιιιᾱτε
3323 2473 3371 2542 1,

1793 2564 1983 2619 dicens
2011 2582 2024 2617 :
2060 2563 2241 2629 Quare
2271 2574 2325 2618 tu
2355 2565 2686 2634 protihetas?
2717 2565 2904 2621 dicens
2931 2583 2943 2620 :
2979 2564 3070 2620 Sic
3099 2564 3234 2619 dixit
3263 2563 3374 2621 Do-

1795 2657 2011 2710 minus:
2041 2656 2177 2710 Ei:ce
2205 2671 2305 2726 ego
2336 2658 2406 2711 do
2433 2660 2502 2724 Χ
2531 2657 2631 2728 τὴν
2660 2657 2681 2724 1
2723 2658 2914 2714 urbem
2950 2659 3093 2714 hanc
3121 2659 3172 2712 in
3206 2674 3372 2712 manu

1797 2747 1938 2815 regis
1965 2744 2278 2816 Babylonis,
2313 2756 2366 2801 et
2391 2748 2568 2816 capiet
2591 2763 2733 2802 eam.
2759 2747 2812 2802 4.
2844 2747 2911 2802 Et
2937 2747 3160 2804 Sedecia
3191 2752 3256 2817 Χ
3279 2765 3374 2804 rex

1794 2835 1998 2905 dudm:
2039 2853 2146 2891 non
2196 2839 2496 2893 salvabitur
2531 2856 2559 2893 a
2603 2855 2768 2895 manu
2805 2840 3375 2912 Chaldaeorum;quia

1796 2928 2057 2982 tradendo
2092 2931 2334 2984 tradetur
2374 2930 2426 2983 iu
2465 2946 2664 2986 manus
2705 2933 2846 3003 regis
2878 2931 3190 3004 Babylonis,
3218 2944 3272 2989 et
3300 2935 3377 2988 lo-

1795 3029 1994 3088 quetur
2017 3035 2078 3073 os
2101 3019 2220 3089 ejus
2243 3021 2310 3075 ad
2341 3037 2402 3076 os
2427 3022 2594 3088 illius,
2633 3030 2688 3077 et
2724 3024 2867 3078 oculi
2891 3023 3010 3094 ejus
3034 3025 3221 3080 oculos
3257 3025 3378 3094 ejus

1797 3112 2058 3166 videbunt
2089 3130 2101 3166 :
2135 3112 2187 3166 5.
2221 3121 2276 3167 et
2300 3113 2351 3166 in
2394 3112 2720 3185 Babylonem
2748 3115 2816 3188 (ε)
2866 3116 3088 3170 intrabit
3130 3116 3376 3180 Sedecia,

1796 3210 1851 3255 et
1877 3201 1947 3256 ibi
1982 3202 2046 3272 (ι)
2091 3202 2321 3266 sedebit,
2371 3205 2438 3273 Χ
2481 3204 2657 3260 donec
2709 3206 3008 3280 visitav’ero
3051 3222 3199 3268 eum,
3249 3206 3380 3260 dicit

1797 3293 2084 3359 Dominus;
2109 3295 2236 3364 quia
2273 3295 2350 3364 (ιι)
2391 3295 2437 3349 si
2469 3297 2790 3365 pugnaverit
2816 3313 2939 3351 cum
2969 3295 3261 3361 Chaldaeis,
3299 3294 3378 3368 (π)

1798 3402 1907 3440 non
1934 3397 2080 3443 recte
2103 3389 2296 3458 agetis.
2328 3387 2382 3443 6.
2414 3388 2480 3443 Et
2504 3390 2644 3444 dixit
2667 3387 2904 3444 Jeremia
2933 3391 2955 3459 1
2997 3408 3010 3443 :
3043 3387 3270 3444 Factum
3295 3396 3381 3444 est

1797 3478 2024 3532 verbum
2057 3477 2276 3533 Domini
2321 3479 2387 3534 ad
2431 3495 2538 3543 me,
2589 3480 2778 3535 dicens
2813 3498 2827 3533 :
2877 3479 2928 3533 7.
2961 3478 3100 3535 Ecce
3129 3479 3380 3535 Nahmail

1799 3568 1944 3623 filius
1983 3567 2167 3624 Salom
2204 3570 2391 3625 fratris
2423 3571 2596 3642 patris
2630 3572 2711 3626 tui
2753 3571 2901 3626 venit
2931 3572 2998 3626 ad
3043 3579 3115 3637 te,
3149 3571 3335 3626 dicens
3357 3589 3380 3628 :

1797 3658 2023 3715 Posside
2059 3661 2154 3716 tibi
2195 3677 2386 3732 agrum
2429 3665 2499 3731 Χ
2539 3677 2721 3718 meum
2760 3663 2807 3731 1,
2845 3663 2938 3732 qui
2983 3663 3038 3717 in
3076 3662 3380 3729 Anathotb,

1801 3751 1930 3820 quia
1956 3753 2031 3822 (y)
2061 3753 2157 3807 tibi
2185 3752 2276 3824 jus
2311 3757 2378 3821 Χ
2405 3753 2783 3823 propinquitas
2820 3755 3034 3825 generis
3074 3755 3096 3824 1
3134 3754 3200 3808 ad
3238 3755 3380 3808 acci-

1802 3843 2060 3912 piendum
2095 3845 2524 3914 possessionem.
2557 3844 2610 3899 8.
2655 3844 2721 3899 Et
2753 3845 2900 3900 venit
2924 3845 2990 3900 ad
3031 3861 3116 3899 me
3143 3859 3204 3901 +
3233 3846 3381 3899 Nah-

1803 3939 1936 3995 mail
1972 3939 2116 3994 filius
2149 3938 2332 3993 Salom
2364 3938 2387 4008 1
2424 3937 2608 3993 fratris
2637 3938 2807 4008 patris
2831 3939 2959 4005 mei,
2986 3941 3053 4007 Χ
3072 3938 3224 4008 juxta
3260 3955 3380 3992 ver-

1802 4033 1931 4088 bum
1973 4031 2020 4099 1,
2054 4030 2109 4084 in
2137 4030 2334 4085 atrium
2366 4030 2624 4097 carceris,
2659 4038 2714 4086 et
2750 4030 2890 4084 dixit
2929 4031 3063 4084 mihi
3099 4049 3112 4085 :
3157 4029 3380 4086 Posside

1804 4121 1872 4189 Χ
1901 4133 2046 4173 nunc
2083 4117 2106 4187 1
2157 4133 2349 4187 agrum
2391 4133 2596 4180 meum.
2629 4117 2722 4188 qui
2761 4117 2814 4171 in
2855 4117 3151 4182 Anathoth,
3190 4117 3282 4187 qu'i
3331 4120 3380 4172 in

1806 4219 1948 4264 terra
1979 4207 2296 4278 Benjamin;
2333 4209 2459 4278 quia
2509 4208 2605 4262 tibi
2644 4209 2897 4263 convenit
2927 4208 3200 4278 possidere
3229 4209 3297 4276 Χ
3328 4209 3380 4262 in

1803 4299 2197 4364 baereditatem,
2229 4307 2286 4354 et
2315 4306 2374 4352 tu
2402 4298 2588 4353 senior
2610 4313 2690 4365 es,
2721 4299 2940 4368 posside
2968 4313 3091 4354 eum
3121 4309 3175 4354 tu
3209 4299 3304 4353 tibi
3333 4299 3382 4370 1.

1805 4390 1872 4444 Et
1900 4387 2152 4460 cognovi,
2176 4388 2322 4458 quod
2355 4389 2583 4443 verbum
2616 4387 2832 4442 Domini
2856 4398 2941 4444 est
2972 4407 2985 4444 :
3013 4388 3046 4444 9
3077 4398 3131 4444 et
3156 4387 3380 4444 Possedi

99 4482 305 4537 stellas
335 4481 392 4535 in
417 4482 601 4536 lumen
629 4484 828 4547 noctis,
859 4483 933 4553 (k)
971 4491 1024 4537 et
1048 4483 1340 4537 clamorem
1371 4481 1424 4536 in
1456 4498 1626 4547 mare,
1648 4491 1702 4537 et
1734 4494 1777 4550 ι)
1805 4496 1996 4552 agrum
2028 4482 2093 4547 Χ
2117 4495 2144 4532 a
2175 4479 2426 4533 Nabmail
2457 4479 2480 4547 1
2511 4479 2622 4533 filio
2649 4479 2835 4536 fratris
2858 4479 3029 4551 patris
3058 4480 3185 4544 mei,
3209 4481 3382 4550 Χαιιί

99 4578 515 4644 obstupuerunt
558 4576 758 4630 fluctus
809 4575 928 4646 ejus
963 4593 977 4630 :
1039 4575 1305 4630 Dominus
1353 4575 1697 4642 omnipotens
1805 4571 1860 4626 in
1895 4567 2171 4623 Anatliotb
2208 4568 2254 4637 1,
2293 4577 2348 4622 et
2375 4569 2608 4637 appendi
2655 4570 2706 4623 ei
2749 4577 3027 4639 argentum
3069 4583 3272 4638 septem
3311 4570 3382 4640 (ι)

100 4682 311 4721 nomen
332 4666 404 4720 ei.
428 4667 515 4721 36.
544 4665 600 4721 Si
623 4667 958 4722 cessaverint
984 4667 1128 4737 leges
1156 4669 1235 4720 hae
1258 4667 1325 4718 ab
1348 4674 1472 4718 ante
1503 4665 1696 4720 faciem
1806 4664 1993 4727 siclos,
2027 4671 2080 4716 et
2103 4662 2292 4714 decem
2326 4661 2534 4731 argenti
2570 4679 2584 4715 :
2623 4661 2710 4716 10.
2746 4672 2798 4716 et
2837 4661 3032 4730 scripsi
3065 4661 3118 4715 in
3161 4663 3381 4729 librum,

102 4775 315 4827 meam,
351 4759 486 4814 dicit
510 4759 796 4826 Dominus;
821 4761 985 4814 etiam
1017 4774 1188 4830 genus
1214 4756 1431 4813 lsraelis
1465 4759 1701 4814 cessabit
1803 4766 1858 4813 et
1877 4754 2128 4827 sigillavi,
2150 4765 2203 4808 et
2233 4753 2419 4809 testari
2443 4752 2544 4809 feci
2569 4763 2754 4819 testes,
2775 4755 3078 4824 etappendi
3102 4766 3383 4826 argentum

180 5017 256 5089 (ι)
283 5019 371 5080 Α.,
400 5015 800 5089 deprimerisin
829 5013 1180 5089 profundum,
1210 5013 1339 5089 dum
1367 5025 1555 5065 aversa
1580 5023 1662 5065 es.
1725 5009 1802 5089 (rt)
1828 5008 2300 5089 Feminanovain
2324 5016 2471 5089 terra
2589 5006 2764 5088 salute
2791 5003 3382 5089 cir‘cumdabitvirum.

102 5074 197 5146 δέ
237 5074 296 5143 in
317 5074 688 5142 terra-femina
706 5074 1064 5139 circumdabit
1085 5074 1386 5137 masculum
1416 5097 1638 5134 novum.
1717 5074 1792 5145 (ὁ)
1817 5082 1904 5142 Α..
1934 5081 2017 5138 S..
2054 5080 2338 5134 benedicat
2365 5079 2482 5140 tibi,
2509 5077 2759 5142 Domine,
2793 5074 3049 5146 habitans
3073 5075 3126 5146 in
3149 5075 3385 5144 justitia.

102 5143 176 5227 fc)
211 5163 250 5213 Α
269 5199 308 5223 .,
326 5167 381 5214 et
399 5158 720 5212 habitabunt
743 5157 793 5208 in
815 5155 1056 5221 eaJuda,
1090 5162 1144 5208 et
1173 5169 1362 5227 omnes
1387 5152 1546 5227 urbes
1568 5153 1705 5227 ejus.
1725 5143 1812 5217 28.,
1838 5153 1998 5227 simul
2026 5151 2278 5227 agricolae
2293 5151 2622 5227 e‘tAductolr‘es
2647 5160 2892 5227 gregum.
2973 5144 3066 5227 (ᾳ).
3193 5147 3384 5227 omnis

102 5213 491 5298 hominis,qui
515 5228 814 5282 comederit
834 5243 966 5298 uvas
991 5213 1234 5278 acerbas.
1315 5226 1384 5293 (θ)
1407 5224 1516 5298 '_A.,
1541 5239 1595 5275 ex

1891 5213 2236 5298 ,perfifciam.
2315 5219 2491 5298 (0A.,
2523 5217 2607 5284 8.,
2632 5213 2926 5298 s'tatutlu‘m.‘
2998 5213 3071 5296 (9)
3094 5213 3155 5269 Et
3175 5214 3384 5269 domui.

103 5305 189 5373 th)
235 5287 389 5353 Dabo
417 5287 586 5373 legem
619 5314 817 5353 meam.
897 5297 958 5373 (ξ)
994 5298 1082 5361 Α.,
1111 5287 1373 5373 statutum
1416 5293 1646 5373 luliaa_ct
1681 5287 1981 5373 stellarum.
2061 5291 2134 5373 (lt)
2176 5295 2267 5355 A.,
2301 5287 2496 5373 sodalis
2539 5302 2708 5342 mare.
2755 5357 2766 5373 .
2789 5287 2984 5367 ςζ).Α.,
3021 5287 3067 5340 si
3102 5301 3386 5339 mensura-

104 5356 324 5428 lm’ntur
354 5356 552 5424 caelum
583 5383 825 5432 sursum,
866 5356 1414 5436 et'im-estigabuntur
1445 5363 1798 5436 fundamenta
1846 5371 2001 5436 terrae
2045 5363 2300 5436 deorsum
2323 5361 2542 5436 ;_etiam
2585 5374 2684 5436 ego
2718 5356 2972 5436 abjiciarn
3015 5370 3176 5436 omne
3203 5371 3385 5409 semen

103 5424 290 5498 indas.
334 5439 550 5494 lsraelis
570 5482 584 5505 ,
607 5424 825 5507 propter
844 5437 1049 5507 omnia,
1069 5424 1184 5503 (μιῖιι
1208 5434 1470 5507 fecerunt,
1489 5434 1619 5507 dicit
1640 5432 1927 5507 Dominu_s.
1971 5432 2066 5507 (ni)
2092 5438 2193 5507 Α.ἱ
2213 5424 2392 5507 regula
2413 5424 3069 5507 dimensionisIS.,_funis
3088 5440 3383 5507 mensurae:

107 5493 203 5577 fni
233 5510 326 5575 Α.,
363 5493 542 5563 bonis.
572 5493 583 5505 ’
607 5493 827 5578 ⁵(ο)Ἀ.,
863 5506 948 5569 8.,
976 5493 1320 5578 cadaverum.
1399 5493 1594 5578 (‘);Pro
1627 5493 2136 5578 DZ'TJE,_Fagizdim,
2170 5493 2644 5578 fortelegendum,
2670 5506 2845 5578 071:5
2897 5494 3172 5578 liagarim:
3208 5493 3386 5578 [llau‘d

113 5563 326 5644 dubie,
352 5579 608 5634 bcbraica
629 5563 1012 5632 eniinveritas
1044 5577 1205 5629 habet
1235 5563 1694 5644 D’ﬁﬁ.’Dmcn.]
1760 5563 1848 5642 ’(p)
1882 5563 2094 5641 adipem
2124 5563 2178 5644 et
2193 5563 2666 5644 onniia'quzeante
2688 5569 2878 5644 urbem
2911 5563 3054 5644 (ne.
3085 5563 3384 5644 ευριίνὺὶᾳ).

109 5633 195 5722 (qj
388 5633 445 5722 in
474 5633 761 5703 orientem.
841 5649 919 5722 (τ’)Δ
952 5646 1040 5722 τι,
1074 5633 1561 5722 _circumdedc-rttut

1895 5633 2090 5722 (sf/1.,
2129 5633 2484 5722 S.,.d‘eiluc'et
2529 5638 2832 5722 sedeciam.
2883 5636 3105 5722 10)},
3135 5633 3234 5722 βπ·
3259 5640 3382 5722 erit.

110 5705 202 5792 δι’)
252 5705 340 5784 εξ,
373 5705 597 5792 εῇνεηίιη
627 5705 998 5792 pugnaveritis
1023 5705 1284 5772 adversus
1307 5715 1610 5785 Chaldaeos,
1635 5730 1744 5772 non
1779 5705 1924 5772 recte
1944 5705 2144 5785 'agelis-
2200 5705 2302 5782 lx)
2334 5709 2454 5767 N0“
2487 5718 2634 5767 ι’θοίθ
2663 5720 2803 5781 38‘3-
2879 5705 2963 5780 (ω’
2993 5705 3150 5774 θυοδ
3180 5707 3274 5764 ubi
3304 5714 3388 5762 ⁸⁵⁸

882 5787 895 5804 1

107 5789 525 5864 propinquitas.
605 5793 682 5861 (ιτ.)
733 5790 823 5859 Λ.,
858 5789 940 5856 S.,
974 5795 1226 5844 statercs.
