3782 6222
173 271 320 323 2357

1405 254 1727 313 iussum;
1770 223 2000 312 miror
2041 256 2279 314 χχχιιι.

3305 274 3376 329 25
3384 275 3452 331 58

170 391 260 446 eis
298 409 312 446 :
337 401 390 445 et
419 391 678 460 plantabo
707 405 804 448 eos
827 391 880 446 in
911 400 1058 446 terra
1085 392 1210 454 hac.
1245 390 1316 463 (ε)
1354 389 1408 444 in
1438 389 1564 452 fide,
1604 389 1767 445 etiam
1799 392 1843 447 Α
1873 389 2190 455 devastatis,
2214 397 2276 444 ut
2299 403 2408 445 non
2439 405 2572 460 puer
2599 391 2775 449 factus
2798 394 2870 450 sit
2901 395 3084 462 homo,
3107 400 3173 466 χ(
3197 407 3451 455 etutnon

173 485 230 538 in
255 484 409 538 omni
431 483 594 538 corde
624 498 766 549 meo,
797 484 925 538 et'in
958 482 1110 538 omni
1133 481 1315 536 anima
1339 496 1479 535 mea.
1506 479 1598 534 42.
1631 479 1770 545 Quia

171 576 262 628 sic
289 574 429 627 dixit
462 573 726 628 Dominus
762 572 864 643 (t):
915 571 1069 628 Sicut
1106 571 1296 626 induxi
1326 587 1489 641 super
1511 570 1770 642 populum

175 667 331 720 hunc
359 666 543 720 omnia
574 667 716 720 mala
753 681 949 736 magna
985 666 1119 725 haec.
1150 665 1232 720 sic
1257 680 1358 732 ego
1395 663 1646 718 inducam
1675 679 1769 718 su-

172 774 280 827 per
306 774 405 813 eos
427 757 607 811 omnia
637 758 801 823 bona,
827 774 948 828 quae
963 773 1064 827 ego
1086 759 1300 813 locutus
1321 773 1442 812 sum
1467 772 1630 827 super
1649 771 1765 812 eos.

171 851 269 904 $3.
298 849 368 904 Et
399 850 826 918 possidebuntur
849 853 916 919 >ε<
947 849 1126 903 adhuc
1146 849 1260 920 agri
1305 848 1360 902 in
1397 857 1540 904 terra
1573 849 1677 903 hac
1715 847 1766 916 ζ,

173 955 346 1007 quam
389 948 445 992 tu
490 940 628 994 dicis
661 957 674 992 :
710 939 788 1009 (ιι)
827 954 936 993 nou
981 939 1166 1009 pervia
1211 948 1294 994 est
1333 940 1403 993 ab
1454 940 1677 994 homine
1715 948 1769 994 et

171 1029 398 1093 bestiis,
438 1038 493 1084 et
554 1030 733 1084 traditi
811 1041 938 1086 sunt
1001 1031 1056 1084 in
1114 1045 1312 1086 manus
1363 1029 1764 1086 Chaldaaorum.

171 1121 268 1176 44.
301 1122 382 1192 (2:)
412 1120 586 1192 Agros
620 1125 676 1176 in
712 1132 938 1192 argento
957 1123 1332 1192 possidebunt.
1364 1122 1438 1193 (y)
1470 1123 1536 1178 Et
1560 1124 1766 1179 scribes

172 1214 230 1267 in
270 1214 434 1279 libro,
464 1223 518 1268 et
544 1215 889 1284 obsignabis,
925 1216 998 1285 (κ)
1034 1225 1088 1270 et
1118 1215 1306 1271 testari
1329 1215 1494 1272 facies
1519 1226 1686 1273 testes
1711 1219 1765 1273 in

171 1317 324 1360 terra
350 1306 653 1375 Benjamin,
691 1316 743 1361 et
777 1307 830 1361 in
865 1308 1096 1362 circuitu
1141 1306 1465 1375 Jerusalem,
1492 1319 1546 1363 et
1577 1311 1630 1364 in
1675 1325 1765 1364 ur-

171 1399 340 1454 bibus
370 1398 543 1462 Judae,
569 1408 624 1454 et
647 1401 698 1454 in
723 1401 952 1455 urbibus
980 1402 1202 1462 lllOlItiS,
1232 1410 1286 1456 et
1329 1402 1382 1456 in
1424 1403 1655 1457 urbibus
1688 1402 1764 1473 (a)

177 1490 446 1562 Saphilae,
479 1502 533 1548 et
567 1494 620 1548 in
647 1495 875 1549 urbibus
900 1493 1179 1565 (b)Nagih;
1202 1494 1330 1564 quia
1359 1505 1671 1550 convertam
1692 1495 1762 1566 (ο)

171 1583 606 1654 demigrationes
640 1599 853 1648 eorum,
880 1585 1010 1639 dicit
1044 1587 1324 1641 Dominus.

244 1678 382 1746 Cap.
410 1677 645 1730 XXXIII.
675 1709 746 1718 —
771 1680 821 1733 I.
847 1677 914 1731 Et
940 1677 1140 1733 factum
1171 1689 1256 1735 est
1295 1680 1518 1733 verbum
1550 1679 1760 1734 Domini

1873 481 1944 534 sit
1978 480 2254 544 habitans,
2285 489 2339 534 et
2363 489 2422 535 ut
2459 496 2566 535 non
2601 482 2720 552 sit:
2759 484 2952 552 bestia,
2988 485 3073 541 11.
3099 503 3204 542 vox
3239 489 3449 558 gaudii,

1871 582 1925 626 et
1953 589 2058 628 vox
2085 573 2301 641 thitiae,
2329 589 2435 628 vox
2489 576 2698 644 sponsi,
2735 586 2786 632 et
2824 593 2929 632 vox
2959 594 3195 649 sponsae,
3229 597 3336 636 vox
3362 582 3449 636 di-

1871 667 2110 721 centium
2137 685 2150 722 :
2183 666 2530 723 Confitemini
2557 667 2788 723 Domino
2814 670 2882 738 (a)
2909 672 3292 742 omnipotenti,
3320 674 3449 742 quia

1871 759 2019 814 mitis
2054 758 2339 820 Dominus.
2371 761 2498 831 quia
2530 762 2584 816 in
2619 762 2876 817 smeulum
2896 763 3267 818 misericordia
3303 765 3444 834 ejus.

1871 854 1936 922 (ι)
1969 852 2298 925 lnferent(u)
2313 853 2491 908 laudis
2523 854 2577 908 in
2593 854 2813 909 domum
2851 854 3063 911 Domini
3092 859 3250 926 :quia
3283 859 3448 913 redu-

1869 962 1987 1002 cam
2006 948 2454 1017 demigrationem
2478 955 2637 1004 terra:
2663 949 2832 1014 illius,
2847 950 3002 1017 juxta
3026 951 3077 1004 id
3099 951 3244 1021 quod
3263 961 3446 1016 antea,

1867 1039 2004 1092 dixit
2044 1039 2327 1094 Dominus.
2360 1040 2447 1095 12.
2467 1039 2556 1095 Sic
2583 1041 2721 1096 dixit
2750 1041 3015 1098 Dominus
3042 1043 3301 1098 virtutum
3327 1045 3443 1113 (as):

1867 1130 2003 1196 Quia
2039 1141 2200 1185 erunt
2233 1134 2300 1200 Χ
2333 1131 2384 1185 in
2433 1132 2555 1186 loco
2597 1133 2700 1187 hoc
2745 1133 2994 1197 deserto,
3038 1142 3232 1189 utnon
3287 1135 3357 1189 sit
3379 1139 3447 1204 »ᾖ

1868 1222 2054 1286 homo,
2072 1234 2127 1278 et
2160 1224 2338 1279 bestia
2361 1223 2409 1292 ζ,
2430 1232 2483 1279 et
2512 1224 2565 1278 in
2602 1225 2857 1279 omnibus
2887 1225 3116 1281 urbibus
3142 1226 3264 1294 ejus
3293 1226 3450 1280 habi-

1869 1315 2049 1368 tacula
2084 1323 2364 1384 pastorum
2422 1317 2692 1370 accubare
2739 1314 3054 1370 facientium
3105 1332 3318 1387 greges.
3357 1317 3446 1372 15.

1867 1398 1923 1452 In
1949 1401 2176 1456 urbibus
2209 1412 2505 1467 montanae,
2535 1415 2589 1458 et
2631 1404 2683 1458 in
2731 1404 2961 1459 urbibus
2996 1406 3073 1477 (y)
3104 1405 3358 1476 Sapbilae,
3393 1415 3450 1462 ct

1867 1492 1920 1544 in
1951 1493 2181 1548 urbibus
2221 1494 2294 1562 (χ)
2327 1493 2530 1564 Nagib,
2559 1505 2614 1549 et
2651 1496 2703 1548 in
2751 1503 2895 1551 terra
2946 1495 3254 1567 Benjamin,
3289 1507 3344 1554 et
3389 1500 3446 1554 in

1867 1583 1954 1647 iis,
1985 1600 2108 1652 qua:
2143 1585 2196 1638 in
2228 1587 2460 1640 circuitu
2496 1585 2820 1650 Jerusalem,
2847 1587 2979 1641 etin
3014 1587 3242 1642 urbibus
3271 1587 3444 1644 Judae.

1866 1678 2058 1732 Adhuc
2101 1680 2414 1735 transibunt
2453 1680 2530 1751 (a)
2569 1695 2701 1736 oves
2751 1696 2914 1750 super
2971 1697 3194 1736 manum
3247 1698 3446 1738 nume-

172 1766 246 1821 ad
262 1766 554 1822 Jeremiam
585 1771 846 1834 secundo,
869 1771 1159 1826 etilleerat
1179 1773 1357 1828 adhuc
1377 1773 1453 1842 (ά)
1475 1774 1687 1831 vinctus
1705 1775 1756 1828 in
1794 1746 1834 1800 Β
1867 1772 2059 1836 rantis,
2105 1770 2242 1826 dixit
2298 1746 2586 1827 Dominus.
2624 1772 2712 1826 14.
2747 1746 2834 1840 Χ-
2855 1773 2994 1827 Ecce
3031 1773 3148 1828 dies
3194 1773 3443 1839 veniunt,

170 1860 318 1914 atrio
360 1862 618 1925 carceris,
655 1861 890 1917 dicens:
927 1863 982 1916 2.
1022 1861 1116 1917 Sic
1171 1861 1310 1917 dixit
1353 1863 1640 1933 Dominus,
1665 1865 1758 1936 qui

171 1954 303 2008 fecit
322 1955 394 2022 (ε)
420 1963 643 2017 terram,
674 1957 740 2022 3K
763 1954 1028 2010 Dominus
1063 1955 1111 2023 ζ,
1142 1965 1196 2011 et
1222 1955 1476 2012 formavit
1517 1974 1660 2018 eam.
1704 1971 1761 2015 ut

168 2045 412 2115 erigeret
441 2060 592 2111 eam;
627 2044 895 2102 Dominus
943 2061 1141 2100 nomen
1169 2046 1218 2100 ei
1251 2066 1263 2100 :
1293 2047 1344 2101 5.
1374 2047 1442 2116 (Ῑ)
1475 2047 1662 2103 Clama
1691 2051 1757 2104 ad

171 2151 284 2200 me,
310 2145 366 2191 et
385 2138 726 2206 respondebo
753 2137 872 2201 tibi,
903 2145 958 2192 et
989 2138 1326 2193 annuntiabo
1357 2139 1454 2193 tibi
1485 2155 1680 2209 magna
1705 2147 1758 2194 et

171 2227 360 2292 fortia,
384 2244 508 2297 qua:
534 2244 642 2281 non
667 2229 810 2282 nosti
834 2244 921 2282 ea.
955 2231 1008 2283 4.
1033 2227 1172 2295 Quia
1198 2231 1278 2284 sic
1307 2228 1447 2283 dixit
1493 2230 1758 2286 Dominus

168 2319 320 2376 Deus
373 2319 587 2375 lsraelis
611 2321 677 2375 de
728 2322 983 2376 domibus
1019 2322 1169 2376 urbis
1208 2323 1392 2391 hujus,
1420 2322 1561 2376 etde
1593 2323 1757 2377 domo

167 2412 317 2480 regis
347 2410 518 2473 Judae,
549 2428 668 2481 quae
697 2411 989 2466 destructa:
1033 2421 1162 2466 sunt
1201 2411 1276 2482 (g)
1313 2411 1382 2466 ad
1435 2410 1661 2476 fossam,
1702 2421 1757 2466 et

169 2504 240 2556 ad
275 2505 342 2573 (')
377 2504 780 2574 propugnacula
812 2505 866 2559 5.
902 2506 968 2571 )t(
997 2519 1186 2558 eorum
1221 2543 1267 2570 ,,
1304 2505 1397 2574 qui
1426 2506 1652 2582 veniunt
1687 2505 1754 2559 ad

169 2596 524 2663 pugnandum
570 2597 831 2650 adversus
888 2593 1194 2661 Chaldaeos,
1229 2605 1282 2650 et
1311 2595 1377 2649 ad
1417 2597 1752 2665 implendum

168 2700 268 2740 eos
305 2686 379 2755 (Ιι)
412 2686 643 2740 mortuis
695 2686 1002 2751 hominum,
1049 2703 1188 2757 quos
1215 2687 1387 2742 occidi
1413 2689 1466 2741 in
1492 2688 1570 2742 ira
1609 2703 1751 2754 mea,

166 2787 224 2830 et
248 2777 304 2831 in
331 2775 518 2831 furore
567 2792 687 2831 meo
713 2796 726 2831 :
754 2776 815 2847 (i)
846 2786 901 2832 et
940 2779 1109 2833 averti
1143 2778 1335 2832 faciem
1378 2794 1554 2833 meam
1585 2778 1654 2833 ab
1673 2779 1754 2834 eis

166 2884 269 2940 pro
297 2870 556 2924 omnibus
591 2870 813 2924 malitiis
849 2885 1062 2924 eorum.
1089 2869 1142 2924 6.
1169 2871 1238 2940 (It)
1265 2871 1401 2926 Ecce
1434 2887 1534 2942 ego
1563 2887 1754 2926 ascen-

166 2963 302 3015 dere
334 2961 529 3018 faciam
553 2963 600 3016 ei
628 2972 807 3016 notam
836 2962 1158 3030 impressam
1183 2965 1292 3034 (“),
1313 2964 1744 3030 etcurationem,

166 3063 224 3109 et
245 3056 458 3109 sanabo
477 3071 592 3118 eos,
641 3065 692 3108 et
726 3056 1076 3111 manifestum
1119 3055 1317 3110 faciam
1351 3056 1433 3112 eis
1464 3057 1533 3125 ὴ(
1560 3058 1622 3127 (ι)
1649 3074 1750 3113 au-
1781 3087 1824 3143 α

166 3147 286 3201 dire
310 3147 334 3216 ζ
356 3161 542 3216 pacem
587 3159 641 3202 et
686 3146 848 3202 fidem
881 3166 895 3203 :
932 3149 982 3203 7.
1018 3159 1071 3203 et
1090 3149 1347 3203 reducam
1401 3150 1746 3219 demigratio-

169 3254 294 3293 nem
357 3239 531 3304 Judae,
573 3249 630 3294 et
671 3241 1120 3310 demigrationem
1177 3240 1274 3312 (m)
1311 3239 1648 3308 Jerusalem,
1699 3249 1752 3296 et

166 3331 453 3384 aedificabo
482 3346 577 3384 eos
613 3331 753 3384 sicut
802 3331 1102 3400 antiquitus
1128 3349 1141 3385 :
1169 3331 1222 3385 8.
1249 3341 1305 3385 et
1330 3332 1606 3386 mundabo
1655 3347 1750 3388 eos

166 3420 238 3474 ab
281 3421 540 3475 omnibus
595 3421 972 3489 iniquitatibus
1033 3437 1246 3490 eorum,
1305 3424 1505 3491 quibus
1553 3438 1749 3492 pecca-

168 3521 303 3567 runt
355 3513 522 3579 mihi,
575 3513 653 3584 (η)
681 3522 736 3568 et
758 3529 865 3568 non
910 3513 1239 3570 recordabor
1261 3523 1608 3584 peccatorum
1655 3529 1751 3570 eo-

167 3619 317 3668 rum,
383 3606 584 3674 quibus
640 3617 940 3676 peccarunt
1010 3606 1167 3669 mihi,
1217 3619 1270 3663 et
1324 3616 1672 3663 recesserunt
1718 3623 1750 3662 a

165 3713 277 3752 me.
323 3699 374 3754 9.
421 3699 484 3752 Et
536 3700 641 3752 erit
698 3699 831 3752 mihi
877 3698 949 3768 (a)
996 3699 1050 3753 in
1101 3701 1373 3764 laetitiam,
1427 3710 1481 3755 et
1529 3701 1583 3754 in
1635 3701 1752 3754 lau-

166 3791 314 3857 dem,
341 3792 419 3862 (p)
459 3802 512 3847 et
541 3792 592 3846 in
634 3793 1092 3862 magnificentiam
1139 3793 1287 3848 omni
1330 3795 1532 3864 populo
1564 3803 1746 3861 terrae,

165 3885 262 3952 qui
288 3885 510 3939 audient
551 3887 734 3939 omnia
767 3887 931 3950 bona,
969 3902 1091 3954 quze
1118 3902 1219 3955 ego
1253 3886 1450 3941 faciam
1487 3891 1555 3958 >κ
1579 3889 1660 3944 eis
1697 3888 1746 3956 ζ,

166 3977 240 4045 (τι)
265 3977 622 4043 ettimebunt,
639 3985 691 4031 ct
715 3979 1080 4034 amaritudine
1107 3979 1417 4034 afficientur
1449 3996 1548 4050 pro
1571 3981 1751 4036 omni-

166 4070 272 4123 bus
300 4069 480 4133 bonis,
511 4077 565 4122 et
595 4085 693 4137 pro
729 4072 874 4124 omni
910 4086 1063 4140 pace,
1087 4086 1250 4140 quam
1280 4087 1382 4140 ego
1413 4071 1606 4126 faciam
1644 4072 1746 4127 eis.

166 4161 255 4214 10.
278 4159 370 4214 Sic
400 4160 539 4214 dixit
571 4159 834 4216 Dominus
859 4184 868 4215 :
889 4162 1080 4217 Adhuc
1112 4163 1365 4217 audietur
1399 4163 1452 4216 in
1483 4163 1603 4218 loco
1622 4164 1747 4230 hoc,

164 4251 231 4305 de
265 4266 378 4319 quo
406 4265 502 4305 vos
559 4251 740 4306 dicitis
793 4255 1043 4307 desertus
1087 4261 1167 4307 est
1220 4253 1289 4307 ab
1335 4253 1648 4308 hominibus
1697 4263 1750 4306 et

165 4341 429 4412 iumentis
477 4341 528 4395 in
571 4343 798 4398 urbibus
841 4342 1013 4407 Iuda},
1056 4343 1126 4414 (ι’)
1153 4352 1208 4398 et
1247 4343 1383 4400 foris
1418 4343 1746 4410 Jerusalem,

239 4523 310 4588 (ε)
339 4522 431 4586 Α.,
466 4521 548 4582 8.,
603 4524 656 4576 in
711 4525 960 4579 veritate.

167 4603 218 4645 et
254 4593 451 4646 bestia.

167 4663 400 4718 buntur.
477 4662 674 4730 (z)‘.4.,

168 4733 442 4807 meridici.
499 4733 742 4807 ΝΑΓΕΒ.
805 4735 876 4807 (c)
973 4738 1062 4800 A.,
1107 4737 1544 4807 conversionem.

1654 4739 1732 4804 (d)
1793 4738 1881 4800 Α..
1915 4737 2187 4790 detentus.

1863 1865 1992 1919 dicit
2041 1863 2328 1925 Dominus,
2367 1874 2420 1919 et
2471 1865 2680 1934 erigam
2717 1865 2942 1918 verbum
2984 1879 3165 1919 meum
3215 1864 3442 1929 bonum,

1864 1955 2008 2025 quod
2042 1955 2258 2010 locutus
2299 1971 2419 2010 sum
2479 1971 2644 2024 super
2673 1956 2894 2009 domum
2929 1955 3163 2020 lsraelis,
3201 1964 3254 2010 et
3280 1970 3444 2025 super

1860 2045 2082 2099 domum
2134 2043 2306 2100 Judaa.
2352 2045 2438 2098 15.
2479 2042 2535 2097 In
2579 2045 2767 2099 diebus
2824 2045 2950 2109 illis,
2999 2053 3053 2098 et
3098 2045 3150 2098 in
3198 2053 3444 2113 tempore

1862 2138 1954 2192 illo
1982 2137 2054 2209 (ὁ)
2086 2137 2395 2208 germinare
2432 2137 2626 2191 faciam
2665 2135 2852 2190 Davidi
2875 2138 3181 2206 (c)germen
3207 2136 3440 2206 justum,

1862 2232 1938 2303 (d)
1971 2247 2094 2286 cum
2137 2231 2382 2285 facturus
2439 2245 2561 2285 sum
2619 2229 2888 2298 judicium
2946 2237 3002 2283 et
3054 2229 3324 2299 justitiam
3382 2230 3438 2285 in

1860 2333 2004 2377 terra
2039 2322 2088 2390 ζ.
2126 2323 2214 2375 16.
2262 2320 2318 2374 In
2367 2321 2561 2375 diebus
2615 2321 2724 2376 illis
2752 2320 3066 2389 fsalvabitur
3120 2319 3342 2386 Judaea,
3386 2329 3443 2375 et

1859 2413 2160 2469 Jerusalem
2196 2413 2463 2468 habitabit
2495 2414 2796 2479 conlidens,
2834 2422 2886 2468 et
2932 2413 3039 2467 hoc
3069 2421 3153 2468 est
3177 2412 3270 2484 (e),
3293 2414 3440 2483 quod

1859 2508 2076 2563 vocabit
2121 2521 2280 2571 eum,
2326 2506 2589 2560 Dominus
2639 2506 2854 2576 justitia
2907 2514 3117 2561 nostra.
3167 2506 3255 2559 17.
3295 2505 3436 2572 Quia

1858 2599 1976 2652 haec
2016 2596 2154 2652 dicit
2201 2596 2465 2651 Dominus
2495 2613 2508 2650 :
2538 2595 2650 2649 Non
2705 2594 2976 2649 dclehitur
3013 2593 3201 2647 Davidi
3230 2594 3313 2648 vir
3352 2609 3441 2648 se-

1855 2692 1992 2746 dens
2043 2706 2207 2760 super
2242 2691 2440 2744 throno
2492 2688 2690 2743 domus
2745 2687 2985 2742 lsraelis.
3028 2686 3117 2740 18.
3155 2685 3222 2740 Ει
3257 2701 3441 2740 sacer-

1856 2782 2078 2837 dotibus
2115 2780 2319 2836 Levitis
2365 2795 2474 2835 non
2523 2778 2792 2834 delebitur
2835 2777 2919 2831 vir
2960 2777 3030 2832 ab
3067 2785 3193 2830 ante
3239 2774 3436 2830 faciem

1857 2891 2056 2941 meam,
2087 2873 2324 2928 offerens
2366 2871 2710 2934 holocausta,
2743 2870 2812 2940 (f)
2837 2879 2892 2924 et
2917 2869 3236 2925 sacrificans
3267 2869 3441 2922 sacri-

1859 2965 2064 3031 ficium,
2115 2975 2170 3019 et
2209 2964 2416 3018 faciens
2458 2963 2678 3017 incensa
2715 2961 2974 3017 omnibus
3005 2955 3220 3013 diebus.
3252 2958 3337 3013 l9.
3372 2956 3441 3012 Et

1857 3058 2064 3113 facttnn
2111 3067 2194 3113 est
2229 3057 2455 3111 verbum
2487 3054 2700 3108 Domini
2744 3053 2812 3108 ad
2851 3052 3170 3116 Jeremiam,
3209 3051 3436 3105 dicens:

1857 3150 1948 3205 20.
1989 3149 2114 3205 Haac
2167 3148 2302 3204 dicit
2356 3148 2624 3202 Dominus
2654 3166 2667 3201 :
2703 3149 2778 3218 (g)
2807 3144 2864 3200 Si
2921 3146 3138 3200 irritum
3199 3143 3439 3200 feceritis

1860 3241 2040 3296 foedus
2075 3257 2256 3296 memn
2304 3240 2434 3306 diei,
2482 3249 2534 3294 et
2578 3240 2755 3295 foedus
2807 3253 2988 3293 meum
3043 3235 3244 3300 noctis,
3278 3245 3338 3290 ut
3369 3251 3440 3291 ne

1860 3335 1929 3389 sit
1959 3333 2076 3388 dies
2115 3343 2169 3388 et
2211 3349 2319 3387 nox
2374 3334 2428 3388 in
2477 3344 2722 3402 tempore
2765 3347 2888 3394 suo,
2924 3331 3014 3384 Ἥ.
3051 3332 3214 3385 etiam
3260 3328 3441 3384 foedus

1858 3442 2040 3480 meum
2079 3403 2294 3480 irritum
2331 3425 2423 3479 fiet
2447 3439 2570 3478 cum
2606 3423 2830 3489 Davide,
2861 3437 3020 3476 servo
3049 3436 3195 3486 meo,
3228 3429 3289 3475 ut
3325 3436 3436 3475 non

1859 3520 1929 3574 sit
1955 3519 2003 3573 ei
2032 3518 2176 3572 filius
2234 3532 2467 3588 regnans
2509 3531 2675 3586 super
2727 3517 2920 3569 throno
2963 3513 3105 3582 ejus,
3141 3522 3194 3567 et
3233 3510 3438 3568 Levitis

1858 3610 2236 3666 sacerdotibus
2280 3608 2642 3664 servientibus
2681 3607 2832 3660 mihi.
2875 3606 2968 3664 ‘22.
2997 3605 3154 3660 Sicut
3189 3620 3299 3660 non
3329 3622 3436 3660 nu-

1859 3703 2160 3758 merabitur
2191 3702 2264 3772 (h)
2294 3709 2534 3771 potestas
2559 3699 2703 3762 caeli,
2721 3714 2821 3753 nec
2838 3698 3245 3753 mensurabitur
3267 3713 3436 3754 arena

1858 3794 2058 3858 maris;
2098 3795 2169 3848 ita
2211 3791 2584 3861 multiplicabo
2623 3806 2806 3845 semen
2844 3789 3084 3853 Davidis.
3125 3791 3269 3846 servi
3303 3793 3433 3856 mei,

1858 3901 1910 3944 et
1941 3887 2153 3943 Levitas
2202 3886 2502 3941 servientes
2545 3883 2700 3938 mihi.
2730 3883 2822 3937 25.
2855 3883 2919 3936 Et
2950 3881 3151 3936 factum
3193 3896 3278 3939 est
3308 3899 3435 3938 ver-

1861 3979 1987 4032 bum
2043 3977 2255 4030 Domini
2298 3977 2363 4030 ad
2392 3974 2706 4037 Jeremiam,
2757 3972 2947 4027 dicens
2976 3973 3100 4026 :24.
3129 3970 3323 4027 Nonne
3354 3975 3436 4026 vi-

1857 4071 2018 4136 disti,
2067 4071 2196 4137 quid
2265 4068 2498 4138 populus
2559 4066 2649 4120 hic
2708 4064 2876 4119 locuti
2940 4065 3086 4118 sint?
3138 4065 3431 4120 dicentes:

1858 4163 1979 4218 dnze
2015 4163 2075 4232 (i)
2105 4161 2344 4226 familiae,
2372 4175 2510 4230 quas
2531 4157 2691 4228 elegit
2725 4156 3007 4220 Dominus,
3043 4156 3207 4209 etiam
3239 4157 3437 4226 repulit

1858 4267 1952 4306 eas
1983 4271 1995 4306 :
2031 4259 2085 4304 et
2113 4249 2370 4320 populum
2435 4263 2614 4300 meum
2677 4246 2982 4306 irritarunt,
3017 4243 3088 4313 (k)
3125 4254 3184 4298 ut
3224 4260 3330 4298 non
3365 4246 3437 4298 sit

1860 4341 2095 4411 amplius
2129 4356 2262 4411 gens
2303 4353 2487 4392 coram
2545 4337 2649 4390 eis.
2677 4335 2766 4389 25.
2800 4333 2926 4388 Haec
2968 4335 3102 4388 dicit
3132 4333 3432 4388 Dominus:

1071 4525 1132 4596 (ι)
1186 4525 1503 4601 Virtutum,
1531 4527 1685 4601 Deus
1735 4527 1977 4601 Israelis.
2050 4523 2129 4601 (ιι)
2158 4524 2247 4601 A__._,
2287 4522 2374 4585 8.,
2405 4521 2564 4601 depra

1934 4542 1977 4601 ς.
2050 4523 2129 4601 (_u)
2158 4524 2247 4601 A__._,
2287 4522 2374 4585 8.,
2405 4521 2696 4601 depravata
2733 4527 2929 4601 est,_u_t
2970 4535 3076 4572 non
3115 4516 3427 4601 sit_homo,

556 4595 634 4668 (ῳ)
664 4593 860 4658 .4.,8.,
898 4597 1034 4668 agri
1080 4589 1304 4665 argento
1363 4589 1800 4664 possidebuntur.
1911 4597 1987 4668 (ῃ)
2040 4635 2049 4650 .

1938 4598 1987 4668 y)
2179 4593 2395 4668 Th.,_et
2440 4589 2748 4668 scribentur
2775 4589 2827 4642 in
2856 4589 3029 4668 libro,
3077 4590 3431 4668 etnoh‘sign’a-

745 4677 798 4720 et
845 4667 1247 4720 adhibebumur
1298 4676 1462 4721 testes
1521 4671 1571 4722 in
1613 4667 1962 4723 testimoniis.

2654 4659 2737 4724 8.,
2774 4658 3048 4728 profundi.
3105 4659 3178 4727 (ὁ)
3219 4657 3315 4720 11.,
3346 4657 3430 4723 8.,

2057 4665 2130 4734 (a)
2173 4665 2263 4729 A.,
2294 4662 2561 4734 humilis.

2778 4729 2844 4796 (Γ)
2879 4729 2974 4794 Α.,
3025 4743 3154 4781 voca
3203 4729 3268 4782 ad
3322 4745 3430 4790 me,

2255 4732 2349 4799 .(e)
2417 4732 2508 4793 A..
2541 4746 2682 4785 eam.

167 4803 570 4882 etaudiamte.
637 4806 724 4882 “(g)
760 4798 1095 4882 Ail'mulntn,
1133 4806 1508 4882 (')‘etomnem
1533 4808 1654 4882 glad

2487 4799 2906 4882 propugnaculo.
2983 4798 3056 4868 (Ιι)
3085 4802 3175 4880 Α..
3201 4799 3430 4882 cadave-

170 4875 350 4947 ribus.
429 4873 493 4941 (i)
512 4877 601 4947 Α..
629 4871 714 4940 SI,
741 4886 793 4929 et
811 4877 1103 4932 occultavi.
1140 4871 1148 4875 Ἴ
1178 4871 1252 4945 (Ic)
1280 4877 1415 4931 Ecce
1439 4871 1744 4947 ego'tollam
1768 4879 1836 4932 ab
1857 4871 2200 4947 e'a'glatlinm.
2280 4873 2373 4947 (“)⁸
2394 4871 2435 4925 l.
2453 4888 2527 4937 e.,
2545 4887 2608 4947 ex
2632 4884 2748 4947 mea
2772 4871 3428 4947 conject]raucicatricern.

174 4940 494 5022 {Voroerggn
519 4944 582 5013 (ι)
602 4947 692 5005 Α.,
716 4947 1053 5022 sanationem
1081 4940 1250 5022 pacis,
1280 4940 1612 5003 etverifatis.
1639 4947 1895 5022 Scholion
1916 4940 2038 5022 :Est
2061 4945 2236 5022 oratio
2258 4940 2408 5012 pacis
2429 4950 2482 4995 et
2501 4940 2785 5022 veritatis.’
2827 4940 2934 5022 (ηδ)
2954 4940 3045 5022 Α.)
3073 4940 3158 5020 β..
3189 4940 3365 5022 lsriwl

1823 5017 2034 5093 (o).A.,_
2056 5011 2145 5093 S.._
2172 5014 2226 5066 in
2260 5009 2458 5093 nomen
2489 5011 2703 5093 gaudii.
2768 5009 2842 5078 (p)
2871 5011 2958 5068 Α..
2980 5017 3038 5090 .et
3072 5009 3122 5093 in
3151 5009 3434 5093 gloriatio-

171 5017 251 5081 (ιι)
290 5016 384 5076 Α.,
411 5013 550 5086 _le.,
575 5025 630 5068 et
663 5017 988 5070 contlonabo
1042 5013 1225 5070 omnia
1270 5027 1492 5086 peccata
1531 5035 1743 5072 eorum.

170 5099 319 5136 nem.
401 5084 474 5153 (ᾳ)
507 5086 593 5147 Α.,
618 5097 670 5139 et
707 5087 996 5146 timebunt,
1032 5097 1085 5140 et
1129 5084 1515 5142 turbabuntur.

171 5153 462 5214 virtutum,
504 5156 628 5221 quia
683 5157 879 5209 bonus.

169 5221 302 5275 Pro.

171 5293 514 5347 efﬂorescere
542 5294 755 5349 faciam.

384 5224 460 5294 (π)
508 5223 651 5296 Dyus
710 5223 975 5296 Israelis.'
1027 5227 1214 5296 (y)A.,
1251 5228 1491 5281 humilis.
1549 5223 1654 5289 ~8.,
1697 5226 1972 5296 profundi.

835 5297 902 5371 (ε)
929 5294 1249 5371 δημότιιιθη
1274 5294 1748 5371 justitiamfacie}.
1793 5297 1903 5371 Δ((1)
1933 5296 1997 5348 Ει
2025 5294 2200 5348 faciet.
2262 5294 2328 5371 _(e

1321 5294 1748 5371 istitiamfacie}.
1793 5297 1903 5371 Δ((1)
1933 5296 1997 5348 Et
2025 5294 2200 5348 faciet.
2262 5294 2602 5371 _(e)N_omen.
2684 5294 2750 5359 (Ῑ)

174 5365 247 5432 (g)
287 5365 378 5424 Α..
412 5367 456 5418 si
489 5366 702 5417 irritum
740 5361 978 5422 feceritis
1014 5361 1192 5421 foedus
1236 5361 1414 5422 meum
1457 5368 1586 5430 diei,
1610 5378 1661 5421 et
1699 5361 2086 5422 ftedns'meum
2131 5362 2332 5417 noctis.
2408 5362 2484 5430 (Ιι)
2511 5361 2603 5426 Α.,
2635 5361 2927 5414 exercitus.

2841 4936 2934 5009 (in)
2954 4939 3045 4999 Α..
3076 4936 3158 5000 8.,
3195 4938 3429 4994 Israelis.

1595 5089 1661 5158 (ν)
1688 5079 2200 5160 78.,Aet'iu_platenis.
2278 5082 2344 5160 (a)
2386 5080 2474 5142 A.,
2505 5079 3028 5160 exercituutti,_qiiia
3070 5079 3294 5160 bonus.“
3345 5079 3382 5132 8
3415 5119 3430 5142 ,

959 5157 1133 5226 (t)A.,
1166 5158 1506 5211 affet-entiqu
1549 5149 1655 5227 pro,
1687 5149 1864 5227 laude.
1945 5149 2028 5217 8.,
2063 5152 2412 5227 inferentium
2450 5151 2749 5227 gratiarum
2797 5150 3059 5227 actiones.
3139 5150 3218 5220 (α)
3245 5149 3430 5227 Dona.

2054 5226 2127 5292 (κ)
2165 5225 2254 5289 A.,
2292 5222 2497 5292 austri.
2576 5222 2652 5290 (a)
2682 5222 2767 5292 Α..
2811 5221 3157 5292 δηλωθερξ.
3235 5220 3308 5292 (ὁ)
3339 5220 3430 5282 Α..

2281 5291 2348 5360 (e)
2371 5288 2602 5344 Nomen.
2635 5288 2641 5290 “
2684 5290 2750 5359 (Ῑ)
2787 5290 2878 5355 Α.,
2913 5288 2996 5348 8..
3019 5289 3178 5360 adole
3203 5288 3430 5342 vs‘dona.

3006 5357 3092 5424 8.,
3123 5363 3289 5414 acies.
3369 5360 3432 5430 (ἱ)

171 5436 268 5496 Α.,
293 5435 812 5505 consanguinitates.
893 5437 966 5507 (Ιί)
998 5438 1084 5502 8.,
1119 5437 1192 5490 ita
1240 5447 1300 5491 ut
1335 5455 1443 5492 non
1481 5443 1552 5493 sit
1586 5454 1664 5492 am

504 5435 812 5505 guinitates.
893 5437 966 5507 (Ιί)
998 5438 1084 5502 8.,
1119 5437 1192 5490 ita
1240 5447 1300 5491 ut
1335 5455 1443 5492 non
1481 5443 1552 5493 sit
1586 5439 1820 5507 amplius
1860 5451 1992 5507 gens

248 5545 314 5615 (')
338 5543 458 5600 Vox
491 5548 699 5603 codicis
731 5556 950 5612 suum,
981 5563 1088 5601 non
1113 5548 1335 5612 mulum,
1371 5545 1465 5602 sed
1502 5549 1674 5602 mulas
1719 5545 2008 5617 significat.
2053 5541 2258 5596 Textus
2285 5555 2414 5596 vero
2443 5538 2606 5596 llebr.
2648 5555 2808 5610 quem
2844 5539 2959 5595 haec
2997 5548 3158 5606 nota,
3193 5549 3252 5594 ut
3286 5540 3436 5595 vide-

176 5660 290 5726 tur,
323 5653 585 5707 exhibere
619 5655 778 5717 \'tllt.,
818 5653 972 5717 fert.,
997 5669 1231 5726 aggeres.
1274 5653 1494 5726 Syriacc
1519 5643 1716 5722 sima,
1747 5651 2008 5719 cumulos,
2041 5647 2412 5720 reponendum
2443 5649 2801 5721 suspicamur.
2834 5645 2933 5704 Hic
2953 5646 3098 5703 enim
3153 5646 3282 5720 quid
3327 5647 3432 5704 sibi

176 5723 346 5778 velint
383 5726 542 5779 mula:
579 5725 796 5782 dillicile
833 5726 1004 5781 dictu.
1043 5723 1239 5778 Drach.
