3782 6222
335 264 484 323 2559

1520 257 1742 313 consx
1787 229 2459 314 SYRD-HEXAPLARIS.

3461 251 3623 310 2360

336 399 396 455 Si
429 399 493 471 (ι)
530 395 708 454 foedus
741 410 925 451 meum
971 394 1079 450 diei
1126 402 1181 449 et
1230 393 1430 458 noctis,
1475 401 1678 449 statuta
1711 396 1833 450 cmli
1869 404 1923 450 et
1954 403 1994 458 Α
2027 395 2190 448 miam
2244 409 2273 448 a
2321 392 2574 456 Domino,
2615 392 2804 446 dicens
2839 409 2853 444 :
2903 391 2989 446 15.
3035 389 3129 445 Sic
3159 390 3300 445 dixit
3336 390 3623 446 Dominus

337 501 497 547 terra!
547 505 654 544 non
704 488 975 550 ordinavi,
1014 486 1105 541 26.
1157 487 1322 540 etiam
1366 502 1549 542 semen
1605 487 1832 551 Jacobi,
1867 498 1922 543 et

338 582 582 648 Davidis,
623 582 767 637 servi
802 581 933 643 mei,
964 579 1290 649 reprobabo,
1323 587 1384 632 ut
1431 593 1539 632 non
1595 594 1808 633 sumam
1854 596 1921 634 ex

336 676 545 730 semine
595 673 716 743 ejus
770 672 1069 743 principem
1122 671 1187 724 ad
1249 685 1435 724 semen
1499 671 1816 732 Abral‘iami,
1867 677 1921 725 et

335 761 543 829 lsaaci,
588 771 644 816 et
676 761 899 826 Jacobi;
947 762 1077 830 quia
1137 767 1450 814 convertam
1507 763 1919 816 conversionem

334 868 548 918 eorum,
579 864 634 908 et
659 853 958 907 miserebor
979 867 1194 907 eorum.

407 944 540 1012 Cap.
589 943 906 997 XXXIV.——-
930 945 981 996 1.
1012 941 1274 1005 Verbum,
1306 943 1448 1011 quod
1488 940 1687 1012 factum
1722 951 1806 998 cst
1844 946 1911 997 ad

336 1033 624 1090 Jeremiam
647 1051 677 1089 a
711 1035 937 1087 Domino
963 1053 974 1087 :
1009 1043 1060 1087 et
1086 1031 1586 1087 Nabuchodonosor
1603 1051 1692 1088 rex
1732 1035 1908 1104 Baby-

339 1127 504 1189 lonis,
540 1137 594 1182 et
637 1128 820 1181 omnia
869 1134 1052 1182 castra
1112 1128 1261 1195 ejus,
1318 1135 1372 1179 et
1410 1127 1591 1180 omnis
1627 1127 1722 1197 (m)
1775 1138 1920 1182 terra

339 1220 676 1289 principatus
708 1222 773 1288 Χ
802 1234 994 1273 manus
1027 1218 1048 1286 1
1089 1219 1232 1287 ejus,
1275 1227 1330 1273 et
1372 1234 1565 1273 omnes
1596 1220 1782 1288 populi
1821 1235 1923 1289 pu-

339 1313 580 1382 gnabant
615 1327 779 1380 super
835 1310 1163 1378 Jerusalem,
1207 1319 1262 1366 et
1298 1327 1463 1381 super
1525 1327 1717 1366 omnes
1759 1312 1923 1366 urbes

337 1400 511 1468 Judaa,
541 1403 729 1457 dicens
760 1421 773 1458 :
805 1403 860 1456 2.
898 1401 988 1457 Sic
1023 1403 1162 1457 dixit
1200 1402 1467 1458 Dominus
1497 1403 1638 1459 Deus
1661 1405 1875 1458 lsraelis
1903 1421 1918 1458 :

339 1489 508 1556 Vade,
540 1492 608 1559 Χ
645 1492 732 1546 die
773 1491 794 1560 1
827 1492 894 1546 ad
931 1492 1217 1546 Sedeciam
1246 1507 1428 1562 regem
1473 1491 1648 1558 Judm,
1683 1501 1735 1546 et
1771 1492 1922 1546 dices

339 1583 389 1637 ei
420 1599 435 1635 :
471 1581 562 1638 Sic
594 1583 732 1638 dixit
759 1581 1024 1639 Dominus
1051 1603 1064 1638 :
1099 1590 1177 1653 (η)
1203 1584 1491 1640 Tradendo
1525 1585 1768 1640 tradetur
1789 1585 1924 1640 urbs

340 1673 459 1730 haec
492 1674 548 1729 in
588 1691 788 1730 manus
832 1676 976 1743 regis
1019 1675 1350 1747 Babylonis:
1385 1677 1458 1747 (a)
1495 1685 1549 1731 et
1587 1677 1764 1743 capiet
1799 1691 1920 1731 eam

342 1764 418 1836 (p)
453 1765 507 1818 in
546 1765 691 1836 igne.
731 1767 784 1820 5.
813 1765 878 1820 Ει
921 1775 975 1820 tu
1020 1782 1129 1820 non
1175 1767 1374 1821 evades
1417 1781 1448 1822 e
1489 1783 1655 1821 manu
1687 1767 1832 1837 ejus,
1865 1776 1922 1822 et
1953 1749 1997 1807 Β

342 1857 608 1926 capiendo
653 1857 906 1926 capieris,
960 1866 1015 1912 et
1066 1857 1120 1912 in
1171 1872 1367 1912 manus
1416 1857 1537 1927 ejus
1574 1859 1834 1914 daberis:
1866 1867 1921 1913 et

342 1949 486 2002 oculi
523 1949 599 2001 tui
633 1948 824 2003 oculos
852 1948 924 2018 (q)
956 1949 1098 2019 regis
1138 1947 1434 2020 Babylonis
1465 1949 1745 2014 videbunt,
1778 1959 1832 2004 et
1859 1965 1922 2005 os

343 2041 464 2116 ejus
498 2057 621 2100 cum
663 2057 760 2098 ore
781 2051 875 2098 tuo
901 2043 1174 2113 loquetur,
1196 2050 1250 2097 et
1281 2044 1336 2096 in
1361 2041 1690 2114 Babylonem
1724 2043 1923 2113 ingre-

344 2139 533 2194 dieris.
561 2137 608 2190 1.
649 2134 753 2190 Sed
794 2135 921 2190 audi
979 2134 1203 2188 verbum
1259 2131 1500 2195 Domini,
1545 2133 1771 2188 Sedecia
1828 2149 1921 2186 rex

343 2231 496 2285 Juda:
523 2253 537 2284 ;
573 2229 652 2285 sic
685 2229 822 2284 dixit
855 2227 1116 2282 Dominus
1151 2228 1219 2294 Ἀ(
1249 2226 1315 2281 de
1341 2233 1396 2280 te
1427 2225 1486 2294 1:
1524 2225 1641 2280 Non
1673 2225 1923 2279 morieris

346 2325 401 2377 in
427 2323 626 2394 gladio,
653 2321 706 2376 5.
735 2321 787 2375 in
816 2335 948 2390 pace
974 2319 1226 2374 morieris
1253 2339 1266 2374 :
1289 2320 1358 2391 (r)
1397 2327 1451 2373 et
1491 2319 1633 2373 sicut
1666 2317 1922 2387 deplora-

347 2425 474 2470 runt
507 2422 688 2482 patres
728 2424 870 2474 tuos.
904 2412 997 2481 qui
1049 2421 1348 2481 regnarunt
1409 2420 1540 2465 ante
1579 2413 1648 2478 >ο<
1682 2409 1775 2478 qui
1809 2408 1925 2463 fue-

344 2515 476 2560 runt
504 2506 528 2574 1
559 2515 612 2559 te
666 2505 752 2574 (’),
789 2503 868 2558 sic
913 2502 1270 2572 deplorabunt
1303 2502 1467 2556 etiam
1523 2509 1596 2564 te,
1635 2510 1817 2568 atque,
1847 2513 1926 2553 vae

345 2595 593 2659 Domine,
623 2595 879 2665 plangent
915 2601 988 2657 te,
1015 2593 1145 2662 quia
1170 2592 1238 2664 (ε)
1264 2608 1461 2662 magna
1490 2594 1557 2660 Χ
1587 2606 1689 2660 ego
1721 2591 1743 2658 1
1774 2591 1927 2644 locu-

345 2699 592 2752 tussum,
633 2688 766 2742 dicit
787 2687 1072 2741 Dominus.
1110 2685 1165 2741 6.
1211 2684 1281 2739 Et
1307 2685 1524 2740 loeutus
1556 2696 1639 2738 est
1691 2682 1926 2738 Jeremia

343 2781 608 2851 propheta
643 2781 708 2834 ad
754 2778 1036 2834 Sedeciam
1089 2777 1272 2849 regem
1326 2775 1482 2831 Juda:
1536 2777 1720 2830 omnia
1762 2776 1925 2830 verba

344 2874 462 2929 bace
490 2874 543 2927 in
575 2854 900 2928 Jerusalem.
944 2871 996 2924 7.
1046 2868 1114 2924 Et
1139 2880 1380 2940 potestas
1435 2870 1578 2939 regis
1631 2867 1927 2939 Babylonis

344 2965 623 3036 pugnabat
664 2979 828 3032 super
885 2961 1187 3017 Jerusalem
1210 2999 1226 3025 ,
1281 2971 1337 3016 et
1383 2977 1547 3030 super
1581 2965 1646 3030 3K
1678 2978 1867 3016 omnes
1898 2962 1921 3030 1

345 3057 508 3112 urbes
537 3055 689 3110 Juda:
711 3055 982 3119 residuas,
1014 3069 1179 3123 super
1201 3051 1421 3118 Lachis,
1451 3063 1504 3108 et
1529 3069 1695 3124 super
1718 3053 1924 3121 Azeea;

343 3150 605 3218 quoniam
637 3149 720 3202 liae
747 3147 953 3201 relictae
976 3145 1202 3200 fuerunt
1225 3145 1281 3198 in
1313 3146 1544 3200 urbibus
1580 3144 1735 3200 Juda:
1760 3145 1926 3200 urbes

343 3240 589 3294 munitae.
608 3238 660 3292 8.
696 3237 952 3302 Verbum,
981 3236 1128 3307 quod
1167 3235 1370 3290 factum
1405 3245 1489 3292 est
1527 3237 1594 3292 ad
1635 3235 1928 3291 Jeremiam

345 3347 378 3386 a
403 3330 655 3396 Domino,
688 3337 980 3400 postquam
1017 3327 1082 3398 (t)
1123 3328 1528 3384 consummavit
1566 3346 1656 3383 rex
1705 3327 1929 3384 Sedecia

345 3422 525 3479 faedus
565 3437 692 3494 erga
723 3424 791 3490 Ξ(
823 3436 1040 3476 omnem
1078 3419 1102 3489 1
1139 3423 1400 3491 populum
1465 3423 1558 3492 qui
1610 3422 1664 3476 in
1706 3421 1932 3477 Jerusa-

344 3516 473 3580 lem,
507 3515 576 3569 ad
608 3514 914 3569 vocandum
965 3517 1030 3579 3K
1069 3514 1150 3569 eis
1185 3513 1208 3580 1
1245 3515 1325 3583 (ιι)
1361 3514 1754 3579 dimissionem,
1789 3514 1843 3568 9.
1874 3523 1932 3568 ut

346 3607 668 3660 amandaret
698 3605 1076 3674 unusquisque
1117 3619 1331 3659 servum
1352 3620 1536 3668 suum,
1570 3613 1624 3658 et
1657 3607 1726 3673 χ
1762 3620 1933 3660 unus-

345 3698 580 3768 quisque
634 3695 656 3764 1
704 3697 958 3752 ancillam
1008 3712 1188 3762 suam,
1224 3694 1510 3776 Hebraeum
1556 3704 1610 3750 et
1652 3695 1931 3750 liebraeam

349 3789 572 3853 liberos,
607 3790 684 3861 (at)
722 3799 782 3844 ut
811 3806 921 3844 non
961 3790 1145 3845 colant
1198 3789 1484 3844 servitium
1530 3789 1615 3842 vir
1650 3805 1715 3842 ex
1767 3788 1928 3854 Juda,

346 3882 514 3938 frater
529 3882 725 3952 )(ejus
756 3882 804 3950 1.
831 3882 917 3937 10.
947 3881 1011 3936 Ει
1033 3882 1236 3937 reversi
1264 3889 1392 3937 sunt
1417 3896 1608 3936 omnes
1625 3889 1928 3945 magnates,

345 3983 402 4030 et
429 3976 610 4030 omnis
641 3975 894 4044 populus,
935 3974 1028 4042 qui
1068 3975 1301 4044 ingressi
1357 3984 1517 4028 erant
1551 3973 1605 4026 in
1636 3970 1839 4034 fcedus,
1874 3978 1934 4024 ut

346 4068 644 4122 dimitteret
672 4068 1052 4136 unusquisque
1095 4081 1312 4122 servum
1361 4082 1520 4120 suum
1546 4074 1598 4119 et
1631 4063 1934 4134 unusquis-

349 4174 454 4229 que
502 4160 756 4213 ancillam
793 4175 973 4223 suam,
1010 4158 1297 4213 Hebraeum
1322 4168 1375 4212 et
1398 4157 1678 4213 llebrzeam
1708 4158 1932 4219 liberos,

351 4259 411 4306 ut
443 4266 551 4304 non
590 4251 836 4305 colerent
866 4250 1151 4306 servitium
1199 4251 1471 4320 amplius;
1497 4260 1550 4304 et
1582 4249 1930 4312 audiverunt,

346 4354 402 4400 et
431 4343 780 4398 dimiserunt.
828 4342 914 4396 11.
959 4341 1025 4394 Et
1058 4345 1263 4396 reversi
1297 4353 1426 4396 sunt
1448 4353 1571 4411 post
1594 4341 1711 4395 haec
1748 4339 1846 4410 (y),
1881 4349 1934 4393 et

2028 485 2169 540 Deus
2206 485 2423 541 lsraelis
2455 503 2470 539 :
2504 484 2615 554 Ego
2641 483 2890 553 disposui
2925 484 3101 538 foedus
3145 483 3214 537 ad
3259 491 3444 552 patres
3475 499 3620 535 ves-

2023 589 2139 634 tros
2170 577 2224 630 iu
2260 577 2369 640 die,
2425 590 2538 645 quo
2563 574 2636 646 (ὁ)
2671 575 2844 644 eripui
2892 589 2989 628 eos
3019 589 3084 628 ex
3117 584 3265 628 terra
3296 572 3552 644 Egypti,
3585 587 3624 627 e

2023 671 2188 726 domo
2223 669 2525 732 servitutis,
2554 668 2742 721 dicens
2773 683 2787 721 :
2818 666 2895 720 M'
2916 665 2987 735 (ε)
3010 665 3147 719 Cum
3178 666 3441 734 completi
3479 666 3619 718 fue-

2023 764 2136 817 rint
2159 777 2252 816 sex
2285 761 2434 824 anni,
2459 759 2704 814 dimittes
2731 757 2952 811 fratrem
2985 766 3142 810 tuum
3167 755 3488 820 Hebraeum,
3514 755 3622 824 qui

2024 854 2278 908 venditus
2329 851 2494 906 fuerit
2535 850 2656 914 tibi,
2706 859 2761 904 et
2791 850 3110 918 operabitur
3142 850 3242 903 tibi
3270 865 3370 904 sex
3402 864 3618 914 annos,

2025 957 2079 1003 et
2107 947 2350 1000 dimittes
2369 961 2497 999 eum
2521 945 2751 999 liberum
2775 960 2805 998 a
2837 954 2908 998 te.
2939 943 3006 997 Et
3033 960 3142 998 non
3165 945 3495 998 audiverunt
3522 959 3621 999 me

2024 1047 2205 1108 patres
2256 1036 2461 1100 vestri,
2521 1045 2575 1090 et
2622 1051 2729 1089 non
2782 1026 3120 1090 inclinarunt
3175 1051 3372 1089 aurem
3423 1051 3619 1091 suam.

2027 1131 2093 1184 15
2125 1130 2201 1199 (ά)
2230 1129 2296 1182 Ει
2330 1131 2582 1184 conversi
2622 1136 2753 1182 sunt
2779 1129 2941 1183 hodie
2965 1129 3031 1183 ad
3057 1128 3372 1184 faciendum
3395 1140 3619 1183 rectum

2024 1234 2153 1279 ante
2183 1225 2377 1279 oculos
2401 1239 2574 1289 meos,
2605 1235 2666 1277 ut
2689 1234 2908 1278 vocaret
2938 1224 3010 1294 (ε)
3033 1224 3419 1279 dimissionem
3444 1242 3620 1280 unus-

2023 1315 2257 1385 quisque
2307 1317 2544 1385 proximi
2592 1317 2677 1368 sui
2715 1333 2728 1366 :
2762 1324 2817 1370 et
2866 1328 3401 1373 consummaverunt
3427 1318 3618 1374 fmdus

2025 1417 2150 1462 ante
2206 1406 2402 1463 faciem
2462 1423 2640 1462 meam
2692 1408 2745 1460 in
2793 1408 2980 1474 domo,
3029 1424 3136 1478 qua
3174 1409 3489 1465 invocatum
3519 1421 3616 1466 est

2024 1516 2224 1555 nomen
2259 1516 2441 1555 meum
2475 1516 2642 1570 super
2671 1515 2756 1554 ea.
2795 1501 2883 1554 16.
2909 1501 2977 1554 Et
3010 1502 3211 1556 reversi
3243 1503 3401 1569 estis,
3423 1515 3477 1558 et
3499 1504 3618 1572 pol-

2024 1591 2210 1645 luistis
2242 1606 2442 1644 nomen
2475 1606 2677 1653 meum,
2710 1598 2770 1642 ut
2796 1589 2972 1643 redire
2997 1589 3203 1644 faceret
3224 1593 3613 1662 unusquisque

2027 1692 2247 1732 servum
2301 1693 2499 1742 suum,
2553 1687 2608 1731 et
2660 1679 3045 1748 unusquisque
3098 1680 3360 1734 ancillam
3425 1695 3606 1745 suam,

2024 1785 2166 1838 quos
2214 1770 2546 1824 dimiseratis
2589 1769 2791 1824 liberos
2832 1770 3031 1824 animae
3056 1785 3190 1835 suae,
3219 1781 3276 1825 et
3304 1772 3608 1841 subegistis

2024 1879 2142 1928 eos,
2178 1872 2237 1917 ut
2261 1863 2374 1917 sint
2396 1863 2552 1916 vobis
2577 1863 2630 1915 in
2663 1877 2874 1924 servos,
2902 1873 2957 1917 et
2983 1863 3036 1916 in
3061 1864 3316 1918 ancillas.
3353 1864 3440 1918 17.
3472 1865 3612 1919 Pro-

2025 1963 2146 2024 pter
2165 1954 2268 2008 hoc
2292 1953 2374 2008 sic
2397 1952 2538 2007 dixit
2566 1952 2835 2008 Dominus
2866 1973 2880 2007 :
2917 1953 3025 2009 Vos
3047 1970 3156 2008 non
3181 1955 3476 2011 audivistis
3495 1973 3608 2022 me,

2026 2055 2085 2098 ut
2130 2055 2350 2099 vocaret
2393 2045 2769 2100 dimissionem
2821 2047 3204 2117 unusquisque
3260 2050 3330 2102 ad
3383 2049 3606 2104 fratrem

2027 2151 2213 2202 suum,
2253 2145 2308 2191 et
2355 2137 2740 2207 unusquisque
2774 2139 2840 2191 ad
2888 2139 3202 2207 proximum
3247 2155 3436 2194 suum.
3472 2141 3611 2196 Ecce

2028 2242 2133 2296 ego
2182 2242 2323 2281 voco
2369 2228 2526 2282 vobis
2574 2227 2975 2292 dimissionem,
3029 2228 3163 2282 dicit
3213 2228 3504 2291 Dominus.
3550 2232 3603 2284 in

2035 2318 2296 2388 gadium,
2332 2327 2388 2374 et
2433 2320 2484 2372 in
2525 2329 2778 2381 mortem,
2819 2321 2953 2374 etin
2985 2319 3181 2374 famem
3219 2331 3315 2375 :et
3346 2322 3489 2375 dabo
3513 2339 3608 2378 vos

2028 2411 2082 2463 in
2132 2410 2529 2479 dispersionem
2565 2411 2619 2464 in
2652 2411 2910 2466 omnibus
2953 2411 3136 2480 regnis
3184 2421 3348 2466 terra:
3381 2431 3394 2466 :
3432 2414 3514 2466 18.
3549 2423 3602 2467 et

2028 2502 2170 2558 dabo
2225 2517 2322 2558 eos
2378 2503 2660 2567 homines,
2716 2505 2809 2572 qui
2860 2505 3189 2574 transgressi
3237 2513 3370 2558 sunt
3428 2504 3604 2560 foedus

2030 2610 2236 2658 meum,
2286 2594 2382 2662 qui
2427 2609 2535 2648 non
2569 2593 2952 2654 stabiliverum
2993 2599 3058 2662 Χ
3097 2596 3267 2648 verba
3319 2595 3343 2664 1
3392 2595 3606 2651 fuadevis

2030 2686 2162 2750 mei,
2199 2686 2347 2753 quod
2397 2684 2647 2740 fecerunt
2703 2697 2830 2740 anle
2876 2686 3068 2740 faciem
3117 2702 3322 2750 meam.
3359 2688 3604 2750 vitulum,

2028 2777 2096 2847 (f)
2122 2792 2281 2846 quem
2318 2777 2653 2844 fecerunt‘x
2679 2781 2755 2846 (g)
2790 2779 2844 2831 in
2868 2779 2979 2832 duo
3005 2779 3053 2847 1,
3086 2787 3142 2832 et
3173 2779 3520 2834 transierunt
3543 2784 3605 2847 Ἀ(

2029 2870 2084 2923 in
2124 2869 2306 2924 medio
2361 2878 2770 2938 segmentorum
2806 2871 2926 2939 ejus
2962 2872 3009 2939 1,
3066 2871 3153 2924 19.
3201 2870 3280 2942 (Ii)
3318 2872 3607 2942 prafectos

2027 2959 2201 3025 Judae,
2241 2969 2296 3016 et
2325 2960 2607 3030 praefectos
2636 2960 2959 3027 Jerusalem,
2994 2965 3310 3029 eunuchos,
3342 2975 3395 3018 et
3430 2980 3608 3018 sacer-

2030 3055 2207 3118 dotes,
2243 3063 2298 3108 et
2338 3069 2558 3108 onmem
2605 3056 2868 3124 pupulum
2918 3064 3078 3110 terra:
3106 3057 3170 3125 (ἱ)
3207 3057 3268 3122 ii,
3301 3057 3398 3126 qui
3430 3067 3609 3111 trans-

2033 3146 2215 3201 ierunt
2266 3146 2319 3199 in
2369 3147 2548 3200 medio
2599 3155 3008 3215 segmentorum
3050 3147 3230 3212 vituli,
3259 3145 3354 3201 20.
3386 3155 3442 3201 et
3469 3147 3609 3201 dabo

2032 3251 2130 3292 eos
2168 3237 2222 3290 in
2255 3252 2422 3290 manu
2459 3237 2704 3291 hostium
2733 3254 2948 3302 eorum,
2981 3247 3036 3293 et
3067 3239 3120 3292 in
3152 3255 3321 3294 manu
3357 3255 3603 3310 quaren-

2031 3329 2169 3384 tium
2201 3329 2417 3382 animas
2437 3343 2653 3393 eorum,
2677 3340 2731 3383 et
2749 3331 2890 3384 dabo
2912 3331 3180 3385 cadavera
3197 3347 3390 3385 eorum
3422 3333 3598 3386 cibum

2033 3423 2354 3476 volatilibus
2399 3423 2546 3486 coeli,
2579 3433 2634 3477 et
2671 3423 2862 3478 bestiis
2890 3433 3068 3477 terrae.
3109 3424 3198 3477 2f.
3231 3423 3297 3476 Et
3331 3423 3602 3479 Sedeciam

2031 3529 2213 3583 regem
2279 3512 2482 3567 Judaea:
2518 3555 2534 3580 ,
2600 3523 2655 3568 et
2720 3514 2991 3584 principes
3069 3530 3260 3569 eorum
3341 3516 3482 3568 dabo
3550 3515 3602 3568 in

2037 3619 2232 3658 manus
2296 3603 2645 3659 inimicorum
2713 3618 2927 3666 eorum,
2995 3614 3049 3657 et
3090 3605 3142 3658 in
3187 3619 3410 3657 manum
3459 3619 3608 3673 quae-

2036 3695 2275 3749 rentium
2329 3694 2546 3749 animas
2584 3710 2802 3760 eorum,
2860 3703 2914 3748 et
2955 3694 3008 3747 in
3057 3711 3282 3750 manum
3327 3695 3607 3764 potestatis

2035 3788 2178 3855 regis
2203 3787 2525 3858 Babylonis,
2560 3787 2632 3858 (k)
2660 3787 2983 3856 fugientium
3013 3787 3081 3841 ab
3101 3788 3202 3842 eis.
3240 3787 3331 3841 22,
3358 3787 3493 3842 Ecce
3507 3801 3606 3855 ego

2034 3879 2311 3947 przecipio,
2348 3879 2478 3933 dicit
2514 3878 2804 3944 Dominus,
2842 3887 2898 3932 et
2926 3879 3179 3932 reducam
3206 3894 3305 3934 eos
3339 3880 3393 3934 in
3419 3880 3602 3933 urbem

2036 3971 2198 4034 banc,
2257 3981 2311 4025 et
2359 3972 2653 4041 pugnaturi
2683 3975 2750 4039 χ(
2777 3987 2943 4040 super
2978 3986 3098 4026 eam
3137 3972 3184 4040 1,
3221 3973 3435 4041 capient
3463 3987 3602 4036 eam,

2034 4069 2088 4115 et
2113 4063 2439 4117 comburent
2471 4079 2594 4117 eam
2631 4063 2682 4116 in
2712 4063 2856 4133 igne,
2897 4071 2952 4118 et
2979 4064 3140 4118 urbes
3169 4062 3324 4118 Juda:
3347 4064 3488 4119 dabo
3516 4077 3604 4118 eas

2036 4151 2090 4204 in
2115 4167 2222 4206 non
2255 4156 2506 4222 pervium
2539 4155 2608 4208 ab
2647 4155 3071 4209 habitatoribus.

2104 4242 2235 4310 Cap.
2282 4242 2501 4298 XXXV.
2534 4275 2606 4284 —
2650 4247 2699 4299 l.
2733 4244 2998 4312 Verbum,
3029 4245 3172 4315 quod
3203 4244 3405 4302 factum
3431 4257 3511 4300 est
3537 4245 3600 4300 ad

2034 4336 2328 4393 Jeremiam
2390 4353 2421 4392 a
2468 4336 2704 4390 Domino
2748 4337 2803 4391 in
2851 4336 3044 4391 diebus
3073 4335 3283 4392 Joacim
3314 4338 3412 4393 filii
3449 4336 3604 4392 Josire

349 4434 529 4491 redire
577 4433 829 4488 fecerunt
875 4448 1063 4487 servos
1111 4442 1165 4487 et
1201 4433 1452 4498 ancillas,
1483 4448 1624 4502 quos
1662 4432 1735 4500 (zl
1759 4427 1932 4485 'dimi-
1965 4438 2007 4492 ι)
2037 4431 2183 4500 regis
2235 4427 2412 4494 Judaa,
2447 4429 2644 4483 dicens
2675 4445 2688 4481 :
2715 4428 2772 4481 2.
2799 4427 2949 4482 Vade
2977 4427 3028 4480 in
3065 4429 3290 4482 domum
3321 4427 3599 4499 (I)Recha-

347 4535 534 4581 serant
566 4526 790 4588 liberos,
825 4521 899 4596 (a)
930 4534 984 4578 et
1009 4523 1358 4593 reliquerunt
1387 4539 1485 4578 eos
1512 4524 1565 4577 in
1590 4538 1781 4578 servos
1803 4532 1856 4576 et
1876 4523 1930 4576 in

349 4618 598 4673 ancillas.
636 4614 727 4670 12.
757 4613 823 4670 Ει
851 4614 1055 4669 factum
1080 4621 1165 4668 est
1196 4613 1424 4668 verbum
1460 4613 1672 4667 Domini
1699 4612 1766 4667 ad
1784 4610 1931 4667 Jere-

423 4782 484 4852 (ι)
520 4779 602 4844 S.,
643 4778 822 4852 foedus
844 4792 1048 4832 meum.

351 4845 536 4923 (ο)Ἀ.,
561 4861 614 4904 et
653 4850 1098 4904 comburetcam.
1168 4845 1253 4915 (ρ)
1285 4845 1352 4898 Ει
1374 4849 1655 4900 coinburet
1677 4859 1820 4898 eam.

1155 4775 1250 4846 (m)
1287 4779 1377 4846 51.,
1427 4773 1580 4843 copia
1632 4773 1772 4842 ejus.
1804 4771 1886 4836 8.,
1917 4783 2179 4846 potestas.

1907 4847 1978 4914 (τι)
2011 4844 2159 4912 Eius.

2036 4523 2146 4578 bim
2187 4541 2200 4576 :
2239 4521 2335 4594 (τη)
2370 4531 2422 4576 et
2451 4536 2584 4576 voca
2616 4535 2731 4587 eos,
2757 4531 2812 4575 et
2835 4519 3152 4576 introduces
3179 4535 3277 4576 eos
3310 4523 3364 4574 in
3388 4523 3598 4576 domum

2039 4611 2258 4666 Domini
2303 4613 2382 4682 (η)
2427 4612 2483 4666 in
2526 4627 2696 4666 unum
2745 4626 2815 4666 ex
2868 4611 2940 4681 (ο)
2981 4612 3160 4679 atriis,
3214 4619 3271 4666 et
3317 4613 3598 4668 bibendum

2284 4773 2361 4842 (η)
2391 4772 2482 4838 Α.,
2511 4787 2638 4827 ecce
2667 4787 2767 4841 ego
2795 4771 3028 4828 daturus
3054 4787 3176 4827 sum
3227 4772 3418 4828 urbem
3447 4773 3600 4828 hanc.

2246 4843 2315 4913 (r)
2340 4843 2426 4907 A.,
2459 4852 2513 4897 et
2546 4844 2689 4897 sicut
2708 4843 3117 4898 combustiones
3145 4853 3362 4914 patrum
3396 4854 3600 4898 tuorum

351 4918 538 5006 regum
574 4942 837 5016 priorum,
857 4939 953 5016 qui
983 4939 1202 5016 fuerunt
1223 4939 1276 5016 in
1316 4937 1453 5016 facie
1471 4947 1560 4990 tua
1581 4935 1954 5016 [Hebraisrnus
1970 4918 2129 5016 ’μέν
2156 4951 2250 5002 pro
2275 4946 2394 4987 ante
2419 4945 2484 4986 te.
2517 4933 2641 5004 Da.]
2666 4951 2680 4999 ;
2704 4935 2796 5014 .sic
2820 4935 3143 5016 comburent
3171 4943 3242 4988 te.
3277 4936 3347 5016 (δ)
3384 4937 3472 5016 ‘AL,
3497 4951 3604 5016 vers

355 5004 502 5069 bum.
538 5004 602 5080 (ί)
635 5013 723 5077 Α.,
751 5004 971 5064 excidit.
1002 5010 1078 5080 (tt)
1113 5008 1200 5072 A.,
1241 5004 1676 5080 facilitatem—ut
1703 5004 2010 5080 dimitteret
2031 5009 2113 5058 vir
2129 5021 2346 5059 servum
2371 5020 2553 5080 suum,
2581 5018 2636 5080 _et
2666 5004 2748 5080 vir
2777 5004 3028 5080 ancillam
3059 5020 3238 5058 suam.

355 5102 464 5139 non
498 5077 705 5139 servire
745 5081 986 5134 facerent
1019 5077 1264 5133 Judazum
1311 5078 1531 5132 fratrem
1565 5093 1726 5132 suum
1761 5092 1829 5130 ne
1853 5077 2282 5145 quidetnunum.

353 5170 467 5210 eos.
546 5153 623 5231 la.)
649 5153 768 5204 ΚΑΙ
805 5149 1046 5212 ΕΩΣΑΝ,
1081 5159 1129 5202 et
1159 5152 1376 5231 missum
1405 5150 1656 5218 fecerunt.
1698 5145 1901 5231 Beli-qut
1930 5163 1951 5227 _:
1969 5156 2032 5231 et
2058 5146 2407 5231 subegerunt.

2372 5020 2553 5067 suum,
2586 5018 2636 5057 et
2666 5005 2748 5056 vir
2777 5005 3028 5058 ancillam
3059 5020 3238 5058 suam.
3292 5005 3399 5072 με)
3433 5007 3512 5070 S.,
3551 5015 3604 5058 ut

2360 5076 2434 5145 (ῃ)
2473 5073 2544 5155 lis:
2579 5075 2796 5155 lsi-acie.
2875 5077 2949 5144 (ι)
2980 5073 3602 5155 Postquamdi-miserant

2509 5145 2580 5214 (ὁ)
2606 5142 2808 5217 A.,_S._,
2835 5142 2892 5198 et
2931 5142 3145 5199 eduxif
3195 5145 3293 5217 _(c)
3324 5146 3413 5211 Α.,
3436 5163 3464 5200 a
3490 5163 3601 5201 eon-

356 5214 723 5279 suniinatione
757 5231 964 5288 septem
1003 5234 1292 5272 annorum.
1336 5214 1418 5283 8.,
1459 5234 1582 5288 cum
1607 5217 1941 5288 praeterlapsi
1968 5217 2168 5269 fuerint
2191 5217 2580 5288 septemanni.
2657 5215 2736 5283 ((1)
2769 5214 2857 5278 Α.,
2880 5215 3205 5288 et_con_versi
3230 5214 3410 5272 l'uistis
3435 5219 3595 5279 hodie,

355 5305 409 5349 et
437 5295 665 5367 fecistis.
743 5287 937 5360 (elA.,
963 5289 1290 5367 libertatem.
1312 5291 1396 5367 ‘(fl
1418 5290 1518 5367 _A.,
1552 5287 1632 5350 S.,
1658 5303 1817 5356 quem
1853 5287 2178 5367 diviserunt.

945 5360 1018 5429 (Ii)
1051 5360 1245 5428 S.,qui
1287 5362 1663 5427 dctnigrnrunt
1703 5374 1731 5409 a
1784 5357 1958 5429 vobis.

355 5365 448 5434 qui
482 5365 838 5434 transierunt.

2235 5286 2422 5357 (g)ﬁAd
2452 5287 2786 5354 operandum
2811 5301 2896 5339 eo.
2933 5285 3009 5352 (I1)
3045 5285 3314 5357 Prmfecti.
3394 5291 3456 5357 (ἱ)
3484 5290 3593 5350 Ευε,

2063 5356 2124 5421 (ι)
2173 5355 2269 5421 8.,
2307 5356 2905 5412 Rechabimonitarum.
3001 5357 3098 5427 (m)
3127 5355 3217 5421 A.,
3257 5355 3488 5421 Th.,‘et
3527 5360 3594 5412 ιοο

355 5427 542 5503 queris
572 5435 673 5489 eis.
751 5433 828 5504 (η)
866 5427 962 5496 Α..
991 5431 1057 5484 ad
1083 5427 1250 5485 unum
1284 5447 1348 5484 ex
1379 5431 1606 5482 aerariis.
1687 5430 1761 5496 (0)
1787 5427 1869 5493 8.,
1903 5428 2140 5482 exedris.

431 5614 496 5685 (‘)
527 5615 695 5686 Syrus
719 5618 988 5690 interpres
1017 5617 1289 5687 duplicem
1328 5617 1415 5670 hic
1445 5617 1638 5672 inserit
1673 5620 1865 5677 lection

2049 5619 2101 5673 ΣΧ
2136 5635 2262 5682 Lxx,
2318 5619 2410 5688 qui
2458 5625 2753 5688 regnarunt
2780 5625 2905 5670 ante
2934 5625 2984 5670 te
3011 5615 3160 5686 (τοὺς
3184 5615 3587 5687 βασιλεύσαντας

361 5703 626 5774 πρότερόν
665 5708 810 5776 σου),
837 5723 868 5762 e
896 5724 1028 5764 vero
1052 5707 1298 5770 Hebraeo,
1329 5707 1430 5762 sub
1460 5709 1746 5775 asterisco,
1781 5713 1865 5780 qui

2049 5720 2126 5764 int
2159 5718 2284 5763 ante
2320 5720 2370 5764 te
2408 5691 2590 5786 (Ἰηέν
2625 5714 2920 5778 νη-ηῑνκ).
2953 5710 3151 5764 Dnacu.
