3782 6222
121 235 264 292 2561
1249 241 1565 303 ΙΕΒΕΜΙΑΖ
1603 246 1832 304 CAPUT
1873 247 2085 303 XXXVI
3230 244 3376 303 2⁸562

123 352 194 404 da
248 357 331 406 eis
362 352 572 408 vinum.
614 351 668 407 3.
696 353 764 409 Et
788 353 990 410 adduxi
1035 354 1314 413 Jezoniam
1345 360 1516 413 ﬁlium
1541 358 1699 415 Jere—
1729 367 1772 421 Α
1805 365 2059 430 praecepit
2088 361 2203 426 eis;
2241 361 2478 432 populus
2525 369 2705 415 autem
2755 359 2842 415 hic
2872 339 3364 414 nonmaudivernot

103 444 258 500 .miae
303 445 400 499 ﬁlii
449 445 527 516 (ρ)
572 444 882 524 Habasniaa,
927 456 986 503 et
1022 449 1221 506 fratres
1255 453 1395 520 ejus,
1433 460 1487 506 et
1511 467 1703 506 omnes

125 531 280 622 ﬁlios
303 533 446 603 ejus,
475 544 529 590 et
553 551 770 591 omnem
798 537 1024 593 domum
1057 539 1356 595 Rechabim
1389 559 1405 594 :
1444 542 1498 595 4.
1528 540 1703 594 intro-

121 623 360 694 duxix
389 642 484 682 eos
511 627 534 696 ζ
567 628 620 682 in
652 629 875 684 domum
923 631 1137 686 Domini
1181 632 1234 686 in
1275 632 1532 686 aerarium
1560 632 1704 686 lilio-

123 730 253 770 rum
289 717 363 786 (q)
397 716 586 772 Hanan
611 719 707 772 ﬁlii
731 718 993 786 Godalite,
1032 721 1272 776 hominis
1300 721 1417 786 Dei,
1455 721 1526 792 (ν)
1557 723 1703 791 quod

126 815 218 861 est
265 822 297 860 a
352 807 522 863 latere
568 809 765 864 domus
817 811 1148 881 principum,
1201 814 1268 880 >κ
1316 812 1487 882 quae:
1537 827 1700 882 supra

124 897 356 954 domum
407 899 628 955 Maasite
669 901 766 954 lilii
801 898 1005 967 Selom,
1039 903 1404 957 custodientis
1438 902 1505 974 (ε)
1533 903 1699 955 viam.

127 990 180 1043 5.
218 991 284 1044 Ει
325 991 583 1047 constitui
622 1001 748 1048 ante
781 992 976 1048 faciem
1006 1009 1198 1050 eorum
1241 995 1480 1050 ﬁliorum
1507 994 1703 1048 domus

128 1083 437 1138 Rechabim
472 1084 536 1152 (ι)
570 1083 817 1155 hydriam
845 1086 912 1152 Χ
933 1085 1147 1154 plenam
1181 1085 1204 1153 ζ
1232 1086 1367 1149 vini,
1394 1093 1448 1140 et
1482 1085 1700 1149 calices,

124 1185 180 1229 et
212 1175 322 1229 dixi
355 1177 422 1242 >κ
451 1175 518 1230 ad
552 1190 646 1230 eos
672 1175 695 1244 ζ
730 1175 948 1232 :Bibite
983 1178 1197 1232 vinum.
1229 1177 1282 1232 6.
1311 1177 1377 1230 Et
1407 1177 1700 1233 dixerunt:

123 1268 249 1323 Non
284 1269 538 1323 bibemus
571 1268 782 1334 vinum,
839 1268 965 1339 quia
1015 1267 1264 1324 Jonadab
1295 1269 1441 1324 ﬁlius
1475 1267 1702 1323 Rechab

124 1370 283 1437 pater
332 1368 515 1414 noster
549 1359 805 1429 praecepit
835 1359 1014 1425 nobis,
1048 1359 1239 1416 dicens
1284 1377 1298 1414 ε
1343 1358 1462 1413 Non
1495 1359 1696 1413 bibetis

123 1453 342 1516 vinum,
375 1466 494 1517 vos,
522 1462 575 1507 et
599 1452 696 1506 lilii
717 1452 906 1517 vestri,
935 1467 1113 1522 usque
1138 1452 1194 1508 in
1219 1453 1480 1508 saeculum
1515 1470 1530 1506 ε
1562 1451 1615 1504 7.
1645 1459 1702 1506 et

122 1545 328 1600 domos
360 1560 468 1599 non
497 1545 856 1609 aediﬁcabitis,
892 1552 948 1601 et
970 1559 1156 1601 semen
1192 1560 1300 1598 non
1326 1543 1700 1607 seminabitis,

121 1643 180 1688 et
233 1633 449 1688 vineam
492 1649 599 1688 non
631 1635 970 1704 plantabitis,
1007 1649 1185 1704 neque
1215 1634 1320 1688 erit
1342 1633 1535 1700 vobis;
1568 1633 1701 1703 quia

1808 467 1913 505 me.
1979 451 2068 506 17.
2110 451 2339 522 Propter
2379 454 2478 506 boc
2506 452 2586 507 sic
2626 451 2764 505 dixit
2793 449 3058 504 Dominus
3083 453 3148 516 3K
3174 449 3312 504 Dens
3340 450 3362 518 ζ

1807 539 2063 592 virtutum
2107 539 2244 593 Deus
2298 528 2513 593 lsraelis
2569 556 2580 591 :
2638 539 2777 591 Ecce
2825 536 3067 604 Χρεοζ
3101 536 3368 589 adducam

1805 645 1966 700 super
1996 629 2214 694 Judam,
2244 640 2297 684 et
2327 645 2492 700 super
2528 632 2594 698 Χ
2615 629 2846 696 omnes:
2888 626 3199 681 habitantes
3235 628 3373 694 )(in
3439 699 3442 703 λ

1803 722 2106 778 Jerusalem
2164 723 2188 791 ζ
2221 723 2403 778 omnia
2449 722 2613 787 mala,
2664 736 2784 791 quae
2816 721 3032 776 locutus
3058 736 3178 774 sum
3208 735 3375 788 super

1803 831 1918 878 eos,
1958 818 2024 883 )t(
2046 829 2145 884 pro
2172 830 2238 868 eo
2271 813 2415 884 quod
2450 814 2667 868 locutus
2695 829 2816 867 sum
2849 829 3012 882 super
3041 827 3156 876 eos,
3181 819 3234 865 et
3262 826 3372 864 non

1805 904 2152 968 audiverunt,
2191 913 2241 958 et
2292 904 2485 958 vocavi
2538 918 2653 966 eos,
2695 910 2750 958 et
2796 918 2904 956 non
2952 901 3371 970 responderunt.

1805 997 1892 1051 18.
1937 994 2003 1050 Et
2037 996 2224 1050 domui
2263 995 2565 1049 Rechabim
2599 996 2620 1064 ζ
2661 993 2802 1047 dixit
2825 991 3063 1048 Ieremia
3098 1010 3111 1046 :
3147 992 3377 1061 Pr0pter

1805 1087 1911 1142 hoc
1969 1087 2051 1142 sic
2101 1087 2242 1141 dixit
2299 1085 2566 1140 Dominus
2616 1086 2881 1140 virtutum
2919 1085 3061 1139 Deus
3105 1084 3373 1138 lsraelis:

1805 1183 1875 1249 (e)
1926 1179 2066 1244 Quia
2111 1179 2403 1234 audierunt
2449 1191 2512 1233 -z-—
2549 1177 2646 1231 lilii
2690 1176 2942 1232 Jonadab
2974 1177 3068 1230 lilii
3104 1175 3372 1245 Rechab:

1805 1285 2133 1345 praeceptum
2169 1272 2417 1329 Ionadab
2454 1274 2627 1344 patris
2662 1273 2728 1343 (ι’)
2753 1287 2967 1339 eorum,
2999 1279 3054 1326 et
3084 1281 3378 1326 servarunt

1805 1367 1988 1419 omnia
2037 1374 2304 1434 praecepta
2335 1363 2476 1432 ejus,
2521 1362 2586 1416 ad
2621 1361 2931 1416 faciendum
2985 1361 3227 1430 )(juxta
3258 1374 3378 1414 om-

1804 1455 1893 1509 nia
1919 1456 1967 1524 ζ,
2024 1470 2147 1524 quae
2197 1453 2480 1508 mandavit
2547 1453 2622 1523 (g)
2669 1454 2749 1509 eis
2799 1466 2862 1508 -ξ-
2903 1460 3055 1522 pater
3093 1467 3282 1506 eorum
3313 1451 3376 1520 1;

1805 1547 1890 1600 19.
1935 1546 2160 1616 Propter
2189 1547 2290 1600 hoc
2322 1545 2436 1599 hare
2464 1544 2596 1599 dicit
2628 1544 2895 1599 Dominus
2928 1542 3070 1598 Deus
3106 1541 3322 1597 lsraelis
3358 1561 3374 1598 :

1807 1640 1882 1711 (It)
1928 1637 2045 1692 Non
2081 1638 2294 1693 deﬁciet
2337 1639 2420 1692 vir
2454 1655 2522 1693 ex
2558 1638 2683 1692 ﬁliis
2719 1636 2968 1691 Jonadab
3004 1636 3098 1690 ﬁlii
3131 1635 3374 1698 Rechab,

123 1725 182 1779 in
226 1726 478 1781 tentoriis
511 1725 834 1781 habitabitis
873 1725 1131 1781 omnibus
1161 1724 1355 1780 diebus
1382 1726 1603 1789 vestris,
1641 1733 1702 1780 ut
1736 1719 1776 1773 Β
1802 1743 1954 1787 stans
2009 1739 2135 1784 ante
2186 1729 2377 1784 faciem
2425 1746 2603 1784 meam
2657 1729 2912 1783 omnibus
2964 1728 3156 1782 diebus
3193 1737 3374 1781 terra.

119 1817 328 1872 vivatis
353 1817 546 1873 diebus
580 1817 770 1873 multis
803 1832 969 1888 super
992 1820 1062 1888 Χ
1085 1816 1223 1872 faeie
1254 1818 1277 1887 ζ
1314 1825 1494 1881 terrae,
1532 1831 1702 1887 super

119 1924 235 1979 qua
294 1907 376 1978 (α)
413 1923 510 1964 vos
561 1907 819 1964 habitatis
865 1923 1032 1979 super
1075 1923 1160 1964 ea.
1201 1908 1256 1964 8.
1290 1908 1356 1963 Et
1386 1909 1700 1964 audivimus

119 2015 316 2055 vocem
334 1999 581 2055 Jonadab
604 2003 670 2068 λ(
694 1999 791 2055 ﬁlii
819 2000 1041 2056 Rechab
1069 2001 1092 2071 ζ
1123 2002 1294 2071 patris
1320 2001 1516 2066 nostri,
1541 2000 1700 2071 juxta

121 2093 332 2158 omnia,
357 2109 479 2163 quae
509 2094 768 2163 praecepit
794 2093 975 2158 nobis,
1008 2100 1068 2147 ut
1096 2107 1204 2147 non
1236 2093 1489 2148 bibamus
1511 2096 1698 2147 vinum

119 2183 385 2238 omnibus
417 2183 611 2238 diebus
642 2184 871 2250 nostris,
907 2200 1031 2249 nos,
1055 2191 1111 2239 et
1141 2199 1342 2238 uxores
1379 2196 1599 2249 nostras,
1647 2194 1701 2239 et

119 2275 219 2329 lilii
246 2276 444 2341 nostri,
477 2286 530 2331 et
553 2275 674 2330 ﬁliae
697 2284 919 2341 nostrae,
961 2275 1017 2331 9.
1045 2284 1100 2331 et
1133 2285 1192 2331 ut
1222 2293 1332 2330 non
1361 2278 1698 2335 aediﬁcenlus

116 2366 340 2432 domos,
397 2382 466 2421 ne
499 2368 809 2424 habitemus
849 2367 926 2423 ibi
976 2385 992 2422 :
1043 2376 1098 2422 et
1145 2368 1327 2434 vinea,
1371 2377 1426 2424 et
1457 2384 1605 2439 ager,
1644 2377 1700 2422 et

116 2473 310 2512 semen
337 2473 446 2512 non
481 2458 582 2513 fuit
605 2459 767 2516 nobis
801 2477 814 2513 :
849 2458 939 2514 10.
967 2468 1022 2514 et
1043 2459 1418 2515 habitavimus
1447 2461 1502 2514 in
1530 2469 1699 2516 tento-

117 2551 246 2614 riis,
303 2558 361 2604 et
414 2549 748 2615 audivimus,
794 2560 850 2606 et
882 2549 1115 2606 fecimus
1141 2537 1298 2621 juxta
1329 2554 1536 2616 omnia,
1575 2569 1698 2622 qua:

115 2641 379 2711 praecepit
423 2641 582 2697 nobis
627 2639 876 2696 Jonadab
904 2650 1056 2711 pater
1084 2652 1292 2697 noster.
1343 2643 1430 2697 11.
1461 2643 1693 2698 Factum

116 2747 202 2790 est
223 2744 432 2801 autem,
466 2751 590 2790 cum
615 2735 865 2790 ascendit
887 2732 1395 2790 Nabuchodonosor
1417 2751 1510 2789 rex
1531 2734 1697 2806 Baby-

115 2826 263 2880 lonis
300 2841 468 2896 super
503 2835 728 2891 terram,
766 2835 822 2880 et
847 2825 1091 2882 diximus
1127 2845 1139 2879 :
1180 2824 1258 2896 (:c)
1288 2826 1690 2892 Ascendamus,

117 2919 496 2990 ingrediantur
522 2918 576 2972 in
599 2915 907 2974 Jerusalem
939 2917 1009 2973 ab
1037 2927 1162 2973 ante
1185 2916 1380 2972 faciem
1408 2919 1694 2986 potestatis

114 3009 527 3074 Chaldaeorum,
558 3018 612 3063 et
637 3008 704 3062 ab
729 3018 857 3064 ante
889 3008 1083 3064 faciem
1108 3009 1393 3078 potestatis
1429 3007 1504 3076 (τι)
1528 3008 1694 3078 Assy-

118 3103 356 3166 riorum,
410 3100 488 3170 (z)
532 3108 588 3154 et
628 3100 1003 3156 habitavimus
1030 3100 1128 3155 ibi.
1169 3100 1256 3154 12.
1282 3099 1350 3153 Ει
1381 3098 1585 3154 factum
1613 3108 1696 3155 est

116 3192 346 3247 verbum
379 3191 596 3268 Domini
621 3191 687 3247 ad
712 3189 1028 3257 Jeremiam,
1055 3192 1247 3249 dicens
1275 3211 1290 3247 :
1323 3193 1412 3248 15.
1443 3192 1536 3248 Sic
1554 3193 1695 3248 dixit

118 3284 387 3338 Dominus
417 3284 680 3338 virtutum
718 3283 863 3338 Deus
889 3282 1106 3338 lsraelis
1135 3302 1150 3339 :
1184 3282 1356 3348 Vade,
1387 3295 1445 3340 et
1476 3286 1564 3339 dic
1594 3285 1695 3339 ho-

117 3376 253 3430 mini
282 3374 457 3441 Judaa,
489 3383 544 3428 et
583 3373 956 3429 habitantibus
989 3373 1044 3427 in
1084 3373 1385 3429 Jerusalem
1423 3393 1437 3429 :
1475 3374 1552 3446 (a)
1574 3373 1694 3428 Non

117 3467 402 3536 accipietis
452 3465 798 3535 disciplinam
851 3464 920 3519 ad
960 3464 1288 3520 audiendum
1332 3466 1498 3519 verba
1539 3465 1696 3519 mea?

115 3559 252 3612 dicit
309 3556 596 3610 Dominus.
651 3556 740 3609 14.
787 3553 1182 3609 Stabilivernnt
1213 3559 1280 3623 Χ
1309 3556 1370 3608 τὸ
1407 3557 1427 3625 ζ
1464 3557 1691 3610 verbum

118 3649 288 3705 +ﬁlii
341 3647 659 3717 :Jonadab
709 3647 806 3700 ﬁlii
853 3644 1098 3710 Rechab,
1131 3662 1252 3716 qua>
1282 3651 1538 3717 praecepit
1567 3649 1695 3704 liliis

112 3743 260 3812 ejus,
291 3751 352 3796 ut
381 3756 488 3794 non
515 3740 764 3794 biberent
785 3739 997 3803 vinum,
1028 3747 1082 3794 et
1108 3755 1216 3794 non
1241 3739 1495 3794 biberunt
1517 3743 1583 3808 >ε<
1609 3757 1695 3797 us-

114 3852 222 3904 que
271 3835 339 3889 ad
391 3834 535 3889 diem
588 3833 734 3888 hunc
767 3833 824 3902 1;
873 3833 1006 3904 quia
1038 3834 1331 3888 audierunt
1359 3844 1692 3904 prazceptum

115 3931 186 3995 χ
217 3927 390 3997 patris
431 3941 622 3980 eorum
652 3927 674 3993 ζ
700 3944 715 3980 :
740 3940 842 3996 ego
871 3933 1052 3979 autem
1086 3926 1302 3981 locutus
1327 3943 1448 3982 sum
1478 3928 1545 3982 ad
1573 3942 1689 3994 vos,

113 4023 192 4091 (b)
235 4019 290 4074 in
327 4020 598 4073 matutino
631 4020 798 4073 etiam
827 4019 1044 4073 locutus
1074 4033 1221 4082 sum,
1253 4027 1307 4073 et
1335 4035 1442 4073 non
1475 4021 1690 4075 audiis-

112 4114 188 4166 tis
211 4114 280 4179 )t(
311 4126 397 4164 me
425 4112 473 4180 ζ.
510 4109 596 4164 15.
625 4108 690 4162 Et
719 4109 842 4164 misi
871 4109 939 4163 ad
976 4124 1075 4163 vos
1107 4124 1298 4164 omnes
1327 4125 1516 4166 servos
1540 4127 1691 4165 meos

110 4200 430 4270 pr0phetas,
483 4207 831 4253 antevertens
877 4206 934 4253 et
972 4199 1217 4264 mittens,
1251 4199 1322 4270 (c)
1348 4200 1459 4254 dixi
1494 4217 1506 4252 :
1543 4199 1690 4254 Con-

107 4291 393 4347 vertimini
423 4293 492 4360 >ιί
517 4305 663 4344 nunc
694 4289 718 4358 ζ
773 4292 1159 4361 unusquisque
1188 4305 1220 4345 a
1250 4291 1337 4345 via
1379 4307 1481 4346 sua
1523 4293 1685 4358 mala,

108 4395 166 4440 et
193 4385 422 4439 meliora
448 4383 611 4438 facite
643 4383 722 4454 (ά)
745 4392 1012 4454 praecepta
1036 4395 1242 4450 vestra,
1265 4391 1321 4438 et
1345 4399 1454 4438 non
1479 4385 1688 4439 abeatis

107 4487 237 4548 post
268 4477 398 4532 deos
436 4476 573 4531 alios
613 4476 680 4529 ad
717 4475 1004 4530 colendum
1038 4477 1322 4529 servitium
1353 4477 1476 4532 eis:
1508 4486 1561 4530 et
1585 4476 1683 4530 ha-

106 4569 364 4624 bitabilis
394 4582 560 4636 super
591 4575 757 4632 terra,
785 4581 950 4636 quam
991 4566 1113 4621 dedi
1142 4567 1320 4630 vobis,
1352 4577 1407 4621 et
1436 4568 1685 4637 patribus

105 4660 333 4715 vestris.
366 4659 432 4713 Et
459 4673 568 4712 non
602 4657 908 4712 inclinastis
941 4659 1008 4726 Ἃ(
1030 4658 1130 4728 τὴν
1157 4658 1178 4726 ζ
1208 4673 1395 4712 aurem
1423 4669 1684 4725 vestram,

104 4762 162 4807 et
203 4765 314 4805 non
347 4751 636 4805 audivistis
677 4764 788 4803 me.
826 4748 915 4803 16.
945 4748 1012 4802 Ει
1044 4749 1433 4804 stabiliverant
1465 4751 1561 4804 filii
1590 4748 1684 4804 Jo-

105 4845 290 4899 nadab
333 4843 429 4898 lilii
470 4842 694 4898 Rechab
735 4853 1063 4912 praeceptum
1095 4843 1266 4911 patris
1292 4857 1505 4906 eorum,
1539 4845 1683 4913 quod

181 4960 261 5030 (ρ)
292 4957 384 5024 Α.,
437 4957 711 5030 Λικιξηίεῇ
792 4957 884 5030 _(q)
917 4957 1006 5022 A.,
1039 4957 1319 5013 Hanania'.

103 5027 345 5086 MaaSize.
451 5032 523 5096 (ε)
553 5028 641 5094 Α.,
673 5028 756 5093 8.,
789 5027 912 5087 ΤΙι..
945 5030 1168 5083 atrium.

103 5102 184 5166 8.,
217 5099 402 5155 sedem
439 5099 669 5154 habetis.
778 5099 855 5168 (as)
890 5098 978 5162 A.,
1035 5098 1116 5164 S.,

103 5237 171 5308 (e)
224 5240 316 5302 Α.,
363 5237 484 5302 ΤΙι.,

102 5311 320 5364 lebitnr.
427 5309 758 5378 (nume.
865 5309 1093 5378 (k)A.,

101 5378 578 5437 ΕΧΡΗΜΑΤΙΣΑ.
607 5377 860 5432 divinitus
890 5381 1093 5433 loculus
1132 5396 1267 5432 sum.

541 5255 638 5320 pro
695 5255 762 5292 eu
815 5241 958 5320 quod
1001 5241 1321 5320 audivistis.
1399 5239 1722 5320 (DnReliqui
1753 5260 1770 5297 .-
1803 5239 1999 5320 vestr_i._‘
2032 5239 2138 5320 '(g)
2170 5239 2378 5320 Reliqui
2416 5239 2635 5320 :vobis.

1144 5311 1412 5364 volumen.
1447 5310 1877 5385 'S.,ipaginam.
1932 5315 2026 5369 Th.
2050 5310 2106 5380 ,“”
2122 5310 2446 5385 capitulum.

1376 5385 1471 5451 (οη)
1527 5384 2046 5450 ΕΧΡΗΜΑΤΙΣΕΝ,
2100 5384 2350 5440 divinitus
2398 5384 2604 5441 locutus
2630 5400 2729 5443 est.

1869 1822 2002 1894 Cap.
2050 1821 2293 1877 XXXVI.
2320 1853 2388 1863 —
2427 1823 2478 1875 1.
2517 1820 2584 1875 Et
2615 1824 2682 1888 )9:
2717 1821 2914 1874 factum
2946 1827 3030 1874 est
3062 1819 3084 1887 ζ
3124 1819 3178 1873 in
3231 1833 3376 1871 anno

1800 1920 1995 1984 quarto
2019 1911 2227 1967 Joacim
2263 1912 2356 1965 ﬁlii
2399 1910 2564 1965 Josiae
2587 1911 2730 1981 regis
2759 1909 2930 1974 Judaa,
2957 1909 3158 1964 factum
3195 1918 3278 1966 est
3307 1912 3376 1978 )t(

1798 2005 2024 2059 verbum
2083 2005 2106 2074 ζ
2163 2005 2268 2059 hoc
2297 2006 2359 2073 (ἱ)
2390 2003 2455 2057 ad
2507 2001 2796 2058 Jeremiam
2840 2004 2908 2072 Χ
2958 2017 2988 2057 a
3048 2001 3278 2058 Domino
3348 2003 3370 2070 ζ

1798 2095 1985 2150 dicens
2017 2097 2105 2151 :2.
2137 2095 2303 2150 Sume
2327 2095 2418 2149 tibi
2444 2093 2516 2164 (Ιί)
2538 2095 2784 2149 chartam
2815 2094 2961 2159 libri,
2993 2102 3047 2148 et
3079 2094 3256 2150 scribe
3281 2109 3375 2148 su-

1799 2202 1894 2255 per
1920 2201 1980 2240 ea
2005 2187 2190 2240 omnia
2221 2186 2406 2246 verba,
2440 2202 2562 2255 quze
2590 2184 2651 2254 (ι)
2680 2183 2998 2254 prephetavi
3034 2183 3102 2237 ad
3132 2191 3184 2238 te
3212 2197 3379 2252 super

1798 2273 2076 2338 lsraelem,
2112 2283 2165 2328 et
2199 2290 2362 2342 super
2396 2273 2617 2338 Judam,
2659 2281 2712 2327 et
2749 2287 2913 2342 super
2935 2287 3126 2328 omnes
3159 2283 3372 2342 gentes,

1798 2378 1826 2417 a
1878 2363 1963 2417 die
2002 2379 2111 2432 quo
2153 2363 2368 2418 locutus
2418 2380 2538 2417 sum
2582 2363 2651 2417 ad
2697 2371 2771 2427 te,
2813 2378 2843 2416 a
2881 2361 3072 2416 diebus
3111 2360 3276 2416 Josiae
3307 2376 3373 2418 -ι-

1797 2455 1941 2523 regis
1971 2452 2123 2508 Iuda:
2159 2453 2214 2520 ζ,
2249 2462 2302 2508 et
2328 2469 2502 2523 usque
2545 2454 2612 2508 ad
2649 2454 2792 2508 diem
2821 2455 2985 2509 hunc.
3027 2456 3082 2509 5.
3119 2453 3378 2507 Fortasse

1797 2545 2017 2598 audient
2053 2546 2248 2599 domus
2285 2542 2436 2598 Judae
2465 2546 2647 2599 omnia
2698 2545 2870 2611 mala,
2913 2561 3034 2615 quae
3069 2559 3168 2616 ego
3194 2545 3372 2613 cogito

1798 2634 1975 2690 facere
2006 2637 2114 2701 eis;
2153 2645 2212 2689 ut
2253 2646 2589 2690 revertantur
2628 2639 2694 2704 Ἀ(
2731 2636 3111 2705 unusquisque
3143 2634 3164 2701 ζ
3209 2649 3238 2688 a
3275 2634 3364 2687 via

1797 2739 1895 2780 sua
1929 2725 2070 2779 mala
2102 2741 2115 2776 :
2143 2735 2197 2780 et
2229 2725 2496 2794 pr0pitius
2524 2741 2620 2780 ero
2659 2726 3040 2795 iniquitatibus
3070 2739 3286 2783 eorum.
3317 2733 3373 2778 et

1796 2817 2032 2888 peccatis
2069 2831 2280 2871 eorum.
2318 2817 2370 2869 4.
2421 2818 2486 2871 Ει
2514 2819 2728 2871 vocavit
2765 2816 3000 2873 Jeremia
3056 2817 3267 2871 Baruch
3309 2815 3376 2870 ﬁ-

1796 2908 1930 2963 lium
1986 2907 2159 2963 Neria‘.
2202 2918 2301 2964 :et
2347 2909 2566 2978 scripsit
2607 2909 2820 2962 Baruch
2864 2923 2931 2964 ex
2985 2923 3080 2963 ore
3127 2907 3378 2962 Jeremiae

1796 3002 1978 3056 omnia
2004 3001 2436 3078 verbaDomini,
2466 3017 2590 3078 qua).
2623 3002 2717 3072 (m)
2743 3001 3087 3071 prophetam
3120 3000 3185 3056 ad
3225 3016 3376 3063 eum,

1798 3090 1852 3144 in
1893 3091 2134 3145 chartam
2167 3091 2310 3145 libri.
2341 3091 2393 3146 5.
2423 3090 2490 3145 Et
2525 3091 2781 3161 praecepit
2817 3088 3051 3145 Jeremia
3095 3084 3376 3157 Barucho,

1797 3181 1984 3237 dicens
2009 3197 2022 3234 :
2051 3181 2161 3253 Ego
2182 3182 2260 3253 (η)
2285 3182 2590 3238 custoditus
2623 3198 2768 3249 sum,
2797 3191 2851 3238 et
2883 3197 2990 3237 non
3016 3197 3237 3252 possum
3290 3183 3380 3236 in-

1797 3274 1943 3342 gredi
1995 3275 2048 3327 in
2083 3275 2306 3330 domum
2357 3273 2567 3329 Domini
2603 3274 2703 3329 :6.
2747 3285 2800 3330 et
2844 3274 3169 3344 ingrediaris
3221 3283 3300 3337 tu,
3325 3281 3380 3327 et

1796 3363 1944 3435 legas
1969 3366 2020 3418 in
2053 3365 2242 3420 charta
2269 3379 2328 3421 σι-
2360 3367 2463 3420 hac
2493 3365 2514 3433 ζ
2539 3406 2554 3430 ,
2587 3381 2693 3435 qua
2727 3364 3002 3435 scripsisti
3032 3381 3098 3418 ex
3129 3380 3223 3419 ore
3256 3380 3377 3421 meo

1796 3454 1960 3507 verba
1993 3453 2206 3507 Domini
2237 3454 2288 3508 in
2319 3469 2478 3508 aures
2510 3455 2715 3524 populi,
2751 3454 2804 3507 in
2841 3457 3005 3508 domo
3047 3453 3287 3517 Domini,
3321 3455 3376 3506 in

1794 3539 1882 3593 die
1921 3538 2156 3608 jejunii;
2188 3547 2243 3593 et
2289 3541 2343 3594 in
2375 3541 2601 3594 auribus
2650 3541 2829 3595 omnis
2859 3539 3011 3596 Iuda:
3041 3540 3374 3595 venientium

1793 3643 1860 3683 ex
1894 3629 2123 3684 urbibus
2153 3643 2367 3693 eorum,
2403 3629 2550 3700 leges
2579 3629 2680 3684 eis.
2713 3629 2765 3683 7.
2803 3628 3056 3685 Fortasse
3084 3631 3240 3685 cadet
3277 3630 3376 3685 de-

1793 3715 2108 3786 precatio(‘)
2134 3731 2325 3770 eorum
2356 3728 2478 3770 ante
2491 3716 2686 3771 faciem
2707 3714 2948 3783 Domini,
2965 3726 3019 3772 et
3035 3727 3377 3772 revertentur

1795 3807 1863 3873 Χ
1897 3805 2272 3874 unusquisque
2315 3805 2353 3872 ζ·
2388 3820 2419 3858 a
2457 3806 2543 3860 via
2596 3821 2696 3861 sua
2733 3807 2912 3872 mala;
2969 3805 3097 3876 quia
3141 3821 3374 3876 magnus

1795 3891 1948 3945 furor
1971 3901 2026 3946 et
2057 3893 2138 3947 ira
2174 3905 2238 3947 οι-
2269 3891 2482 3947 Domini
2523 3892 2582 3961 ζ,
2617 3908 2782 3964 quam
2822 3895 3039 3949 locutus
3075 3904 3158 3949 est
3190 3893 3374 3947 Domi-

1794 3995 1898 4034 nus
1920 3995 2082 4049 super
2111 3981 2365 4050 populum
2394 3980 2556 4036 hunc.
2598 3982 2653 4036 8.
2692 3980 2759 4035 Et
2795 3981 2922 4037 fecit
2961 3981 3172 4036 Baruch
3207 3985 3274 4051 Χ
3308 3985 3374 4036 li-

1792 4066 1895 4122 lius
1920 4065 2095 4122 Neria:
2128 4069 2150 4138 ζ
2182 4069 2339 4137 juxta
2378 4071 2582 4136 omnia,
2611 4085 2732 4140 qua:
2763 4071 3017 4141 praecepit
3049 4072 3097 4125 ei
3131 4070 3370 4126 Jeremia

1793 4156 2074 4224 propheta,
2117 4157 2183 4210 ad
2231 4157 2515 4226 legendum
2569 4158 2624 4212 in
2653 4158 2794 4213 libro
2843 4159 3008 4214 verba
3051 4158 3266 4213 Domini
3310 4159 3368 4213 in

1791 4242 1953 4298 domo
1989 4243 2223 4301 Domini.
2257 4244 2311 4299 9.
2348 4243 2413 4300 Et
2444 4244 2644 4301 factum
2680 4255 2762 4302 est
2801 4247 2856 4302 in
2898 4264 3042 4302 anno
3075 4248 3149 4318 (ο)
3175 4249 3372 4319 quinto

1791 4328 2019 4385 Joacimi
2063 4331 2155 4385 ﬁlii
2193 4329 2354 4386 Josiaa
2393 4336 2535 4403 regis
2571 4333 2743 4401 Judze,
2796 4336 2852 4390 in
2879 4352 3069 4392 mense
3102 4352 3248 4391 nono
3285 4336 3360 4404 (ρ)

1718 4423 1764 4479 Ι)
1791 4418 2142 4489 congregavit
2184 4419 2454 4489 jejunium
2510 4436 2636 4477 ante
2680 4421 2875 4479 faciem
2917 4422 3136 4479 Domini
3189 4425 3372 4480 omnis

1793 4506 2023 4576 populus
2094 4507 2354 4574 lsraelis,
2414 4519 2471 4564 et
2529 4510 2708 4566 omnis
2794 4513 3027 4582 populus
3092 4513 3372 4568 venientes

1792 4608 1861 4647 ex
1910 4593 2136 4649 urbibus
2192 4593 2364 4661 Iudae,
2418 4596 2472 4650 in
2525 4595 2850 4664 Jerusalem,
2909 4611 2972 4654 σι-
3030 4598 3223 4653 domus
3271 4597 3372 4652 Ju-

1791 4680 1875 4736 (ιε
1933 4683 2008 4752 ζ.
2058 4681 2144 4736 10.
2207 4682 2274 4735 Ει
2329 4683 2456 4754 legit
2506 4683 2716 4740 Baruch
2782 4686 2838 4740 in
2906 4686 3046 4741 libro
3109 4689 3176 4755 Χ
3216 4685 3286 4740 τὰ
3339 4688 3363 4758 ζ

1791 4768 1955 4823 verba
2005 4767 2253 4824 Jeremim
2306 4769 2360 4824 in
2424 4770 2589 4825 domo
2647 4769 2887 4836 Domini,
2948 4772 3022 4843 (q)
3089 4773 3144 4827 in
3204 4773 3367 4827 domo

1792 4853 2064 4910 Gamarize
2094 4856 2188 4910 ﬁlii
2213 4856 2432 4926 Saphan
2463 4857 2680 4923 scribae,
2724 4859 2778 4913 in
2809 4860 2952 4915 atrio
2982 4860 3270 4938 superiori,
3308 4860 3366 4916 in

1423 4961 1775 5040 (r)_.S.,__q'_I_:e
1797 4967 2049 5040 est_apud
2073 4966 2326 5020 exedram
2362 4967 2705 5040 principum,
2760 4985 2882 5040 qua;
2909 4985 3075 5040 supra
3107 4972 3361 5026 exedram

1268 5033 1333 5100 (t)
1369 5030 1457 5094 A.,
1490 5031 1568 5094 8.,
1602 5030 2201 5100 ΣΚΥΦΟΥΣξςεῃρΙιοε.
2300 5030 2490 5100 (ιι)’Λ.,
2527 5030 2618 5100 qui

1157 5101 1357 5164 venite,
1397 5103 1783 5171 ingrediamur.

104 5175 180 5240 (ιι)
214 5170 303 5232 8.,
360 5185 542 5240 a_uuon
565 5168 862 5238 accipietis.
940 5170 1020 5238 (ὁ)
1044 5170 1136 5234 Α.,
1179 5168 1597 5240 antevertensel

380 5185 542 5240 moon
565 5168 862 5238 accipietis.
940 5170 1020 5238 (ὁ)
1044 5170 1136 5234 Α.,
1179 5168 1613 5240 antevertenset
1669 5175 1873 5229 dicens.

1992 5040 2201 5111 cypltgs.
2238 5104 2271 5111 Α
2300 5038 2378 5106 (u)
2402 5036 2490 5100 A.,
2527 5039 2759 5111 quivos
2777 5036 2953 5111 super
2975 5036 3036 5094 ea
3066 5043 3358 5111 peregrini.

1900 5051 1936 5100 ι,
1965 5053 2018 5088 sc
2055 5051 2201 5106 pnas.
2300 5051 2378 5106 tu)
2402 5051 2490 5100 Α.,
2527 5053 2621 5107 qut
2658 5053 2756 5091 vos
2788 5055 2850 5093 su
2894 5056 2953 5094 er
2975 5056 3036 5094 ea
3066 5051 3357 5110 pere'Jrlnl.

1900 5051 2090 5190 (μυξη
2113 5106 2202 5190 8.,
2232 5104 2561 5190 §yrgrnm.u
2624 5110 2698 5176 (κ)
2728 5056 3047 5190 {liquet
3071 5083 3357 5190 ἐρύθηνε.

1981 5177 2052 5249 (c)
2076 5177 2209 5250 _A.,_
2226 5177 2307 5250 S_._,
2340 5177 2460 5250 Th.,
2510 5177 2715 5250 dicens.
2757 5182 2834 5250 (ά)
2877 5179 3082 5250 Reliqui
3109 5195 3127 5234 :
3158 5184 3358 5237 studia.

2723 5251 2798 5319 (It)
2835 5250 2923 5314 Α.,
2967 5251 3087 5314 Tlt.,
3125 5266 3229 5304 non
3263 5251 3360 5305 de-

2545 5318 2606 5385 (ι)
2639 5317 2847 5389 Reliqui
2881 5337 2899 5374 :
2934 5321 3145 5375 locutus
3213 5337 3358 5378 sum.

2833 5391 2910 5462 (η)
2939 5391 3028 5454 Α..
3065 5391 3148 5457 S.,
3181 5391 3360 5445 inclu-

101 5467 194 5504 sus
225 5467 371 5505 sum.
453 5450 526 5520 (ο)
545 5448 770 5503 Octavo.
840 5454 924 5520 (ρ)
964 5448 1052 5515 Α.,
1084 5448 1508 5520 proclamarunt.
1589 5454 1772 5523 (q)A.,
1825 5456 1882 5509 in
1921 5448 2084 5511 domo
2110 5473 2274 5529 gazae.
2320 5457 2404 5525 S.,
2456 5461 2512 5513 in
2543 5459 2762 5514 exedra.

173 5589 253 5673 (θ’).
272 5588 445 5673 Syrus
476 5597 681 5673 noster,
716 5598 956 5673 ιιι-ωιτη,
992 5589 1458 5673 _qnod~respondet
1479 5591 1556 5662 τῷ
1579 5602 1728 5673 {tan
1753 5603 1935 5652 textus
1963 5596 2233 5654 llcbraici.
2262 5596 2557 5670 Perperam
2583 5601 2815 5658 reddidit
2847 5599 3116 5673 Norberg,
3144 5599 3355 5656 miseri-

105 5659 313 5724 cordia,
342 5669 401 5714 ut
431 5661 595 5716 habet
623 5669 801 5715 textus
825 5671 1076 5732 receptus
1105 5661 1212 5716 τῶν
1238 5659 1365 5730 Lxx,
1396 5659 1562 5726 ἔλεοξ.
1592 5665 1794 5721 Dawn.
