3782 6222
424 273 567 329 2563
1603 259 1827 318 consx
1869 255 2544 315 SYRO-HEXAPLARIS.
3574 267 3687 323 εδει

424 389 700 448 vestibulo
734 395 907 459 portae
933 401 1089 442 novre
1111 385 1309 442 domus
1339 382 1574 449 Domini,
1605 383 1661 438 in
1689 381 1916 438 auribus
1952 384 2019 450 χ(
2049 386 2094 443 Α
2123 377 2309 444 verba,
2359 393 2482 448 quae
2511 376 2810 447 scripserat
2845 377 3059 434 Baruch
3099 392 3166 434 ex
3195 393 3294 435 ore
3333 377 3595 446 Ieremia,
3620 385 3684 438 di.

425 478 611 535 omnis
639 479 662 546 1
691 477 898 548 populi.
931 476 1021 532 11.
1047 475 1114 530 Ει
1141 474 1353 530 audivit
1371 473 1548 528 Micha
1577 474 1721 529 ﬁlius
1753 471 2026 527 Gamariae
2127 482 2260 524 cens
2286 487 2300 522 :
2329 468 2421 524 28.
2456 469 2654 523 lterum
2674 483 2832 524 sume
2855 467 2952 523 tibi
2975 469 3219 524 chartam
3245 469 3434 536 aliam,
3467 481 3521 527 et
3543 475 3684 532 scribe

426 565 522 620 tilii
578 563 798 633 Sapban
829 563 1016 617 omnia
1053 563 1214 619 verba
1253 562 1464 617 Domini
1512 578 1578 618 ex
1616 563 1796 617 libro:
1844 561 1931 616 12.
1970 570 2026 618 et
2126 564 2195 631 καί
2247 577 2412 631 super
2434 578 2498 618 ea
2537 564 2560 633 1
2603 564 2788 618 omnia
2826 563 2988 618 verba
3046 566 3111 632 »ζ
3144 563 3262 620 haec
3301 555 3495 635 priora
3526 566 3624 622 hac
3650 571 3682 639 ε,

433 653 721 706 descendit
751 650 804 704 in
841 649 1068 705 domum
1116 649 1281 721 regis,
1317 649 1372 704 in
1417 649 1643 704 domum
1690 649 1886 705 scriba:
1923 668 1937 705 :
1966 658 2024 706 et
2125 667 2250 722 qua:
2279 652 2502 708 fuerunt
2526 669 2695 723 super
2725 653 2914 708 charta
2948 655 3015 721 χ(
3047 653 3216 723 priori
3260 655 3282 724 ζ
3313 694 3330 719 ,
3361 669 3530 725 quam
3562 672 3684 712 eom—

425 758 558 799 ecce
589 743 662 799 ibi
690 759 757 798 ex
784 743 1046 799 omnibus
1079 743 1419 814 principibus
1466 741 1750 809 sedebant,
1782 741 2023 799 Elisama
2139 745 2317 801 bussit
2345 742 2553 800 Jnacim
2596 760 2690 799 rex
2722 747 2790 813 Χ
2829 743 2983 800 Ιυάιε
3015 747 3061 816 1,
3093 746 3185 800 29.
3217 755 3271 801 et
3301 747 3370 801 ad
3399 743 3604 802 Joacim
3624 765 3684 802 re-

425 835 631 899 scriba,
671 843 725 890 et
772 836 954 890 Dalaia
1001 835 1146 890 ﬁlius
1177 836 1423 901 Samaaae,
1469 845 1523 892 et
1567 836 1824 891 Eliathim
1876 836 2022 893 ﬁlius

425 927 682 983 Abochor
721 927 808 998 (‘),
849 935 904 983 et
945 927 1202 983 Gamaria
1233 928 1376 984 ﬁlius
1424 926 1665 999 Saphan,
1699 936 1753 983 et
1793 928 2019 984 Sedecia

428 1021 573 1077 ﬁlius
604 1021 887 1086 Hananize,
923 1030 978 1076 et
1003 1037 1205 1102 omnes
1235 1022 1532 1094 principes.
1571 1023 1660 1076 15.
1699 1020 1764 1077 Et
1803 1038 2021 1077 annun-

426 1115 583 1169 tiavit
610 1114 690 1168 eis
747 1113 926 1169 Micha
966 1115 1150 1169 omnia
1196 1117 1384 1180 verba,
1419 1130 1542 1186 quae
1570 1115 1870 1180 audiverat,
1895 1131 2018 1172 cum

425 1213 631 1283 legeret
660 1211 869 1266 Baruch
897 1211 950 1266 in
981 1213 1147 1278 libro,
1184 1213 1238 1267 in
1265 1227 1427 1268 aures
1461 1212 1667 1282 populi.
1703 1212 1787 1266 14.
1822 1213 1890 1267 Et
1914 1211 2019 1266 mi-

426 1314 619 1360 serunt
641 1320 830 1360 omnes
856 1305 1132 1374 principes
1163 1305 1230 1359 ad
1266 1303 1502 1368 Baruch,
1535 1303 1601 1357 ad
1623 1300 1819 1357 Jehudi
1844 1303 2015 1357 ﬁlium

425 1398 733 1462 Nathanite,
782 1397 877 1452 ﬁlii
928 1397 1204 1462 Salamiae,
1242 1397 1336 1451 ﬁlii
1384 1396 1576 1459 Cliusi,
1620 1395 1865 1451 dicentes
1902 1395 2018 1468 :(r)

426 1490 677 1552 Librum,
711 1505 818 1558 quo
856 1488 1034 1560 legisti
1079 1491 1145 1556 )i(
1191 1489 1246 1543 in
1295 1503 1362 1544 eo
1393 1490 1416 1559 1
1457 1488 1511 1542 in
1545 1487 1772 1543 auribus
1806 1488 2013 1558 populi,

425 1597 582 1636 sume
615 1598 740 1636 eum
774 1581 829 1634 in
874 1597 1098 1635 manum
1130 1589 1300 1645 tuam,
1325 1590 1378 1636 et
1405 1581 1548 1637 veni.
1573 1581 1640 1638 Et
1670 1581 1869 1638 sumsit
1912 1581 2016 1637 Ba-

423 1673 560 1728 ruch
594 1673 738 1728 ﬁlius
770 1671 946 1728 Neria:
975 1672 1174 1726 librum
1207 1673 1261 1726 in
1303 1689 1469 1728 manu
1497 1690 1618 1740 sua,
1649 1683 1705 1730 et
1731 1674 2014 1730 descendit

2123 854 2244 910 gem
2266 835 2421 892 Iuda:
2441 837 2593 892 dices
2621 836 2750 892 :Sic
2776 837 2916 892 dixit
2941 837 3206 892 Dominus
3225 836 3336 892 :Tu
3367 839 3690 895 combussisti

2128 930 2334 985 librum
2373 929 2540 992 hunc,
2578 927 2648 1000 (k)
2675 944 2800 984 cum
2841 929 3024 985 dixisti
3065 948 3078 984 :
3113 929 3295 994 Quare
3323 931 3590 1002 scripsisti
3618 949 3694 986 su.

2122 1033 2231 1089 per
2257 1034 2346 1086 eo,
2372 1021 2564 1075 dicens
2593 1037 2608 1074 :
2637 1019 2704 1090 (ι)
2737 1018 3098 1091 lngrediendo
3128 1021 3472 1092 ingredietur
3505 1038 3592 1078 rex
3611 1021 3692 1076 Ba-

2122 1111 2358 1182 bylonis,
2392 1112 2489 1182 (τη)
2531 1117 2585 1166 et
2613 1111 2816 1166 delebit
2845 1121 3047 1166 terram
3076 1112 3240 1178 hanc,
3272 1112 3357 1183 (η)
3394 1113 3693 1170 etdeﬁcere

2123 1204 2288 1259 faciet
2319 1204 2388 1259 ab
2437 1219 2503 1258 ea
2546 1205 2846 1270 hominem,
2879 1214 2934 1259 et
2979 1204 3291 1274 iumentum
3311 1205 3338 1260 3
3363 1205 3458 1261 50.
3485 1205 3694 1278 Propter

2121 1297 2225 1350 hoc
2243 1297 2324 1352 sic
2351 1297 2489 1352 dixit
2523 1296 2792 1352 Dominus
2833 1311 2998 1367 super
3041 1294 3249 1352 Joacim
3289 1313 3478 1370 regem
3518 1298 3689 1356 Juda:

2118 1385 2237 1443 Non
2260 1388 2364 1443 erit
2391 1388 2440 1442 ci
2479 1389 2676 1444 sedens
2723 1403 2888 1459 super
2925 1388 3064 1444 solio
3095 1388 3316 1446 Davidis
3347 1412 3362 1446 :
3403 1400 3460 1447 et
3492 1392 3693 1448 cadaver

2118 1477 2240 1548 ejus
2263 1478 2369 1532 erit
2390 1478 2697 1548 projectum
2729 1478 2785 1533 in
2816 1488 2952 1534 aestu
2979 1479 3107 1545 diei,
3147 1491 3200 1535 et
3231 1481 3285 1536 in
3323 1483 3454 1551 gelu
3486 1486 3649 1540 noctis
3677 1502 3688 1537 :

2117 1568 2206 1624 5L
2241 1569 2310 1623 Et
2352 1569 2590 1625 visitabo
2636 1585 2802 1640 super
2831 1586 2978 1631 eum,
3001 1580 3056 1626 et
3083 1588 3248 1642 super
3275 1575 3352 1644 (ο)
3382 1591 3558 1646 genus
3573 1577 3690 1647 ejus,

2118 1669 2172 1716 et
2198 1675 2364 1731 super
2387 1676 2577 1718 servos
2605 1661 2724 1732 ejus
2753 1663 2821 1730 Χ
2853 1677 3046 1719 omnes
3075 1664 3097 1734 1
3125 1665 3446 1735 iniquitates
3482 1668 3692 1735 ejus:et

426 1764 494 1819 ad
523 1782 638 1820 eos.
678 1767 760 1821 15.
800 1766 866 1821 Et
895 1767 1152 1821 dixerunt
1177 1767 1225 1820 ei
1257 1767 1325 1836 (ι)
1355 1766 1455 1837 :(r)
1493 1765 1694 1821 lterum
1724 1769 1791 1836 χ
1815 1766 2011 1836 nunc:
2049 1744 2090 1800 Β
2119 1753 2386 1807 adducam
2419 1768 2585 1824 super
2608 1769 2723 1820 eos.
2752 1764 2808 1809 ει
2845 1769 3014 1824 super
3059 1754 3375 1812 habitanteé
3407 1758 3464 1812 in
3497 1756 3690 1814 Jerusa-

423 1859 541 1930 lege
572 1859 625 1914 in
664 1875 826 1914 aures
876 1869 1118 1915 nostras.
1147 1857 1214 1913 Et
1252 1859 1383 1926 legit
1409 1858 1622 1913 Baruch
1656 1862 1724 1927 Χ
1764 1858 1817 1912 in
1854 1873 2016 1913 aures

422 1967 617 2007 eorum
654 1953 700 2022 1.
736 1951 820 2006 16.
861 1953 927 2008 Et
971 1951 1172 2008 factum
1225 1963 1328 2015 est.
1357 1968 1482 2008 cum
1535 1952 1787 2007 audirent
1831 1950 2016 2007 omnia

424 2045 614 2112 verba,
639 2044 716 2117 (ιι)
737 2045 1195 2101 consultaveruut
1213 2045 1598 2116 unusquisque
1616 2045 1682 2099 ad
1703 2044 2013 2114 proximum

424 2153 610 2202 suum,
669 2147 724 2191 et
770 2136 1028 2191 dixerunt
1071 2136 1138 2192 ad
1181 2135 1437 2192 Baruch:
1495 2136 1574 2208 (π)
1629 2135 2016 2190 Annuntiando

423 2227 880 2284 annuntiabimus
906 2229 1016 2300 regi
1040 2227 1227 2283 omnia
1255 2228 1420 2284 verba
1451 2228 1588 2284 haec.
1623 2227 1708 2283 17.
1743 2226 1808 2282 Ει
1841 2226 2016 2281 Baru-

422 2322 592 2376 chum
661 2321 1089 2390 interrogarunt,
1151 2320 1456 2376 dicentes:
1514 2319 1794 2375 Annuntia
1857 2320 2016 2375 nobis

423 2414 609 2484 igitur,
668 2413 816 2468 unde
857 2412 1127 2483 scripsisti
1173 2413 1358 2468 omnia
1393 2413 1558 2468 verba
1587 2412 1702 2467 haec
1728 2415 1795 2480 >κ
1843 2412 1918 2484 (y)
1946 2427 2015 2467 ex

421 2523 518 2561 ore
561 2507 682 2576 ejus
717 2507 784 2576 1?
831 2506 918 2563 18.
952 2506 1018 2561 Εῑ
1067 2507 1208 2562 dixit
1239 2509 1307 2575 Χ
1335 2506 1413 2561 eis
1445 2505 1468 2575 1
1511 2505 1725 2561 Baruch
1761 2523 1773 2558 :
1808 2506 1886 2560 Ex
1919 2521 2015 2561 ore

421 2613 525 2651 suo
555 2595 794 2651 Jeremia
827 2597 1175 2652 annuntiavit
1202 2598 1334 2652 mihi
1361 2598 1548 2653 omnia
1589 2597 1752 2652 verba
1783 2598 1922 2662 haec,
1961 2606 2016 2653 et

419 2705 520 2760 ego
546 2689 738 2760 scripsi
779 2705 945 2761 super
985 2691 1126 2745 libro
1157 2691 1212 2745 in
1247 2699 1576 2745 atramento.
1615 2688 1706 2745 19.
1755 2689 1820 2744 Et
1854 2689 2014 2744 dixe-

421 2791 552 2836 runt
591 2784 664 2848 (z)
690 2783 968 2854 principes
994 2783 1060 2838 ad
1088 2783 1300 2838 Baruch
1345 2799 1357 2836 :
1401 2782 1566 2848 Vade,
1600 2783 1811 2838 ocrulta
1842 2792 1914 2848 te,
1957 2792 2013 2838 tu

421 2882 476 2926 et
519 2870 755 2926 Ieremia
787 2891 800 2926 :
837 2873 1003 2927 homo
1052 2889 1161 2926 non
1193 2872 1354 2936 sciat,
1385 2871 1476 2926 ubi
1508 2886 1624 2926 vos.
1678 2871 1768 2926 20.
1812 2870 1876 2924 Et
1933 2870 2017 2924 in-

423 2963 594 3032 gressi
620 2973 747 3018 sunt
778 2965 843 3018 ad
871 2980 1052 3036 regem
1085 2965 1138 3018 in
1168 2965 1367 3018 atrium
1397 2981 1410 3018 :
1440 2972 1493 3017 et
1516 2963 1715 3017 librum
1751 2961 1823 3033 (a)
1851 2962 2016 3017 dede-

426 3064 556 3108 runt
589 3055 655 3109 ad
678 3055 1099 3110 custodiendum
1127 3056 1201 3124 (b)
1232 3055 1482 3109 in'domo
1515 3054 1770 3109 Elisamae
1796 3054 2010 3108 scribae.

424 3146 492 3200 Et
537 3147 936 3202 annuntiarunt
964 3147 1036 3217 (c)
1071 3146 1186 3218 regi
1225 3147 1410 3201 omnia
1443 3147 1558 3200 haec
1589 3145 1776 3201 verba.
1815 3144 1904 3198 21.
1951 3144 2016 3199 Et

422 3240 574 3294 niisit
605 3253 696 3293 rex
723 3238 919 3294 Jebudi
952 3239 1020 3294 ad
1067 3239 1393 3293 sumendum
1431 3235 1652 3291 librum.
1702 3235 1768 3290 Et
1817 3237 2016 3291 sumsit

422 3346 550 3383 eum
582 3331 668 3400 (ά)
709 3346 776 3384 ex
835 3329 1004 3386 domo
1056 3328 1308 3385 Elisamaz
1347 3328 1564 3393 scribae,
1614 3336 1668 3382 et
1706 3325 1836 3396 legit
1887 3341 2012 3379 eum

420 3420 619 3476 Jehudi
651 3421 704 3476 in
738 3438 902 3476 aures
948 3421 1115 3492 regis,
1145 3431 1199 3476 et
1225 3421 1280 3476 in
1323 3437 1486 3476 aures
1523 3420 1769 3476 omnium
1809 3419 2014 3489 princi-

422 3531 553 3584 pum
585 3515 848 3568 stantium
899 3515 1048 3570 circa
1080 3529 1282 3585 regem.
1324 3515 1414 3568 22.
1455 3513 1522 3568 Et
1566 3529 1662 3568 rex
1698 3511 1920 3569 sedebat
1958 3511 2012 3566 in

421 3608 589 3662 domo
614 3607 855 3672 hiemali,
893 3606 948 3661 in
1003 3622 1192 3661 mense
1223 3623 1394 3672 nono,
1456 3615 1511 3662 et
1559 3605 1714 3662 locus
1754 3607 1824 3676 (ε)
1871 3605 2013 3676 ignis

422 3709 549 3754 ante
603 3700 796 3755 faciem
833 3700 973 3771 ejus.
1015 3700 1108 3755 23.
1144 3698 1209 3754 Et
1260 3700 1463 3755 factum
1491 3712 1598 3768 est,
1631 3718 1756 3756 cum
1811 3702 2014 3772 legeret

421 3790 620 3848 Jehudi
651 3791 752 3846 tria
788 3790 916 3847 folia
941 3801 995 3847 et
1017 3802 1275 3862 quatuor,
1299 3793 1519 3850 discidit
1545 3811 1608 3850 ea
1639 3796 1854 3866 scalpro
1875 3797 2013 3851 scri-

433 3886 536 3948 ba,
573 3895 627 3939 et
653 3885 786 3956 jecit
833 3885 890 3940 in
926 3884 1131 3954 ignem,
1155 3887 1251 3956 qui
1279 3902 1444 3956 super
1471 3886 1615 3952 foco,
1651 3887 1824 3943 donec
1862 3889 2011 3944 defe-

425 3978 501 4031 r-it
557 3986 669 4032 tota
717 3977 907 4032 charta
963 3977 1017 4032 in
1066 3977 1267 4048 ignem,
1301 3981 1368 4046 Ἀ(
1419 3979 1513 4050 qui
1577 3995 1742 4050 super
1787 3982 1810 4052 1
1865 3981 2008 4038 foco.

421 4071 514 4128 24.
550 4071 615 4127 Et
655 4089 765 4129 non
817 4072 1154 4143 quaesierunt
1186 4075 1276 4145 (Ι),
1329 4090 1508 4146 neque
1548 4085 1814 4146 ruperunt
1849 4077 2013 4130 vesti-

423 4176 608 4220 menta
640 4180 738 4220 sua
776 4180 896 4233 rex,
945 4175 1000 4221 et
1031 4181 1223 4222 omnes
1252 4167 1394 4222 servi
1425 4167 1568 4236 ejus,
1594 4166 1687 4238 qui
1720 4167 2014 4224 audierunt

423 4256 610 4310 omnia
643 4257 809 4311 verba
854 4257 989 4312 haec.
1018 4255 1109 4311 25.
1144 4257 1218 4328 (g)
1248 4255 1314 4312 Et
1347 4259 1616 4322 liliathau,
1646 4267 1700 4312 et
1731 4257 1938 4323 Dalaia,
1959 4269 2014 4314 et

423 4347 680 4404 Gamaria
706 4349 784 4419 (Ir)
815 4349 1107 4404 consilium
1127 4351 1394 4406 dederunt
1415 4351 1550 4420 regi,
1575 4361 1633 4405 ut
1657 4368 1763 4405 non
1783 4354 2012 4408 combu-

2117 1845 2247 1911 lem,
2279 1855 2331 1900 et
2369 1860 2534 1916 super
2567 1846 2645 1916 (ρ)
2690 1856 2892 1902 terram
2949 1845 3104 1904 Judaa
3150 1849 3339 1905 omnia
3381 1852 3546 1917 mala,
3589 1868 3690 1923 qua

2117 1938 2336 1993 locutus
2400 1951 2524 1992 sum
2592 1953 2759 2009 super
2831 1953 2948 2005 eos,
2999 1981 3018 2007 ,
3079 1949 3132 1996 et
3167 1955 3280 1996 non
3365 1943 3688 2000 audiverunt.

2116 2029 2207 2084 '52.
2236 2027 2302 2083 Et
2323 2027 2560 2084 Jeremia
2592 2031 2796 2086 sumsit
2829 2032 3083 2086 chartam
3115 2033 3301 2099 aliam,
3332 2042 3390 2089 et
3415 2037 3562 2092 dedit
3586 2053 3687 2092 eam

2117 2122 2184 2175 ad
2209 2119 2424 2175 Baruch
2449 2120 2622 2176 ﬁlium
2653 2120 2831 2178 Neria:
2856 2123 3117 2191 scribam,
3149 2137 3202 2182 et
3225 2128 3452 2198 scripsit
3476 2146 3627 2199 super
3639 2146 3689 2184 ea

2115 2228 2180 2267 ex
2209 2229 2304 2268 ore
2334 2212 2586 2270 Jerernia:
2605 2215 2793 2270 omnia
2827 2216 2995 2271 verba
3034 2217 3180 2282 libri,
3213 2233 3377 2288 quem
3400 2222 3689 2275 combusse

2116 2317 2203 2361 rat
2255 2304 2466 2361 Joacim
2507 2321 2602 2362 rex
2632 2305 2788 2362 Judae
2840 2308 2896 2362 in
2948 2309 3072 2379 igne
3106 2327 3120 2364 :
3151 2320 3206 2366 et
3242 2311 3487 2382 ampiius
3537 2313 3688 2367 addita

2115 2408 2245 2454 sunt
2274 2400 2324 2454 ei
2349 2400 2514 2454 verba
2544 2400 2720 2470 plura,
2751 2401 2898 2456 sicut
2931 2400 3072 2457 haec.

2185 2491 2318 2562 Cap.
2353 2491 2617 2548 XXXVII.
2642 2492 2788 2549 -1,
2829 2492 2898 2548 Ει
2914 2496 3167 2566 regnavit
3193 2513 3286 2552 rex
3307 2497 3541 2553 Sedecia
3571 2499 3689 2554 ﬁlius

2114 2578 2285 2637 Josia:
2338 2597 2440 2654 pro
2488 2582 2754 2639 Jecbonia
2794 2584 2910 2641 ﬁlio
2939 2584 3152 2642 Joacim
3178 2628 3192 2648 .
3230 2604 3398 2658 quem
3435 2592 3690 2646 constituit

2115 2688 2297 2744 regem
2323 2673 2830 2732 Nabuchodonosor
2865 2692 2959 2734 rex
3002 2677 3319 2750 Babylonis,
3369 2691 3428 2736 ut
3465 2695 3689 2753 regnaret

2118 2766 2194 2837 (ᾳ)
2224 2781 2392 2838 super
2417 2765 2583 2822 Juda.
2605 2767 2661 2822 2.
2686 2767 2748 2822 Et
2777 2783 2888 2824 non
2919 2769 3130 2824 audivit
3159 2770 3297 2840 ipse,
3320 2780 3376 2826 et
3401 2773 3547 2826 servi
3569 2772 3686 2841 ejus,

2116 2867 2170 2914 et
2205 2860 2439 2930 populus
2465 2868 2647 2926 terrae,
2672 2861 2836 2916 verba
2863 2861 3101 2928 Domini,
3136 2880 3261 2934 quae
3293 2865 3512 2921 locutus
3544 2878 3616 2922 est
3643 2869 3686 2921 in

2117 2968 2284 3007 manu
2329 2949 2584 3008 Ieremia:
2615 2954 2922 3025 prephetae.
2963 2955 3018 3010 3.
3057 2954 3124 3010 Et
3173 2957 3327 3012 misit
3351 2974 3448 3013 rex
3491 2957 3685 3014 Sedeeia

2119 3044 2190 3116 (r)
2223 3044 2456 3100 Jucham
2499 3046 2673 3101 ﬁlium
2727 3047 3001 3116 Selemiae,
3050 3059 3106 3105 et
3152 3050 3498 3120 Sophoniam
3543 3053 3684 3106 ﬁlium

2119 3135 2365 3193 Maasaeae
2400 3137 2744 3193 sacerdotem
2785 3141 2852 3194 ad
2882 3139 3177 3197 Jcremiam
3203 3146 3270 3211 Ἃ(
3301 3144 3608 3214 pr0pbetam
3631 3145 3649 3210 ζ
3670 3184 3682 3205 .

2116 3229 2307 3286 dicens
2331 3249 2346 3286 :
2367 3229 2475 3287 Ora
2495 3231 2562 3300 Ἀ(
2594 3247 2742 3286 nunc
2770 3232 2791 3302 1
2816 3249 2913 3304 pro
2946 3234 3104 3290 nobis
3133 3235 3200 3290 ad
3225 3235 3520 3292 Dominum
3540 3236 3684 3291 Deum

2117 3332 2389 3377 nostrum.
2433 3324 2488 3378 4.
2522 3322 2590 3377 Et
2618 3322 2855 3379 Jeremia
2888 3326 2956 3395 (ε)
2995 3327 3212 3381 transiit
3260 3343 3360 3398 per
3383 3328 3684 3395 medium(t)

2116 3415 2291 3470 turbae
2319 3435 2333 3471 :
2365 3424 2421 3471 et
2451 3432 2558 3472 non
2593 3417 2869 3472 duxerunt
2895 3435 3018 3474 eum
3057 3419 3136 3492 (ιι)
3177 3420 3234 3474 in
3265 3421 3491 3476 domum
3525 3430 3687 3476 custo-

2115 3509 2239 3566 diae.
2274 3510 2328 3564 5.
2364 3509 2432 3564 Et
2463 3510 2707 3581 potentia
2751 3510 3062 3569 Pharaonis
3089 3515 3224 3569 exiit
3254 3530 3322 3570 ex
3355 3515 3610 3589 (Egypto:
3639 3526 3687 3570 et

2115 3601 2413 3657 audierunt
2449 3602 2711 3670 Chaldaei,
2742 3606 2838 3675 qui
2859 3608 3364 3673 Xcircumdabant
3400 3609 3534 3666 bello
3562 3611 3582 3679 1
3610 3607 3687 3663 Je-

2114 3695 2378 3760 rusalem,
2410 3695 2615 3750 famam
2648 3713 2864 3764 eorum,
2905 3703 2972 3768 X
3001 3710 3055 3754 et
3087 3701 3454 3757 ascenderunt
3483 3717 3510 3757 a
3542 3700 3683 3756 Jeru-

2115 3786 2344 3854 salem1.
2369 3787 2421 3842 6.
2444 3786 2510 3842 Et
2526 3787 2730 3844 factum
2749 3799 2833 3845 est
2848 3795 3075 3848 verbum
3094 3791 3306 3848 Domini
3329 3794 3396 3848 ad
3414 3793 3682 3848 Jeremiam

2114 3876 2460 3947 prophetam,
2499 3878 2690 3935 dicens
2719 3899 2732 3934 :
2768 3879 2819 3936 7.
2855 3879 2948 3937 Sic
2973 3882 3113 3937 dixit
3156 3881 3301 3938 Deus
3333 3883 3546 3939 Israelis
3568 3901 3580 3934 :
3606 3883 3682 3938 Sic

2113 3969 2306 4025 dicetis
2357 3971 2423 4024 ad
2464 3986 2647 4042 regem
2696 3971 2875 4041 Judaa,
2922 3977 3015 4046 qui
3051 3977 3199 4032 misit
3231 3979 3418 4044 Xvos
3441 3979 3507 4033 ad
3537 3978 3679 4046 me1,

2116 4063 2183 4117 ad
2220 4063 2620 4134 exquirendum
2652 4080 2740 4122 me
2765 4085 2778 4121 :
2804 4065 2944 4122 Ecce
2968 4070 3210 4139 potentia
3243 4069 3680 4142 Pharaonis,quae

2113 4155 2247 4210 exiit
2262 4155 2314 4209 in
2329 4155 2595 4211 auxilium
2613 4162 3373 4232 vestrurn,revertentur(:c)in
3383 4162 3676 4234 Egyptum:

2114 4246 2168 4300 8.
2199 4245 2265 4302 Et
2294 4247 2551 4303 redibunt
2577 4262 2641 4304 σθ-
2671 4249 2748 4304 illi
2773 4249 2795 4318 1
2821 4251 3083 4317 Chaldaei,
3113 4262 3168 4308 et
3197 4255 3516 4326 pugnabunt
3536 4271 3679 4325 super

2117 4337 2308 4392 urbem
2347 4339 2510 4402 hanc,
2543 4350 2598 4394 et
2627 4341 2847 4410 capient
2879 4357 3024 4409 eam,
3058 4353 3113 4398 et
3152 4346 3478 4402 coniburent
3497 4363 3606 4402 eam
3631 4346 3673 4400 in

422 4450 568 4496 reret
599 4442 848 4496 chartam
889 4461 903 4497 :
937 4450 989 4497 ct
1021 4458 1130 4497 non
1161 4443 1369 4497 audivit
1395 4460 1507 4498 eos.
1551 4443 1641 4498 26.
1672 4443 1737 4497 Et
1758 4445 2014 4515 prmeepit
2046 4455 2090 4511 1)
2117 4430 2259 4498 ίιξηθ·

2126 4431 2259 4498 igne.
2287 4431 2341 4485 9.
2371 4429 2463 4486 Sic
2486 4431 2626 4486 dixit
2653 4431 2920 4490 Dominus
2958 4454 2972 4490 :
3017 4437 3096 4507 (ν)
3129 4435 3203 4492 Ne
3237 4440 3557 4494 existimetis
3577 4439 3673 4493 ani-

420 4552 516 4590 rex
557 4534 812 4591 Jereniiel
862 4537 972 4591 ﬁlio
1009 4537 1174 4602 regis,
1227 4548 1281 4592 et
1318 4536 1523 4592 Saraim
1565 4539 1677 4592 ﬁlio
1725 4537 1925 4603 Ezriel,
1955 4549 2010 4594 et

424 4628 672 4683 Selemia:
720 4629 834 4683 lilio
872 4630 1086 4693 Abdiel,
1123 4638 1183 4684 ut
1227 4629 1754 4698 comprehenderent
1796 4629 2006 4686 Baruch

421 4723 682 4787 scribam,
725 4731 780 4776 et
810 4720 1102 4778 Jeremiam
1138 4721 1454 4793 prophetam
1481 4739 1496 4788 ;
1523 4723 1584 4791 (ἱ)
1610 4730 1663 4777 et
1692 4740 1750 4777 se
1776 4723 2009 4778 abscon-

423 4811 698 4865 diderunt.
728 4811 818 4866 27.
851 4812 918 4865 Et
938 4811 1139 4865 factum
1164 4822 1249 4867 est
1272 4811 1498 4866 verbum
1531 4811 1741 4867 Domini
1768 4815 1832 4869 ad
1857 4813 2008 4870 Jere-

421 4905 612 4969 miam,
635 4912 924 4972 postquam
940 4903 1319 4960 combusserat
1343 4917 1436 4957 rex
1459 4903 1728 4970 chartam,
1749 4915 1802 4961 et
1825 4908 2008 4964 omnia

491 5086 571 5213 (τέ
594 5086 683 5152 Α.,
717 5087 996 5142 volumen.
1057 5087 1138 5153 8.,
1200 5086 1522 5157 capitulum.
1616 5087 1691 5213 ἓε)
1736 5086 2041 5160 Principes.

491 5164 502 5213 i
579 5200 616 5213 ..
648 5159 824 5213 visne.
875 5166 936 5213 ut
985 5159 1422 5213 annuutiemus?
1494 5156 1571 5213 tu)
1661 5198 1698 5213 ..
1736 5174 1802 5213 ex
1833 5175 1927 5213 ore
1961 5163 2041 5213 eiu

421 5159 502 5228 (ω)
533 5156 616 5224 S.,
648 5159 824 5220 visne,
875 5166 936 5213 ut
985 5156 1422 5215 annuutiemus?
1494 5156 1571 5228 (9)

421 5229 506 5295 8.,
557 5239 897 5300 posuerunt:
981 5231 1056 5298 (b)

419 5299 638 5356 ardens.
730 5301 816 5370 κα)
876 5299 1186 5354 Dominum.

419 5369 910 5427 abscondiditﬂeos
962 5369 1246 5425 Dominus.
1296 5370 1379 5432 S.,

419 5443 693 5497 veniendo
724 5443 923 5497 veniet.

1661 5174 1802 5242 .,nex
1833 5175 1927 5241 ore
1961 5163 2082 5242 ejus
2110 5163 2451 5242 dixit,gs_icut
2483 5170 2579 5239 qui
2623 5171 2754 5242 tegit
2798 5163 3017 5228 ad'me.

1113 5228 1202 5294 Α..
1252 5227 1644 5300 domogaza.
1703 5227 1785 5294 S.,
1834 5230 1889 5284 in
1938 5227 2161 5290 exedra.

1285 5300 1361 5383 (ρ)
1420 5298 1511 5383 Ας,
1540 5311 1595 5355 et
1655 5301 1896 5383 quidem.
1949 5301 2032 5368 8.,
2093 5314 2150 5359 et
2201 5298 2388 5383 igitur.
2495 5311 2573 5383 (li)

1319 5370 1379 5431 3.,
1445 5371 1790 5424 abscondidit
1833 5387 1928 5426 eos
1977 5384 2164 5431 autem

1001 5443 1100 5520 (ut)
1123 5441 1212 5520 4.,
1237 5440 1322 5505 S.,
1364 5449 1420 5520 et
1438 5443 2023 5520 corruni’pet_._‘_(_u)_lj3t
2054 5447 2263 5520 perdet.
2354 5450 2431 5520 (0)
2461 5453 2500 5504 Α

2121 4522 2313 4578 mabus
2341 4525 2560 4589 vestris,
2589 4526 2835 4584 dicentes
2863 4544 2877 4580 :
2909 4529 3177 4585 Abeundo
3219 4533 3451 4588 abibunt
3486 4549 3514 4588 a
3542 4531 3673 4588 nobis

2115 4614 2353 4671 Chaldaei
2382 4633 2396 4682 ;
2426 4617 2554 4686 quia
2585 4633 2693 4673 non
2728 4619 2976 4675 abibunt.
3010 4621 3099 4676 10.
3138 4621 3204 4678 Et
3250 4624 3296 4680 si
3323 4626 3674 4696 percusseritis

2116 4720 2337 4763 omnem
2388 4720 2712 4779 potestatem
2747 4711 3152 4783 Chaldaeorum,
3186 4732 3305 4783 eos,
3343 4721 3435 4790 qui
3464 4729 3674 4792 pugnant

2115 4812 2304 4856 contra
2333 4818 2455 4868 vos,
2484 4813 2555 4861 et,
2575 4807 2940 4861 remanserint
2978 4807 3033 4862 in
3075 4809 3146 4865 iis
3178 4809 3403 4880 quidam
3436 4812 3674 4876 transﬁxi,

2117 4894 2193 4964 (χ)
2217 4895 2600 4967 unusquisque
2616 4897 2670 4952 in
2693 4897 2816 4953 loco
2836 4913 2962 4969 suo,
2985 4913 3048 4956 -ι-
3066 4900 3120 4956 hi
3151 4916 3458 4975 resurgent,
3481 4915 3531 4960 et
3546 4920 3676 4960 conv

2143 5094 2351 5177 (0.4-3
2427 5097 2576 5177 εεὲάθ⁵
2619 5114 2788 5177 pulte.
2849 5101 2956 5177 ⁸(ιι)
2987 5100 3078 5170 Λ.,
3109 5102 3235 5177 8.,⁸
3275 5103 3676 5177 obstupuerunt.

3097 5173 3398 5247 (z)_0ml_le.
3442 5173 3552 5247 '(ai
3599 5175 3675 5236 Α..

2272 5239 2343 5308 (c)
2394 5239 2454 5294 ln
2493 5239 2721 5317 auribus
2779 5243 2946 5317 regis.
3031 5239 3113 5317 (ὀ)
3154 5239 3403 5302 Ἰθίιιιὰἱκ
3484 5239 3557 5315 ’(ε)
3598 5247 3675 5305 Α..

2374 5349 2388 5390 τ
2495 5312 2573 5383 (Ιι)
2616 5312 2700 5375 8.,
2760 5312 3050 5395 dixeruut'
3091 5312 3302 5398 contra.
3417 5312 3591 5442 φλ..
3625 5323 3679 5400 ‘et

2374 5396 2515 5436 inus.
2623 5381 2696 5442 (k)
2755 5383 3018 5442 Reliqui:
3075 5387 3289 5442 dicens.
3397 5387 3674 5442 HA...S..

2275 5381 2560 5459 ominus;
2623 5381 2696 5451 (k)
2755 5383 3018 5459 Reliqui:
3075 5387 3289 5442 dicens.
3397 5381 3674 5459 (I)'A.,_S.,

2509 5490 2550 5526 ._.
2584 5467 2786 5526 semen
2822 5454 2962 5526 eius,
3011 5465 3066 5510 et
3125 5472 3294 5526 super
3331 5454 3523 5516 servos
3551 5457 3674 5525 ejus.

420 5510 500 5599 (ρ)
531 5513 622 5577 Α.,
653 5513 852 5599 virum.
891 5513 988 5599 _(q)
1017 5515 1110 5599 .11.,
1141 5512 1194 5565 in
1215 5521 1358 5599 terra
1389 5510 1562 5599 Judzn.
1641 5511 1712 5599 _(r)
1746 5510 2268 5582 1οΥΧᾹΛ,ζΙιιεΙιαι.

2127 5519 2268 5573 chal.
2298 5510 2388 5586 Δί,
2408 5510 2724 5590 S.,Juchal,
2744 5524 2834 5578 τὸν
2857 5510 3093 5596 Ἷοῦχαλ.
3127 5510 3144 5512 ἡ
3171 5510 3675 5599 (siitringr‘cdiens

420 5578 617 5691 iniu-et
643 5596 849 5691 cadens
879 5578 1004 5691 spro
1017 5578 1138 5654 55:1
1166 5605 1218 5650 et
1243 5597 1435 5689 cadens
1466 5578 1775 5691 legendum,
1810 5599 1940 5654 mihi
1980 5578 2305 5691 persuadeo,
2335 5578 2549 5691 ρέηέι
2579 5578 2888 5679 egrediens).
2966 5578 3032 5679 ᾗ)

421 5679 500 5746 (u)
538 5681 626 5743 A.,
657 5677 740 5741 S.,
777 5679 832 5732 in
860 5679 1088 5732 domum
1117 5679 1380 5733 carceris.

1460 5680 1537 5748 (π)
1563 5681 1651 5745 Α.,
1672 5681 1724 5732 in
1746 5691 1948 5736 terram
1980 5699 2160 5740 suam.

422 5747 506 5800 vir
537 5748 592 5801 in
623 5748 858 5802 tentorio
881 5763 1000 5803 suo.
1078 5748 1143 5812 (')
1171 5746 1311 5815 Lege
1349 5746 1623 5805 Achelior.
1658 5750 1741 5808 Cf.
1776 5768 1941 5817 supra
1975 5769 2124 5820 xxvr,
2159 5746 2250 5810 ‘22:

2236 5686 2314 5758 (ν)
2336 5686 2521 5757 Ἁ.,8.,
2550 5704 2619 5777 ne
2641 5690 2929 5763 decipiatis
2948 5693 3161 5752 animas
3193 5705 3428 5754 vestras.
3505 5695 3573 5769 (ι)
3592 5694 3671 5761 Δ..
