3782 6222
80 335 236 390 2565

94 542 358 598 ascendit
382 549 623 612 potestas
637 540 1069 596 Chaldaeorume
1102 540 1403 596 Jerusalem
1451 542 1520 597 ab
1552 552 1682 598 ante

82 634 294 690 faciem
318 634 610 705 potestatis
627 632 1056 700 Pharaonis,12.
1075 634 1252 690 Exivit
1266 633 1574 690 Ieremiaex
1594 633 1681 690 Ie-

81 728 362 793 rusalem,
386 736 446 782 ut
467 727 570 783 iret
585 727 854 782 interram
877 727 1181 796 Beniamin,
1199 727 1274 799 (b)
1294 736 1353 782 ut
1383 736 1590 783 emeret
1611 727 1681 800 (ε)

80 820 224 874 inde
258 820 316 872 in
360 817 540 872 medio
584 819 794 889 populi.
851 819 938 873 15.
989 817 1056 872 Et
1107 818 1212 873 fuit
1277 819 1393 888 ipse
1429 818 1485 872 in
1523 827 1681 889 porta

82 911 406 982 Beniamin,
430 910 510 981 (ά)
534 919 587 965 et
614 910 692 965 ibi
721 911 890 965 homo
911 950 929 977 ,
976 911 1118 980 apud
1160 925 1321 980 quem
1354 910 1678 974 divertebat,

85 1007 156 1073 κ
191 1004 286 1058 cui
319 1018 518 1057 nomen
548 1003 571 1073 1
609 1000 679 1073 (e)
739 1001 928 1071 Iaruja
978 1003 1125 1058 ﬁlius
1173 1001 1421 1058 Selemite
1450 1002 1544 1056 filii
1573 1000 1681 1056 Ha~

80 1096 275 1150 naniae
305 1114 320 1150 :
352 1103 408 1149 et
430 1094 721 1164 prehendit
744 1093 1036 1150 Ieremiam
1069 1095 1411 1164 prophetam,
1453 1095 1677 1150 dicens:

82 1186 172 1240 Ad
199 1184 491 1241 Chaldaeos
535 1186 604 1256 (f)
655 1195 714 1240 tu
763 1185 928 1257 fugis.
983 1185 1068 1240 14.
1126 1186 1194 1241 Et
1227 1186 1364 1242 dixit
1403 1184 1677 1241 Ieremia:

86 1277 466 1344 Mendacium,
497 1294 606 1333 non
634 1279 785 1349 fugio
808 1279 874 1332 ad
904 1277 1213 1336 Chaldaeos.
1250 1277 1318 1332 Et
1346 1294 1453 1332 non
1476 1279 1683 1334 audivit

83 1385 218 1424 eum
247 1388 262 1424 :
287 1379 344 1424 et
374 1371 791 1440 comprehendit
827 1369 1019 1438 Iaruja
1068 1368 1382 1431 Ieremiam,
1428 1380 1483 1424 et
1509 1370 1682 1425 intro-

83 1463 254 1517 duxit
295 1477 424 1516 eum
471 1463 537 1518 ad
595 1462 890 1532 principes.
946 1463 1033 1517 15.
1093 1463 1160 1516 Et
1219 1462 1526 1517 exacerbati
1556 1471 1681 1518 sunt

84 1553 376 1623 principes
403 1569 567 1624 super
592 1552 911 1618 Ieremiam,
944 1564 998 1610 et
1026 1562 1418 1624 percusserunt
1450 1570 1600 1620 eum,
1629 1566 1684 1610 et

87 1646 444 1700 tradiderunt
471 1660 594 1700 eum
612 1645 752 1714 »εἰη
779 1646 1003 1701 domum
1034 1648 1274 1702 carceris
1301 1646 1323 1714 1
1354 1647 1410 1702 in
1453 1646 1678 1701 domum

85 1737 420 1793 Ionathanis
451 1738 680 1805 scribae;
721 1738 850 1808 quia
882 1739 1104 1792 domum
1149 1739 1272 1809 eius
1311 1739 1554 1794 fecerant
1583 1738 1681 1794 do.

1264 334 1580 390 IEREMIE
1617 334 1845 392 CAPUT
1879 335 2165 390 XXXVIII.

82 450 298 502 burent
317 447 505 501 urbem
527 446 669 500 hanc
688 445 739 499 in
758 444 900 515 igne.
921 446 1008 501 11.
1027 445 1090 500 Et
1114 446 1318 502 factum
1343 449 1673 517 est,(a)cum
1705 456 1749 512 Α
1779 452 1912 506 urbe
1945 453 2011 519 Χ
2039 452 2141 505 hac
2181 453 2202 520 1

3217 335 3362 392 2366

2228 492 2242 516 ,
2282 459 2336 504 et
2368 467 2560 507 manus
2588 453 2763 507 omnis
2794 453 3000 522 populi,
3031 455 3260 524 loquens
3288 459 3356 512 ad

1782 558 1878 598 eos
1901 542 2054 613 iuxta
2082 544 2242 597 verba
2273 543 2406 596 haec.
2435 543 2574 610 Quia
2623 545 2786 598 homo
2835 545 2921 601 hie
2951 546 3030 616 (π)
3080 563 3191 602 non
3220 551 3360 604 vati—

1783 637 2001 691 cinatur
2025 651 2216 707 pacem
2256 637 2460 707 populo
2503 636 2656 702 huic,
2701 638 2794 693 sed
2841 640 3002 694 mala.
3050 641 3103 696 5.
3131 643 3200 696 Et
3221 642 3360 698 dixit

1785 744 1882 785 rex
1922 728 2149 784 Sedecia
2176 749 2188 783 :
2221 728 2360 784 Ecce
2382 730 2474 784 ille
2496 730 2552 784 in
2588 731 2838 787 manibus
2870 733 3100 788 vestris:
3129 735 3206 804 (εί)
3228 736 3359 806 quia

1793 835 1890 875 rex
1920 817 2183 873 adversus
2227 833 2325 873 eos
2375 834 2484 874 non
2520 826 2735 888 poterat
2765 822 2833 888 Χ
2867 827 2924 874 et
2939 835 3048 874 non
3077 822 3280 891 aliquid
3306 823 3353 892 1.

1783 908 1837 962 6.
1872 907 1938 962 Et
1989 917 2308 964 sumserunt
2363 911 2428 976 3K
2481 908 2770 964 Ieremiam
2810 910 2872 979 1,
2926 918 2983 965 et
3015 911 3361 980 proiecerunt

1783 1015 1909 1055 eum
1947 1002 2002 1055 in
2034 999 2250 1055 foveam
2280 1000 2522 1056 Melchiae
2549 1001 2645 1056 filii
2679 1003 2844 1072 regis,
2869 1002 2964 1072 qui
2991 1011 3110 1056 erat
3136 1003 3190 1058 in
3220 1005 3359 1059 atrio

1784 1092 2021 1147 carceris
2050 1099 2143 1147 :et
2169 1091 2509 1146 demiserunt
2545 1107 2670 1146 eum
2701 1095 2768 1160 )a(
2816 1093 2871 1147 in
2908 1092 3130 1148 funibus
3166 1095 3188 1163 1
3217 1109 3278 1149 -ι-
3303 1095 3357 1150 in

1784 1183 1991 1238 foveam
2027 1184 2050 1253 1
2081 1202 2094 1239 :
2125 1191 2179 1238 et
2210 1181 2264 1237 in
2299 1182 2455 1238 fovea
2479 1199 2585 1238 non
2615 1192 2731 1239 erat
2752 1191 2918 1255 aqua,
2941 1185 3036 1240 sed
3063 1185 3138 1257 (χ)
3163 1187 3357 1252 lutum,

1784 1275 1860 1346 (a)
1885 1283 1942 1330 et
1975 1283 2094 1329 erat
2119 1277 2187 1342 )t(
2209 1273 2443 1330 Ieremia
2471 1276 2494 1344 1
2519 1275 2574 1330 in
2595 1276 2732 1330 luto.
2769 1275 2819 1331 7.
2859 1275 2926 1330 Et
2950 1278 3160 1332 audivit
3183 1279 3363 1334 Abde-

1785 1367 1994 1422 melech
2027 1366 2289 1437 Atthiops
2308 1371 2375 1436 >ε<
2402 1367 2485 1421 vir
2517 1369 2804 1424 eunuchus
2833 1369 2895 1439 1,
2931 1381 2987 1425 et
3012 1377 3132 1425 erat
3163 1370 3360 1442 ipsein

1785 1457 1924 1513 atrio
1947 1459 2126 1529 regis,
2161 1458 2309 1527 quod
2359 1459 2636 1514 misissent
2686 1458 2980 1516 Ieremiam
3023 1462 3078 1515 in
3111 1461 3360 1518 foveam:

1785 1559 1840 1604 et
1875 1565 1968 1605 rex
1995 1550 2216 1606 sedebat
2242 1549 2298 1604 in
2329 1559 2486 1619 porta
2508 1550 2830 1620 Beniamin:
2855 1551 2908 1606 8.
2940 1551 3008 1608 Et
3031 1553 3336 1611 exiitAbde

1785 1641 2084 1710 melechx
2116 1642 2189 1713 (b)
2241 1655 2276 1698 e
2318 1641 2483 1697 domo
2534 1642 2678 1712 regis
2711 1643 2777 1712 1,
2827 1652 2882 1699 et
2932 1645 3152 1701 locutus
3174 1656 3258 1701 est
3294 1646 3363 1702 ad

1785 1747 1991 1802 regem,
2021 1740 2075 1786 et
2094 1731 2232 1786 dixit
2256 1749 2269 1786 :
2295 1731 2348 1788 9.
2378 1730 2608 1787 Domine
2637 1733 2732 1800 mi,
2767 1748 2884 1798 rex,
2932 1736 3002 1803 >κ
3048 1737 3192 1791 male
3216 1737 3362 1794 fece-

85 1845 248 1884 rnum
297 1830 595 1884 custodiae.
623 1831 710 1884 18.
766 1829 842 1900 (9)
880 1828 1021 1896 Quia
1059 1830 1136 1902 (ἡ)
1179 1831 1328 1886 venit
1357 1827 1592 1886 Ieremia
1626 1831 1678 1885 in
1717 1823 1760 1852 ν
1786 1831 1914 1878 runt
1944 1823 2043 1878 viri
2071 1823 2127 1878 hi
2153 1823 2207 1878 in
2236 1823 2514 1890 omnibus,
2541 1839 2664 1895 qua:
2701 1823 2944 1880 fecerunt
2970 1825 3335 1900 Ieremiaapro

86 1919 324 1972 domum
356 1917 553 1984 foveae,
573 1927 630 1973 et
660 1917 724 1989 (ἰ)
751 1919 804 1973 in
839 1919 1076 1988 Aniuth:
1111 1928 1166 1973 et
1195 1919 1334 1974 sedit
1357 1921 1430 1974 ibi
1450 1919 1683 1974 Ieremia

85 2012 290 2066 diebus
325 2011 537 2066 multis.
571 2010 659 2066 17.
695 2011 762 2066 Et
801 2011 956 2066 misit
986 2027 1083 2065 rex
1123 2010 1467 2082 Sedecia,(k)
1499 2020 1554 2065 et
1591 2025 1684 2067 vo-

87 2105 242 2160 cavit
265 2119 418 2168 eum,
437 2107 504 2173 >κ
525 2104 954 2175 etinterrogavit
976 2120 1101 2160 eum
1134 2121 1230 2160 rex
1262 2104 1319 2159 in
1345 2103 1511 2160 domo
1539 2105 1679 2172 sua1

87 2194 262 2259 clam,
301 2205 356 2248 et
386 2194 526 2249 dixit
557 2196 608 2250 ei
634 2179 652 2249 ε’
687 2195 743 2248 Si
768 2203 852 2249 est
872 2195 1101 2250 verbum
1127 2210 1158 2249 a
1190 2193 1529 2250 Dominoiet
1547 2193 1685 2249 dixit

86 2283 380 2340 Ieremia:
412 2285 548 2352 Est;
575 2288 643 2354 χ(
667 2295 720 2341 et
751 2286 890 2340 dixit
918 2288 941 2353 1
972 2305 986 2341 :
1017 2285 1074 2340 in
1105 2302 1303 2342 manus
1343 2286 1489 2354 regis
1509 2284 1685 2356 Baby-

87 2376 243 2432 lonis
279 2377 534 2432 traderis.
581 2378 670 2433 18.
713 2376 782 2432 Et
813 2378 952 2432 dixit
997 2376 1235 2432 Ieremia
1290 2377 1492 2446 regix
1517 2375 1685 2432 Sede-

87 2467 196 2522 cia:
233 2465 389 2536 1:(l)
416 2465 559 2532 Quid
620 2465 808 2536 inique
841 2466 926 2536 egi
958 2466 1089 2530 tibi,
1135 2475 1189 2520 et
1243 2465 1416 2521 servis
1455 2465 1586 2529 tuis,
1631 2473 1687 2520 et

91 2558 305 2628 populo
340 2557 490 2622 huic,
521 2555 618 2628 (ηπ)
647 2557 779 2626 quia
806 2565 863 2611 tu
895 2556 996 2611 das
1021 2572 1109 2611 me
1155 2557 1209 2610 in
1241 2556 1462 2610 domum
1496 2570 1685 2610 carce-

90 2651 215 2704 ris?
258 2649 342 2704 l9.
371 2647 436 2702 Et
471 2649 565 2704 ubi
608 2656 736 2704 sunt
785 2650 1063 2719 prophetae
1109 2647 1298 2714 vestri,
1320 2648 1412 2718 qui
1453 2648 1685 2718 prophe—

91 2748 292 2794 tarunt
323 2739 502 2800 vobis,
531 2739 800 2802 dicentes,
837 2738 984 2807 quod
1034 2753 1142 2792 non
1177 2738 1356 2792 veniet
1387 2752 1480 2792 rex
1513 2737 1685 2808 Baby-

93 2832 247 2886 lonis
275 2846 440 2901 super
467 2846 588 2896 vos,
613 2832 690 2900 (τι)
717 2847 883 2900 super
911 2840 1110 2886 terram
1131 2830 1309 2885 hanc?
1333 2829 1423 2886 20.
1455 2829 1521 2884 Et
1540 2845 1686 2884 nunc

92 2925 252 2989 audi,
276 2927 344 2993 Ἀ(
370 2939 578 2994 quzeso,
617 2923 665 2992 1,
696 2925 917 2979 domine
942 2924 1042 2988 mi,
1067 2939 1163 2979 rex
1191 2943 1204 2978 :
1240 2925 1484 2992 cadatx
1507 2923 1682 2990 nunc1

95 3020 178 3088 (a)
210 3019 531 3088 deprecatio
559 3032 680 3072 mea
713 3027 838 3072 ante
871 3015 1068 3072 faciem
1100 3026 1248 3072 tuam
1276 3035 1290 3071 :
1323 3017 1402 3085 (p)
1441 3025 1496 3072 et
1518 3031 1690 3086 quare

1788 1917 1987 1984 phetaa,
2022 1916 2152 1986 quia
2190 1916 2460 1971 miserunt
2504 1931 2631 1970 eum
2665 1916 2721 1971 in
2749 1915 2984 1982 foveam,
3021 1928 3077 1973 et
3097 1921 3362 1977 morietur

1785 2007 1972 2061 subter
2008 2021 2068 2062 se
2102 2007 2123 2076 1
2153 2024 2170 2072 ;
2205 2006 2346 2062 male
2398 2005 2597 2071 fecisti,
2628 2023 2751 2078 qua:
2782 2006 2984 2074 fecisti,
3016 2023 3080 2065 σε·
3113 2010 3181 2066 ad
3217 2012 3363 2066 occi-

1783 2096 2026 2152 dendum
2083 2097 2362 2153 hominem
2414 2097 2514 2153 Dei
2563 2100 2586 2169 1
2641 2101 2714 2155 ab
2745 2108 2869 2156 ante
2930 2100 3125 2157 faciem
3163 2101 3360 2171 famis;

1784 2189 1914 2259 quia
1927 2205 2032 2244 non
2061 2201 2189 2246 sunt
2224 2205 2390 2261 panes
2419 2192 2656 2262 amplius
2689 2193 2746 2248 in
2775 2193 2929 2248 urbe.
2961 2194 3048 2248 l0.
3069 2194 3137 2250 Et
3163 2212 3367 2267 prece.

1785 2282 1863 2350 pit
1920 2297 2013 2337 rex
2069 2282 2433 2339 Abdemelech
2457 2287 2527 2354 Χ
2568 2283 2810 2357 Ethiopi
2848 2288 2906 2357 1,
2933 2288 3120 2345 dicens
3149 2307 3162 2345 :
3195 2288 3364 2345 Sume

1786 2374 1858 2443 (ε)
1893 2383 2072 2429 tecum
2114 2375 2244 2430 hine
2266 2376 2488 2447 triginta
2511 2377 2682 2444 viros,
2713 2389 2768 2435 et
2801 2383 3096 2438 ascendere
3123 2383 3208 2440 fac
3236 2400 3362 2441 eum

1786 2467 1855 2532 Ἀ(
1912 2467 2233 2535 prophetam
2281 2483 2350 2524 ex
2386 2467 2540 2524 fovea
2569 2473 2590 2541 1
2621 2511 2639 2538 ,
2687 2471 2768 2543 (ἀ)
2828 2483 2890 2529 ut
2921 2489 3032 2530 non
3069 2477 3360 2532 moriatur.

1787 2557 1874 2613 11.
1906 2557 1974 2614 Ει
2002 2562 2200 2617 sumsit
2223 2562 2586 2619 Abdemelech
2624 2565 2876 2623 homines
2902 2570 2968 2637 χ(
3007 2582 3194 2624 secum
3223 2569 3247 2640 1
3275 2609 3290 2634 ,
3313 2579 3369 2625 et

1786 2653 1937 2708 venit
1961 2653 2016 2709 in
2051 2655 2274 2710 domum
2328 2657 2495 2728 regis,
2552 2657 2621 2728 (e)
2656 2673 2779 2728 quae
2833 2660 3023 2714 subter
3049 2663 3117 2729 χ(
3139 2661 3366 2716 thesau-

1787 2760 1908 2799 rum
1936 2747 1996 2815 1.
2035 2755 2091 2800 et
2122 2747 2320 2803 sumsit
2356 2749 2482 2804 inde
2509 2748 2578 2820 (Γ)
2597 2750 2872 2805 obsoletos
2903 2766 3122 2822 pannos
3160 2751 3368 2808 invete-

1787 2844 1958 2903 ratos,
2010 2847 2066 2894 et
2127 2838 2405 2896 funiculos
2449 2842 2805 2906 inveteratos,
2856 2851 2914 2897 et
2945 2843 3178 2913 proiecit
3209 2859 3271 2899 ea
3298 2845 3366 2900 ad

1787 2927 2076 2984 Ieremiam
2103 2932 2156 2985 in
2185 2931 2417 2998 foveam,
2435 2947 2500 2988 4—
2525 2941 2578 2988 et
2597 2933 2734 2988 dixit
2758 2933 2825 2987 ad
2851 2948 3007 2990 eum:
3029 2933 3181 2991 Pone
3207 2936 3362 3006 haac1

1790 3022 1857 3089 )K
1887 3019 1942 3073 in
1977 3020 2253 3077 funiculis.
2287 3022 2376 3075 η.
2413 3021 2480 3076 Et
2529 3024 2667 3078 dixit
2708 3025 3071 3081 Abdemelech
3113 3026 3368 3096 Ethiops

93 3107 324 3164 reducis
341 3122 428 3162 me
461 3106 515 3161 in
551 3107 775 3161 domum
809 3105 1138 3163 Ionathanis
1154 3108 1379 3162 scribae?
1405 3107 1479 3178 (ᾳ)
1504 3117 1560 3162 et
1577 3123 1688 3162 non
1715 3132 1758 3192 ρ
1792 3112 1859 3166 ad
1891 3110 2185 3168 Ieremiam
2219 3133 2233 3170 :
2271 3114 2419 3170 Pone
2444 3132 2591 3171 nunc
2613 3117 2889 3172 obsoletos
2922 3133 3134 3186 pannos
3157 3118 3366 3174 invete-

95 3201 311 3256 moriar
345 3199 444 3252 ibi.
505 3197 600 3252 21.
632 3197 702 3252 Ει
734 3199 998 3268 praecepit
1020 3213 1115 3253 rex
1153 3197 1402 3265 Sedecia,
1435 3206 1490 3254 et
1523 3198 1688 3253 mise-

97 3301 235 3345 runt
261 3306 386 3346 eum
425 3291 481 3345 in
521 3291 746 3346 domum
780 3290 1043 3355 carceris,
1073 3300 1129 3345 et
1159 3289 1428 3346 dederunt
1449 3290 1496 3346 ei
1519 3307 1688 3346 unum

97 3387 174 3455 (τ)
199 3398 395 3453 Panem
426 3382 514 3438 die
569 3381 703 3439 foris
732 3399 798 3437 ex
837 3397 951 3453 quo
984 3383 1300 3452 pinsebant,
1335 3383 1509 3438 donec
1545 3382 1691 3439 defe-

96 3483 301 3530 cerunt
341 3479 411 3545 Χ
463 3491 655 3530 omnes
691 3475 713 3543 1
769 3491 942 3546 panes
978 3477 1045 3544 )i(
1102 3491 1168 3530 ex
1201 3475 1224 3543 1
1265 3475 1416 3530 urbe.
1455 3475 1522 3530 Et
1553 3477 1692 3531 sedit

95 3565 344 3624 Ieremia
382 3570 439 3622 in
464 3568 604 3622 atrio
627 3568 886 3623 carceris.

178 3660 314 3730 Cap.
349 3657 634 3714 XXXVIII.
655 3691 724 3700 —
743 3661 792 3714 1.
826 3659 895 3715 Et
933 3660 1145 3716 audivit
1175 3659 1433 3732 Sephatia
1463 3658 1688 3730 filius(s)

102 3751 380 3816 Matthan,
418 3761 472 3806 et
499 3750 732 3805 Godolia
768 3751 912 3808 filius
941 3752 1152 3807 Pashor
1175 3792 1192 3817 ,
1221 3760 1277 3807 et
1322 3750 1513 3806 Iuchal
1545 3750 1691 3805 filius

101 3845 378 3910 Selemiae,
408 3848 477 3912 χ
505 3853 559 3899 ct
583 3843 796 3900 Pashor
826 3844 971 3900 filius
1005 3844 1250 3900 Melchia:
1293 3845 1316 3913 1
1347 3843 1535 3908 verba,
1567 3857 1691 3912 qua:

95 3935 347 3992 Ieremia
391 3936 609 3992 locutus
661 3944 748 3991 est
801 3952 968 4007 super
995 3940 1063 4006 )K
1107 3951 1324 3992 omnem
1351 3935 1374 4004 1
1405 3935 1686 4006 populum,

100 4030 296 4084 dicens
325 4046 344 4081 :
367 4027 421 4080 2.
457 4026 548 4084 Sic
579 4028 719 4082 dixit
750 4028 1014 4084 Dominus
1059 4047 1073 4082 :
1111 4027 1215 4094 Qui
1278 4027 1602 4082 habitaverit
1633 4028 1688 4080 in

101 4121 246 4175 urbe
288 4121 418 4187 hac,
455 4120 726 4176 morietur
751 4121 806 4175 in
835 4121 1038 4189 gladio,
1064 4129 1121 4174 et
1159 4120 1212 4174 in
1251 4118 1419 4184 fame,
1458 4121 1525 4188 Ἀ(
1554 4129 1608 4175 et
1635 4120 1687 4173 in

102 4222 286 4265 morte
312 4210 340 4278 1
371 4229 386 4265 :
412 4219 466 4265 ct
493 4210 586 4281 qui
615 4211 812 4266 exierit
838 4211 907 4266 ad
935 4211 1242 4276 Chaldmm,
1274 4207 1440 4274 vivet,
1494 4217 1548 4264 et
1587 4209 1692 4264 erit

101 4303 294 4358 anima
327 4303 447 4372 eius
478 4303 541 4374 (ι)
574 4303 629 4357 in
661 4303 964 4367 inventum,
1012 4311 1064 4357 et
1117 4302 1278 4356 vivet.
1311 4301 1364 4358 5.
1397 4304 1464 4370 3K
1494 4301 1631 4368 Quia
1665 4301 1686 4369 1

107 4391 194 4445 sic
223 4391 362 4446 dixit
388 4389 691 4446 Dominus:
727 4389 1015 4445 Tradendo
1049 4391 1295 4446 tradetur
1330 4392 1464 4447 urbs
1490 4391 1606 4446 hate
1636 4391 1690 4444 in

1790 3213 1961 3270 ratos,
1989 3205 2063 3275 (ρ)
2097 3214 2153 3262 et
2185 3206 2499 3279 mutabam
2519 3208 2626 3263 sub
2675 3208 2874 3264 cubitis
2928 3224 3190 3264 manuum
3245 3218 3368 3264 tua-

1793 3311 1913 3350 rum
1939 3298 1961 3367 1
1990 3297 2177 3352 subter
2196 3297 2470 3354 funiculos
2500 3318 2512 3352 :
2537 3310 2591 3352 et
2633 3297 2763 3355 fecit
2786 3299 3019 3376 Ieremia
3053 3300 3154 3355 sic.
3195 3300 3284 3355 15.
3304 3299 3370 3355 Ει

1791 3396 2077 3442 traxerunt
2098 3403 2222 3442 eum
2255 3388 2334 3458 (Ιι)
2363 3389 2417 3441 in
2467 3387 2751 3453 funiculis,
2800 3399 2857 3442 et
2883 3389 3191 3444 eduxerunt
3242 3405 3367 3445 eum

1791 3495 1856 3533 ex
1881 3477 2054 3533 fovea.
2088 3477 2156 3532 Et
2181 3479 2320 3533 sedit
2347 3479 2581 3534 Ieremia
2625 3479 2682 3533 in
2721 3481 2861 3534 atrio
2901 3482 3161 3537 carceris.
3185 3482 3274 3536 M.
3306 3482 3372 3538 Et

1793 3568 1942 3623 misit
1965 3583 2056 3622 rex
2095 3568 2342 3632 Sedecia,
2368 3576 2424 3623 et
2473 3569 2686 3624 vocavit
2735 3585 2861 3624 eum
2894 3573 2961 3637 χ
2993 3570 3313 3640 prophetam
3345 3573 3366 3639 1

1793 3657 1941 3712 adse
1973 3657 2026 3711 in
2068 3657 2290 3712 domum
2315 3656 2379 3728 (ί)
2415 3657 2470 3712 in
2518 3658 2767 3723 Assalisi,
2805 3674 2928 3729 quae
2972 3657 3027 3713 in
3069 3659 3234 3715 domo
3267 3659 3374 3714 Do-

1795 3751 1954 3806 mini.
1987 3750 2054 3805 Et
2085 3749 2227 3804 dixit
2254 3766 2352 3804 rex
2385 3749 2459 3822 (It)
2481 3753 2532 3805 ei
2569 3769 2581 3804 :
2630 3750 2978 3821 lnterrogabo
3015 3765 3118 3821 ego
3157 3757 3213 3806 te
3251 3767 3373 3806 ver-

1792 3843 1960 3898 bum:
2002 3858 2071 3897 ne
2121 3841 2428 3899 abscondas
2487 3857 2519 3897 a
2577 3857 2667 3898 me
2693 3842 2937 3897 verbum.
2998 3843 3088 3898 15.
3144 3841 3212 3898 Et
3235 3843 3373 3898 dixit

1790 3935 2020 3992 Ieremia
2056 3935 2212 4006 regi:
2248 3934 2310 3990 Si
2345 3934 2743 3990 annuntiavero
2773 3934 2891 3999 tibi,
2917 3933 2979 4004 (ι)
3021 3949 3201 3990 nonne
3231 3936 3372 3990 mori

1793 4027 2042 4083 faciendo
2091 4027 2233 4082 mori
2287 4027 2456 4083 facies
2490 4026 2616 4082 me?
2658 4034 2713 4082 et
2764 4028 2810 4082 si
2839 4027 3134 4082 consilium
3172 4025 3372 4082 dedero

1796 4120 1916 4184 tibi,
1947 4136 2058 4174 non
2091 4119 2282 4175 audies
2310 4133 2421 4174 me.
2463 4117 2552 4172 16.
2577 4118 2641 4174 Et
2668 4117 2873 4188 iuravit
2893 4133 2989 4174 rex
3023 4117 3251 4174 Sedecia
3277 4119 3372 4189 (m)

1791 4212 1842 4268 ei
1869 4213 1924 4267 in
1960 4211 2198 4275 occulto,
2227 4211 2416 4266 dicens
2441 4229 2454 4266 :
2477 4208 2624 4266 Vivit
2643 4211 2932 4279 Dominus,
2949 4211 3044 4280 qui
3065 4210 3196 4267 fecit
3217 4211 3375 4267 nobis

1794 4305 2032 4359 animam
2072 4304 2233 4370 hanc,
2272 4304 2321 4360 si
2352 4303 2676 4359 interfecero
2709 4315 2784 4367 te,
2832 4313 2885 4359 et
2931 4303 2980 4360 si
3012 4303 3290 4360 tradidero
3317 4315 3374 4361 te

1795 4396 1852 4451 in
1877 4410 2070 4450 manus
2100 4395 2384 4450 hominum
2419 4395 2638 4461 horum,
2659 4400 2724 4464 x
2743 4396 3105 4466 quaerentium
3133 4398 3373 4452 animam

107 4501 312 4540 manus
360 4487 646 4555 potestatis
696 4487 841 4557 regis
875 4484 1195 4557 Babylonis,
1242 4495 1295 4541 et
1333 4486 1512 4555 capiet
1545 4500 1689 4541 eam.
1720 4477 1769 4539 Ι)
1797 4495 1946 4542 tuam
1971 4488 2019 4556 1.
2046 4486 2132 4541 17.
2161 4485 2228 4540 Ει
2255 4487 2394 4542 dixit
2424 4486 2662 4543 Ieremia
2697 4487 2773 4559 (η)
2796 4487 2848 4541 ei
2877 4487 3009 4542 :Sic
3035 4488 3173 4544 dixit
3197 4488 3375 4544 Domi-

102 4578 161 4631 4.
205 4575 276 4631 Ει
306 4577 563 4633 dixerunt
612 4579 680 4647 >ί<
721 4578 996 4648 principes
1025 4579 1049 4649 1
1107 4577 1220 4646 regi
1254 4594 1266 4630 :
1302 4576 1596 4633 Occidatur
1622 4579 1690 4644 λ(

103 4686 256 4726 nunc
290 4671 314 4738 1
353 4672 518 4726 homo
544 4671 655 4736 ille,
693 4673 818 4740 quia
852 4673 920 4740 ἃ(
953 4687 1117 4742 super
1146 4671 1252 4727 hoc
1283 4671 1306 4740 1
1339 4671 1458 4741 ipse
1490 4670 1688 4726 dissol—

99 4763 183 4817 vit
213 4778 414 4818 manus
443 4763 722 4818 hominum
753 4763 1071 4818 bellantium
1097 4801 1115 4830 ,
1173 4763 1251 4835 (u)
1279 4763 1601 4818 restantium
1633 4761 1687 4814 in

1801 4580 1992 4645 nus)»:
2020 4575 2166 4632 Deus
2194 4576 2459 4632 virtutum
2508 4577 2533 4646 1
2563 4575 2709 4632 Deus
2739 4577 2956 4633 lsraelis
2987 4595 3000 4631 :
3032 4577 3090 4632 Si
3123 4580 3374 4635 exeundo

1796 4668 2122 4725 exiverisad
2153 4668 2228 4739 (a)
2260 4671 2430 4725 duces
2479 4669 2622 4739 regis
2660 4668 2975 4740 Babylonis,
3011 4670 3155 4726 vivet
3189 4671 3372 4726 anima

1799 4773 1911 4828 tua,
1939 4771 1994 4817 et
2027 4762 2159 4817 urbs
2188 4763 2304 4818 haec
2329 4778 2436 4818 non
2467 4763 2824 4818 comburetur
2869 4762 2922 4816 in
2969 4762 3111 4834 igne,
3135 4773 3190 4819 et
3218 4765 3372 4819 vives

191 4947 272 5020 (a)
306 4945 400 5020 8.,
426 4963 551 5003 cum
585 4961 716 5002 vero
749 4947 1017 5020 recessit._
1075 4947 1263 5020 (bitt,
1297 4946 1416 5020 Th.,
1439 4957 1506 5020 ut
1532 4955 1736 5018 partem
1769 4950 2058 5017 acciperet.
2090 5019 2093 5020 ν
2132 4947 2205 5019 (c)
2237 4947 2464 5003 Panem.
2509 4946 2618 5020 μ)
2666 4949 2781 5020 Α..
2809 4958 2862 5003 et
2899 4948 3116 5020 iliiquo
3161 4961 3292 5020 sunt
3323 4953 3374 5005 ei

103 5016 477 5081 visitationes,
538 5026 596 5072 et
621 5017 893 5087 nomengei
926 5018 1080 5071 Aria.
1116 5017 1198 5084 8.,
1225 5028 1344 5074 erat
1376 5019 1472 5083 ibi,
1504 5016 1616 5087 quo
1647 5027 1774 5073 sunt
1811 5020 1859 5074 ei
1894 5016 2260 5082 ’visitationes,
2279 5034 2480 5074 nomen
2509 5016 2659 5073 Uria.

2725 5018 2793 5090 (e)
2818 5019 3371 5090 lAPOl‘lA,Iaruja.

207 5089 302 5170 AL,
361 5099 436 5170 tur
479 5089 756 5170 dilaberis.
807 5085 899 5170 8.,
950 5088 1102 5170 dedis
1159 5098 1234 5170 t‘e.
1296 5085 1536 5170 .(g)_.)t(
1590 5087 1729 5170 Quia
1786 5091 1943 5170 turba
2002 5090 2152 5170 venit
2206 5091 2264 5145 in
2307 5091 2539 5170 domum
2605 5085 2811 5170 foveae,
2883 5099 2938 5170 et
2990 5089 3044 5143 in
3111 5085 3373 5170 Chare'th.

106 5159 188 5232 (li)
247 5159 446 5232 8.,-ει
490 5159 772 5232 ingressus
822 5165 1007 5232 e_st.___
1039 5159 1102 5229 (i)

1153 5158 1245 5222 A.,
1295 5158 1364 5213 in
1387 5158 1730 5214 diversoria.
1792 5158 1874 5223 8.,

110 5228 182 5302 (ι)
221 5230 316 5295 A.,
349 5228 424 5283 S..
469 5229 600 5299 quid
624 5228 857 5302 peccavi
911 5228 1054 5302 tibi,
1090 5237 1146 5282 et
1196 5229 1372 5285 servis
1394 5229 1539 5302 tuis,
1568 5238 1622 5283 et
1655 5231 1853 5302 populo
1882 5230 2032 5286 huic.

107 5298 280 5371 super
314 5298 536 5355 terram.
567 5367 594 5371 ᾧ
615 5298 692 5369 (ὸ)
720 5299 811 5364 Α.,
842 5299 1084 5371 precatio
1117 5313 1258 5371 mea.
1308 5299 1625 5371 ,(ρλᾼηᾲᾳι
1654 5298 1688 5371 ii

1831 5301 1977 5355 Iucas
1995 5316 2102 5359 me.

109 5367 305 5427 sui-am
339 5371 518 5438 panis.
555 5367 640 5435 8.,
676 5379 918 5425 crustum
945 5369 1124 5438 panis.
1202 5369 1269 5439 (ε)
1304 5367 1615 5434 ΜΑΘΘΑΝ,
1642 5368 1688 5423 Μ

1831 5387 1908 5425 ru.

1917 5162 1970 5214 iu
2005 5160 2227 5231 domum
2274 5160 2559 5231 claustris
2599 5159 2672 5231 (Ic)
2716 5161 2808 5222 Α..
2865 5169 2921 5214 et
2970 5161 3172 5231 sumsit
3221 5177 3372 5217 eum.

2109 5229 2205 5302 (m)
2247 5231 2338 5302 Α..
2364 5229 2728 5302 quia‘dedisti
2760 5245 2866 5302 me.
2963 5229 3043 5302 (rt)
3069 5230 3160 5302 .47.,
3203 5233 3290 5294 8.,
3323 5243 3378 5287 et

2201 5301 2273 5382 ᾳ).
2296 5300 2630 5382 01⁸11011
2659 5301 2884 5382 moriar.
2984 5300 3055 5382 (r_)
3087 5301 3182 5382 34;,
3217 5316 3376 5382 nien-

1985 5373 2050 5442 (t)
2079 5369 2243 5437 A.,in'
2260 5371 2451 5427 ictum.
2483 5369 2568 5436 8.,
2598 5372 2656 5426 in
2687 5373 2946 5442 praedam.
2997 5369 3106 5440 '(u)
3138 5370 3378 5427 Relicto-

108 5458 260 5496 rum.
341 5441 674 5512 (.r)A..non
721 5449 805 5495 est
832 5453 1083 5512 quarens
1115 5455 1328 5512 pacem.
1364 5439 1448 5512 S_.,
1498 5456 1604 5494 non
1644 5455 1898 5508 quaerens
1927 5439 2004 5512 ea
2028 5439 2152 5512 quae
2193 5443 2262 5497 ad
2289 5456 2500 5511 pacem.
2530 5510 2545 5512 4
2576 5442 2654 5512 (υ)
2687 5439 2772 5506 8.,
2807 5458 2905 5497 rex
2941 5439 3378 5500 enim’adversus

107 5527 212 5566 vos
246 5508 359 5565 non
393 5511 586 5578 poterit
609 5520 664 5564 et
697 5526 804 5564 non
841 5511 1066 5580 aliquid.
1117 5508 1230 5581 7(1),
1248 5510 1338 5581 Α.,
1369 5508 1452 5575 8.,
1486 5524 1726 5565 cornum.

107 5595 264 5636 eum.
343 5581 414 5650 (ο)
448 5581 544 5646 Α.,
571 5581 626 5652 in
661 5595 882 5635 manum
917 5579 1087 5652 tuam.
1158 5579 1242 5652 '(d)
1279 5579 1366 5645 8.,
1398 5588 1688 5650 antequam

1831 5595 1863 5650 ε)
1904 5584 1996 5645 Α..
2029 5581 2116 5645 8.,
2159 5583 2685 5652 ad-subgtliesauro.

110 5649 419 5722 pannorum
443 5651 840 5722 obsoletorum.
920 5651 997 5722 (g)
1029 5652 1125 5722 Α..
1145 5661 1200 5706 et
1216 5649 1354 5722 ηοω
1382 5649 1880 5722 οοηιοὶιδι8ηέι
1928 5653 2246 5708 inveterata.
2277 5653 2341 5722 (‘)
2382 5649 2497 5708 Vox
2547 5651 2714 5722 fontis
2749 5649 2938 5714 Hebr.,
2965 5667 3008 5714 ra

1803 5512 1881 5581 (a)
1913 5508 1996 5578 8.,
2026 5508 2083 5582 et
2131 5508 2347 5568 mersus
2379 5521 2465 5566 est
2517 5508 2753 5567 Ieremia
2806 5513 2860 5566 in
2909 5527 3092 5571 anno.
3167 5512 3242 5582 (b)
3293 5514 3379 5570 Ad

2761 5583 2832 5652 (ι’)
2876 5587 2968 5646 Α..
3001 5589 3380 5640 veteramenta

2761 5654 2938 5714 Hebr..
2965 5636 3179 5716 um‘m,
3217 5663 3272 5710 et
3304 5655 3380 5709 si-

110 5719 360 5803 gnificat,
385 5721 599 5802 detrita.
629 5720 833 5776 Dama.
865 5719 1071 5846 3/01.,
1098 5721 1183 5786 8.,
1203 5719 1522 5803 Ieremiam.
1552 5722 1615 5792 (ἱ)
1651 5720 1688 5777 8

112 5790 201 5846 8..
234 5807 349 5846 scio
379 5794 721 5846 omnimodo.
752 5807 862 5846 ouo
932 5808 1072 5846 mori
1111 5793 1282 5846 facies
1305 5807 1412 5846 me.
1454 5793 1551 5846 (ml
1584 5793 1676 5846 Α..

1873 5723 2157 5804 introitum
2186 5719 2427 5800 tertium.
2459 5723 2536 5793 (ι)
2561 5720 2816 5806 Reliqui;
2859 5726 2926 5781 ad
2953 5724 3267 5806 Ieremiam.
3315 5726 3379 5793 (ι)

1831 5793 2088 5846 leremne.
2168 5795 2356 5846 (nlA..
2387 5787 2472 5846 S..
2501 5795 2567 5846 ad
2604 5793 2911 5846 Sedeciam-
2990 5795 3066 5846 (al
3100 5793 3379 5846 Prmcines

112 5790 201 5860 8.,
234 5793 349 5850 scio
379 5792 721 5855 omnimodo,
752 5807 862 5861 quo

434 5887 707 5951 Pnaox.
749 5889 867 5950 Gn.
903 5888 1074 5951 XVI.

932 5787 1072 5848 mori
1111 5793 1282 5850 facies
1305 5807 1412 5850 me.
1454 5787 1676 5865 (m)'.4.,
1707 5791 1793 5863 8.,
1818 5793 2088 5850 Jeremiae.
2168 5795 2356 5865 (n)A.,
2387 5787 2478 5859 8.,
2501 5787 2568 5851 ad
2604 5787 2911 5854 Sedeciam.
2990 5795 3066 5867 (a)
3100 5787 3381 5866 Principes

3030 5890 3106 5952 75
