3834 6224
139 383 292 442 2369

1355 385 1674 442 ΠὲίῖΕΜΙΑἰ
1715 386 1947 442 CAPUT
1986 387 2096 441 .\'l.l
2109 430 2121 442 .

3251 381 3390 435 9370

150 501 342 556 medio
389 503 570 556 omnis
622 502 1036 574 demigrationis
1079 501 1406 568 Jerusalem,
1449 515 1503 560 et
1546 503 1717 568 Judm,
1751 515 1794 565 Α
1824 504 1998 560 valde.
2039 505 2124 559 15.
2164 503 2229 558 Et
2255 502 2505 560 Jobanan
2541 502 2685 559 ﬁlius
2716 501 2914 570 Corah,
2945 511 2999 556 et
3025 516 3216 556 omnes
3249 503 3393 572 prin-

144 609 367 659 eorum,
417 595 508 664 qui
562 595 780 649 deducti
833 605 991 650 erant
1037 596 1090 650 in
1144 595 1495 668 Babylonem.
1538 597 1600 653 2.
1659 597 1724 652 Et

145 685 356 740 sumsit
385 700 509 740 eum
545 686 608 756 (ι)
640 685 718 756 (u)
745 687 1000 756 princeps
1031 703 1356 758 coquorum,
1382 697 1437 742 et
1465 687 1601 743 dixit
1627 689 1677 743 ei
1707 707 1720 742 :

151 775 426 832 Dominus
466 777 610 832 Deus
647 787 777 834 tuus
810 779 886 849 (π)
922 779 1265 849 prophetavit
1297 780 1437 834 mala
1480 781 1594 834 haec
1628 795 1723 836 su-

149 886 254 939 per
286 871 466 924 locum
502 871 648 925 hunc
680 874 772 926 :3.
810 881 864 926 et
903 871 1146 935 adduxit,
1177 881 1228 927 et
1265 871 1390 926 fecit
1435 872 1721 932 Dominus.

151 963 300 1015 sicut
343 962 560 1017 locutus
595 972 720 1028 est;
757 963 885 1032 quia
929 963 1195 1032 peccastis
1244 961 1476 1016 Domino
1525 963 1625 1033 (y),
1673 969 1727 1015 et

155 1068 265 1106 non
295 1051 581 1108 audivistis
627 1067 814 1108 vocem
846 1054 1006 1122 ejus:
1040 1057 1107 1122 Χ
1137 1065 1191 1108 et
1219 1052 1422 1108 factum
1461 1061 1547 1108 est
1574 1053 1727 1108 vobis

156 1143 385 1198 verbum
411 1144 516 1198 hoc
546 1145 596 1214 ζ.
624 1175 694 1186 -
719 1144 777 1198 4.
806 1143 978 1198 Etiam
1010 1146 1078 1212 >ε<
1109 1160 1254 1199 nunc
1289 1145 1311 1212 ζ
1341 1160 1468 1199 ecce
1511 1145 1645 1200 solvi
1677 1153 1728 1200 te

155 1234 227 1301 Χ
255 1235 416 1289 hodie
449 1236 472 1304 ζ
510 1234 583 1306 (z)
629 1251 661 1290 a
689 1235 944 1299 vinculis,
977 1252 1100 1306 quae
1143 1251 1306 1305 super
1338 1253 1533 1291 manus
1562 1245 1722 1291 tuas:

158 1324 241 1394 (a)
274 1325 319 1380 si
359 1326 646 1396 pulchrum
677 1341 862 1382 coram
891 1337 943 1382 te
980 1327 1164 1383 venire
1195 1343 1317 1381 cum
1350 1343 1438 1382 me
1464 1327 1517 1380 in
1554 1326 1728 1396 Baby-

161 1415 368 1477 lonem,
395 1417 544 1482 veni,
573 1428 626 1471 et
655 1433 853 1488 ponam
881 1421 946 1487 Χ
967 1419 1092 1482 τοὺς
1115 1418 1138 1486 ζ
1168 1419 1358 1473 oculos
1389 1433 1539 1474 meos
1567 1433 1732 1488 super

160 1513 256 1559 te:
287 1505 362 1574 (b)
396 1515 449 1560 et
481 1508 525 1560 si
560 1511 763 1562 malum
813 1508 867 1562 in
895 1507 1068 1562 oculis
1101 1508 1211 1560 tuis
1255 1507 1442 1562 venire
1486 1521 1611 1561 cum
1646 1521 1733 1561 mc

163 1599 218 1651 in
273 1594 623 1668 Babyldnem,
675 1599 745 1667 (ε)
791 1600 1054 1669 quiesce:
1094 1602 1312 1665 )(eece
1359 1597 1540 1653 omnis
1588 1606 1730 1652 terra

161 1703 351 1742 coram
379 1696 470 1742 te:
507 1689 836 1758 ubicumque
870 1690 1075 1742 bonum
1120 1698 1174 1743 et
1205 1699 1412 1744 rectum
1455 1689 1509 1742 in
1557 1688 1733 1743 oculis

165 1781 279 1836 tuis
309 1780 408 1844 ire,
441 1780 568 1835 illuc
601 1781 708 1834 ito:
737 1781 790 1835 5.
816 1782 892 1850 (ά)
920 1791 975 1836 et
1005 1797 1175 1852 usque
1201 1782 1267 1836 ad
1293 1796 1379 1836 me
1405 1797 1594 1836 rursus
1626 1795 1730 1835 non

163 1872 476 1936 reverteris,
527 1886 688 1926 curre
738 1883 793 1926 tu
851 1873 898 1942 ζ,
932 1881 986 1926 et
1015 1882 1284 1930 revertere
1326 1873 1392 1927 ad
1447 1865 1728 1926 Godoliam
1765 1859 1807 1914 Β

164 1965 339 2018 ﬁlium
389 1965 610 2019 Ahicam
651 1964 743 2017 ﬁlii
795 1962 1050 2034 Saphau,
1101 1980 1261 2035 quem
1307 1965 1594 2018 constituit
1641 1979 1733 2017 rex

166 2055 465 2126 Babylonis
492 2056 545 2109 in
574 2064 716 2110 terra
745 2053 920 2120 Iudae,
950 2055 1201 2110 ethabita
1235 2070 1360 2110 cum
1387 2069 1452 2110 eo
1482 2055 1535 2108 in
1558 2055 1738 2108 medio

167 2147 393 2218 populi;
426 2147 473 2202 si
499 2161 630 2202 vero
661 2162 794 2208 non,
835 2150 906 2214 (ε)
943 2147 996 2200 in
1041 2146 1224 2201 omnia
1261 2161 1383 2216 quae
1421 2145 1648 2214 pulchra
1683 2147 1736 2198 in

166 2239 347 2295 oculis
395 2239 503 2294 tuis
547 2238 613 2294 ad
643 2239 908 2304 eundum,
952 2240 1048 2293 ito.
1100 2237 1169 2291 Et
1204 2238 1353 2293 dedit
1387 2238 1435 2292 ei
1487 2238 1740 2307 princeps

167 2345 471 2400 coquorum
517 2330 908 2401 epulationem,
954 2340 1008 2384 et
1057 2330 1221 2394 dona,
1260 2339 1314 2384 et
1344 2329 1553 2384 dimisit
1591 2344 1737 2384 eum.

168 2423 224 2478 6.
263 2423 328 2478 Et
363 2424 512 2478 venit
539 2423 777 2478 Jeremia
804 2422 873 2478 ad
903 2420 1184 2478 Godoliam
1223 2423 1390 2477 ﬁlium
1425 2424 1653 2478 Abicam
1688 2425 1738 2476 in

168 2514 496 2585 MaSphiam,
535 2524 590 2569 et
622 2515 762 2570 sedit
808 2529 935 2570 cum
965 2530 1032 2570 eo
1070 2515 1124 2569 in
1166 2515 1345 2569 medio
1391 2515 1598 2585 populi,
1647 2515 1740 2584 qui

180 2607 408 2662 relictus
438 2605 542 2662 fuit
566 2606 620 2661 in
648 2616 812 2662 terra.
853 2606 904 2661 7.
933 2606 995 2660 Et
1024 2607 1348 2662 audiverunt
1375 2622 1567 2662 omnes
1596 2607 1744 2677 prin-

169 2699 327 2768 cipes
372 2701 678 2770 potestatis,
718 2715 842 2771 quae
865 2701 918 2754 in
968 2715 1121 2772 agro,
1160 2700 1282 2769 ipsi,
1315 2710 1368 2755 et
1399 2701 1467 2770 (Ῑ)
1508 2709 1744 2769 potestas

169 2808 388 2858 eorum,
421 2793 565 2862 quod
592 2793 966 2848 constituisset
998 2809 1089 2848 rex
1123 2792 1417 2863 Babylonis
1459 2791 1742 2847 Godoliam

173 2885 348 2939 ﬁlium
370 2885 595 2940 Ahicam
634 2885 687 2939 in
719 2894 886 2952 terra,
922 2893 976 2940 et
1023 2885 1166 2955 quod
1214 2885 1651 2941 commendasset
1695 2886 1742 2939 ei

171 2978 346 3043 viros,
379 2985 436 3031 et
479 2977 734 3031 mulieres
766 2992 981 3042 eorum,
1012 2976 1086 3046 (g)
1118 2984 1173 3032 et
1223 2977 1439 3031 turbam
1485 2976 1742 3039 multam,

172 3079 231 3125 et
277 3083 346 3123 ex
392 3069 720 3139 pauperibus
760 3078 942 3132 terrae,
980 3084 1121 3139 quos
1168 3085 1275 3124 non
1330 3070 1634 3138 deportavit
1691 3070 1745 3123 in

1826 596 1972 665 cipes
2005 596 2306 666 potestatis,
2331 597 2424 666 qui
2449 597 2508 650 in
2542 610 2674 665 agro
2691 636 2706 661 ,
2730 603 2995 649 venerunt
3016 597 3081 649 ad
3107 594 3392 649 Godoliam

1827 685 1880 738 in
1900 683 2219 754 Maspbiam,
2241 687 2327 740 M.
2348 694 2402 739 et
2435 684 2776 740 dixeruut°ei
2792 699 2811 738 :
2835 683 2892 738 Si
2912 685 3288 753 cognoscendo
3303 699 3396 739 co-

1827 776 2070 845 gnoscis,
2101 777 2249 846 quod
2298 775 2479 830 Baalis
2517 792 2614 830 rex
2652 775 2886 830 ﬁliorum
2913 780 3142 830 Ammon
3185 777 3396 831 miserit

1831 867 1898 922 ad
1931 868 2212 922 lsmaelem
2243 868 2414 922 ﬁlium
2445 867 2750 930 Natbanize,
2781 868 2848 921 ad
2888 869 3398 923 occidendum-“anis

1829 973 1970 1011 mam
1991 958 2176 1012 tuam?
2195 958 2259 1012 Et
2272 974 2378 1013 non
2395 958 2626 1014 credidit
2645 958 2726 1012 eis
2740 957 2969 1013 Godolia
2993 959 3136 1014 ﬁlius
3149 959 3397 1013 Ahicam.

1831 1051 1918 1103 15.
1949 1051 2015 1106 Et
2035 1048 2285 1104 Johanan
2305 1050 2450 1105 ﬁlius
2476 1050 2654 1105 Corah
2685 1051 2824 1106 dixit
2841 1051 3085 1106 Godolia:
3110 1051 3320 1106 occulte
3345 1051 3399 1103 in

1831 1140 2099 1212 Maspbia,
2124 1141 2346 1197 dicens:
2374 1141 2467 1196 Ibo
2487 1158 2652 1207 nunc,
2690 1152 2744 1198 et
2765 1143 3010 1198 occidam
3035 1141 3314 1198 lsmaelem
3343 1142 3406 1196 ﬁ-

1831 1233 1963 1286 lium
2002 1231 2306 1297 Nathanize,
2329 1243 2383 1288 et
2415 1234 2489 1303 (ο)
2509 1250 2668 1288 nemo
2684 1237 2839 1300 sciet,
2857 1250 2923 1289 ne
2938 1235 3403 1289 occidatanimam

1831 1336 2002 1387 tuam,
2026 1336 2079 1381 et
2095 1325 2480 1396 disperguntur
2497 1341 2688 1381 omnes
2700 1325 2893 1393 Judaei,
2912 1327 3224 1397 congregati
3247 1327 3312 1380 ad
3331 1335 3402 1392 te,

1831 1429 1886 1473 et
1914 1418 2168 1490 peribunt
2197 1420 2402 1475 residui
2428 1417 2602 1474 Iudae.
2631 1419 2718 1472 lii.
2763 1419 2828 1473 Et
2848 1420 2986 1474 dixit
3008 1419 3235 1474 Godolia
3264 1418 3406 1474 ﬁlius

1833 1509 2056 1564 Ahicam
2088 1509 2154 1563 ad
2189 1509 2438 1566 Jobanan
2471 1512 2638 1566 ﬁlium
2674 1511 2852 1568 Corab
2881 1532 2895 1567 :
2933 1510 3010 1567 Ne
3052 1511 3225 1567 facias
3251 1511 3406 1581 juxta

1833 1601 2058 1655 verbum
2080 1601 2183 1656 hoc
2201 1621 2216 1668 ;
2237 1603 2363 1672 quia
2383 1604 2664 1660 mendacia
2689 1614 2745 1659 tu
2765 1605 3006 1675 loqueris
3031 1619 3126 1672 pro
3157 1602 3405 1659 lsruaele.

1903 1691 2034 1761 Cap.
2053 1691 2191 1746 XLI.
2208 1695 2346 1748 σ-1.
2372 1696 2439 1749 Ει
2471 1693 2669 1750 factum
2689 1703 2772 1750 est
2802 1711 2988 1750 mense
3015 1694 3246 1764 septimo
3263 1693 3411 1747 venit

1836 1781 2026 1838 lsmael
2065 1783 2209 1839 ﬁlius
2265 1783 2547 1842 Natbaniae
2599 1788 2693 1842 ﬁlii
2752 1787 3002 1842 Elisamac
3037 1786 3114 1855 (p)
3143 1802 3173 1840 a
3213 1801 3411 1856 genere

1838 1875 1998 1946 regis,
2024 1886 2081 1930 et
2095 1877 2233 1931 servi
2257 1877 2422 1947 regis,
2446 1885 2502 1931 et
2521 1879 2705 1934 decem
2734 1879 2834 1933 viri
2872 1893 2994 1932 cum
3029 1893 3096 1932 eo
3133 1879 3197 1932 ad
3229 1876 3409 1931 Godo-

1839 1966 1967 2021 liam
1998 1967 2168 2022 ﬁlium
2194 1968 2420 2023 Abicam
2447 1969 2504 2023 in
2528 1968 2850 2040 Maspbiam,
2875 1976 2930 2025 et
2959 1970 3313 2024 comederunt
3337 1969 3408 2024 ibi

1839 2074 2034 2127 panem
2071 2059 2146 2130 (q)
2177 2061 2231 2115 in
2259 2059 2524 2132 Maspbia,
2558 2061 2612 2115 2.
2644 2061 2712 2116 Et
2741 2061 2982 2117 surrexit
3030 2061 3224 2117 lsmael
3271 2061 3415 2115 ﬁlius

1841 2148 2142 2214 Nathanim,
2166 2160 2220 2206 et
2239 2153 2424 2208 decem
2449 2153 2573 2218 viri,
2606 2154 2701 2223 qui
2731 2156 2799 2222 λ(
2824 2160 2980 2208 erant
3018 2169 3143 2208 cum
3173 2169 3240 2209 eo
3268 2154 3330 2222 ζ,
3362 2164 3418 2206 et

1842 2252 2226 2310 percusserunt
2246 2244 2527 2300 Godoliam
2559 2245 2730 2300 ﬁlium
2754 2245 2983 2300 Ahicam
3015 2245 3108 2300 ﬁlii
3123 2245 3342 2315 Saphan
3361 2245 3414 2298 in

1843 2335 2042 2404 gladio,
2075 2343 2130 2389 et
2176 2337 2496 2392 occiderunt
2535 2352 2684 2404 eum,
2711 2353 2876 2409 quem
2921 2339 3281 2394 constituerat
3322 2352 3414 2391 rex

1845 2426 2134 2497 Babylonis
2197 2442 2360 2497 super
2391 2436 2558 2491 terra,
2617 2430 2671 2482 3.
2725 2427 2793 2483 Et
2819 2444 3012 2484 omnes
3056 2426 3293 2492 Judmos,
3325 2427 3416 2497 qui

1843 2529 1999 2572 erant
2037 2535 2160 2573 cum
2193 2534 2260 2574 eo
2297 2535 2421 2575 cum
2453 2520 2680 2576 Godolia
2712 2521 2767 2575 in
2797 2520 3072 2592 Maspbia,
3127 2530 3182 2576 et
3231 2536 3420 2575 omnes

1845 2610 2150 2674 Chaldaeos,
2178 2611 2274 2680 qui
2311 2611 2516 2667 inventi
2567 2611 2788 2668 fuerunt
2818 2611 2913 2677 ibi,
2949 2613 3096 2668 viros
3124 2613 3246 2668 belli
3277 2614 3393 2668 oeci

1845 2701 1925 2755 dit
1947 2701 2160 2757 lsmael.
2186 2703 2238 2756 4.
2261 2702 2327 2758 Et
2351 2701 2552 2759 factum
2576 2704 2763 2761 estdie
2778 2705 3039 2770 secundo,
3062 2721 3127 2760 ex
3147 2719 3256 2776 quo
3279 2705 3424 2760 occi-

1846 2793 1926 2847 dit
1953 2793 2025 2848 ibi
2059 2794 2130 2864 (r)
2165 2793 2577 2878 Godoliam,.(a)
2616 2805 2668 2851 et
2698 2797 2861 2852 homo
2895 2811 3004 2852 non
3036 2797 3202 2852 novit.
3230 2798 3283 2852 5.
3319 2796 3426 2851 Ve-

1849 2895 2049 2941 nerunt
2077 2887 2176 2941 viri
2200 2903 2264 2942 ex
2295 2887 2514 2943 Sicbem
2538 2887 2604 2959 (ι)
2635 2905 2698 2943 ex
2723 2887 2952 2959 Saljom,
2981 2896 3038 2944 et
3057 2905 3122 2944 ex
3148 2887 3424 2954 Samaria,

1847 2976 2125 3047 octoginta
2153 2977 2276 3043 viri,
2303 2978 2411 3034 rasi
2439 2977 2638 3033 barbas
2667 2993 2880 3046 eorum,
2910 2989 2966 3034 et
2992 2979 3223 3048 disrupti
3248 2987 3430 3034 vestes

1848 3085 2064 3134 eorum,
2093 3081 2148 3125 et
2177 3071 2256 3141 (ιι)
2288 3071 2616 3142 plangentes
2649 3089 2663 3123 :
2699 3080 2755 3126 et
2791 3072 2956 3138 dona,
2989 3080 3044 3127 et
3073 3073 3202 3127 thus
3227 3072 3282 3126 in
3313 3087 3430 3126 rna-

174 3159 549 3230 Babylonem:
594 3159 647 3213 8.
680 3167 733 3213 et
772 3163 1143 3226 veneruntad
1173 3159 1454 3216 Godoliam
1501 3159 1554 3213 in
1604 3159 1746 3214 Mas-
1777 3192 1818 3248 ο
1854 3163 2014 3217 nibus
2058 3177 2272 3229 eorum,
2299 3163 2367 3218 ad
2411 3163 2752 3220 inferendum
2802 3164 2859 3219 in
2909 3165 3133 3220 domum
3192 3165 3427 3220 Domini.

176 3253 362 3322 phiam
402 3253 597 3307 lsmael
629 3252 771 3307 ﬁlius
801 3251 1101 3316 Nathauize,
1128 3262 1180 3306 et
1207 3251 1478 3313 Jobanan,
1513 3261 1568 3307 et
1588 3249 1750 3306 Jona-

176 3344 311 3398 than
361 3342 457 3397 ﬁlii
499 3341 700 3408 Corab,
747 3350 802 3397 et
851 3340 1006 3396 Sa-ria
1057 3341 1199 3396 ﬁlius
1255 3339 1657 3406 Tbanalimctb,
1697 3350 1752 3394 et

179 3436 278 3490 ﬁlii
308 3432 574 3506 (h)Ypbi,
621 3435 714 3505 qui
748 3451 813 3489 ex
856 3434 1183 3504 NetOphath,
1231 3443 1286 3489 et
1335 3433 1558 3488 Jezonia
1607 3434 1752 3488 lilius

182 3526 494 3591 Maachath,
544 3526 668 3595 ipsi,
708 3534 762 3580 et
801 3525 902 3578 viri
958 3541 1169 3580 eorum.
1219 3525 1271 3580 9.
1314 3525 1376 3578 Et
1424 3525 1626 3593 juravit
1673 3524 1754 3579 eis

179 3620 409 3675 Godolia
438 3619 585 3674 ﬁlius
615 3618 842 3674 Abicam
880 3618 974 3672 ﬁlii
1011 3617 1253 3688 Saphau,
1279 3626 1333 3672 et
1366 3619 1498 3673 viris
1536 3632 1751 3684 eorum,

179 3714 408 3768 dicens:
437 3710 515 3766 Ne
541 3711 776 3766 timeatis
804 3710 864 3781 (il
891 3727 920 3764 a
954 3709 1093 3766 facie
1133 3709 1513 3765 Chaldaeorum
1541 3729 1555 3763 :
1592 3709 1754 3764 habi—

181 3814 296 3861 tate
326 3805 384 3860 in
423 3812 591 3868 terra,
629 3803 702 3874 (Ir)
748 3813 801 3875 et
849 3803 1148 3873 operamini
1181 3805 1294 3874 regi
1347 3801 1658 3874 Babylonis,
1700 3812 1754 3858 et

183 3898 386 3953 melius
416 3897 522 3951 erit
540 3896 716 3951 vobis.
745 3895 832 3949 10.
864 3897 928 3950 Ει
955 3911 1055 3967 ego
1073 3912 1199 3952 ecce
1219 3897 1382 3952 sedeo
1405 3897 1459 3950 in
1488 3893 1753 3966 Maspbia,

181 3989 253 4044 ad
287 3986 546 4043 standum
593 4001 777 4042 coram
826 3985 964 4041 facie
990 3987 1391 4051 Chaldaeorum,
1425 3988 1758 4058 quicumque

183 4079 438 4136 venerint
452 4079 516 4151 (ι)
539 4093 701 4149 super
725 4093 844 4133 vos.
867 4077 931 4131 Et
956 4095 1050 4134 vos
1073 4079 1307 4150 colligite
1333 4079 1546 4142 viuum,
1576 4087 1632 4134 et
1655 4077 1754 4149 (ιη)

185 4172 455 4238 fructum,
479 4180 532 4226 et
565 4172 745 4227 oleum
773 4171 1010 4242 colligite
1039 4173 1092 4226 in
1117 4187 1245 4226 vasa
1277 4181 1478 4234 vestra,
1511 4181 1565 4226 et
1597 4172 1757 4228 habi-

187 4275 303 4320 tate
331 4263 387 4317 in
412 4263 643 4318 urbibus
666 4263 885 4328 vestris,
909 4278 1046 4333 quas
1070 4265 1342 4320 tenuistis.
1363 4264 1450 4318 11.
1476 4263 1544 4320 Ει
1568 4281 1760 4321 omnes

185 4355 384 4418 Judaei,
416 4354 510 4424 qui
544 4368 606 4410 οι-
638 4354 692 4408 in
721 4365 864 4408 terra
908 4355 930 4424 ζ
963 4354 1142 4419 Moab,
1181 4364 1237 4410 et
1261 4356 1316 4412 in
1350 4357 1475 4412 ﬁliis
1500 4357 1755 4419 Ammon,

187 4455 244 4501 et
275 4446 370 4517 qui
402 4448 456 4500 in
495 4443 748 4506 ldumaaa,
791 4458 838 4502 et
889 4446 940 4500 in
991 4447 1136 4500 omni
1190 4456 1352 4511 terra,
1401 4447 1758 4512 audiverunt,

1852 3255 1906 3310 6.
1934 3253 2002 3310 Et
2021 3253 2191 3310 exivit
2219 3254 2414 3311 lsmael
2451 3255 2601 3312 ﬁlius
2629 3253 2915 3310 Nathaniaa
2933 3256 2988 3311 in
3021 3271 3312 3313 occursum
3337 3273 3434 3313 eo-

1854 3363 1973 3400 rum
2005 3361 2074 3400 ex
2122 3345 2391 3416 Maspbia,
2441 3347 2565 3402 ibat'
2600 3347 2739 3411 iens,
2786 3355 2842 3401 et
2869 3346 3025 3402 ﬁens.
3070 3346 3294 3404 Factum
3349 3360 3436 3404 est

1852 3446 2055 3500 autem,
2096 3453 2218 3508 cum
2263 3438 2755 3508 appropinquasset
2800 3439 2904 3504 eis,
2958 3447 3012 3492 et
3037 3439 3175 3493 dixit
3207 3443 3272 3493 ait
3295 3456 3432 3495 eos:

1853 3506 2207 3600 lngredimini
2246 3506 2315 3584 ad
2351 3506 2642 3584 Godoliam
2676 3529 2847 3584 ﬁlium
2877 3529 3127 3584 Abicam.
3153 3529 3206 3582 7.
3234 3529 3302 3585 Et
3323 3529 3438 3586 fac-

1855 3631 1968 3676 tum
1993 3630 2108 3688 est,
2148 3636 2273 3676 eum
2307 3621 2536 3692 ingressi
2561 3630 2746 3677 essent
2767 3624 2834 3689 κ(
2857 3621 2912 3676 in
2943 3621 2966 3691 ζ
2999 3620 3235 3676 medium
3262 3623 3436 3690 urbis,

1853 3721 1909 3765 et
1957 3712 2215 3767 mactavit
2246 3726 2344 3767 eos
2393 3709 2587 3766 lsmael
2615 3711 2762 3766 ﬁlius
2795 3709 3086 3766 Nathanize
3115 3711 3195 3782 (at)
3231 3713 3285 3766 in
3333 3699 3436 3782 bu-

1857 3813 2026 3870 teum,
2083 3804 2219 3874 ipse,
2264 3811 2319 3858 et
2353 3802 2470 3866 viri,
2515 3802 2608 3872 qui
2655 3817 2778 3857 cum
2810 3817 2898 3858 eo.
2933 3801 2988 3857 8.
3023 3802 3099 3873 (ῃ)
3134 3801 3201 3856 Et
3248 3803 3434 3858 decem

1857 3895 1955 3949 viri
1983 3893 2187 3949 inventi
2217 3902 2346 3949 sunt
2378 3894 2483 3958 ibi,
2518 3902 2574 3948 et
2601 3893 2857 3948 dixerunt
2893 3893 3104 3949 lsmaeli
3135 3910 3151 3947 :
3190 3892 3270 3949 Ne
3295 3897 3438 3950 occi-

1861 3985 1961 4040 das
2003 3999 2128 4050 nos,
2157 3984 2285 4054 quia
2319 3994 2449 4039 sunt
2485 3984 2644 4038 nobis
2672 3983 2852 4038 acervi
2899 3983 2954 4037 in
2985 3997 3140 4052 agro,
3171 3985 3350 4038 tritica
3387 3994 3442 4039 et

1856 4075 2088 4140 bordea,
2123 4076 2303 4130 oleum
2327 4087 2382 4130 et
2405 4075 2510 4130 mel
2535 4093 2550 4129 :
2578 4075 2650 4146 (ι)
2669 4084 2722 4130 et
2743 4075 3015 4140 transivit,
3038 4084 3223 4131 etnon
3241 4076 3443 4132 occidit

1859 4185 1954 4225 eos
2002 4171 2056 4224 in
2100 4169 2282 4224 medio
2333 4167 2566 4222 fratrum
2631 4183 2843 4222 eorum.
2875 4168 2930 4223 9.
2977 4166 3182 4224 Puteus
3235 4179 3438 4234 autem,

1861 4261 1915 4315 in
1935 4273 2095 4330 quem
2116 4257 2344 4329 projecit
2368 4260 2437 4328 Ἀ(
2460 4257 2532 4312 ibi
2564 4259 2586 4327 ζ
2612 4254 2806 4313 lsmael
2831 4259 3015 4312 omnia
3041 4273 3272 4328 corpora
3292 4259 3444 4314 viro-

1862 4368 2007 4418 rum,
2063 4367 2203 4422 quos
2255 4351 2456 4407 occidit
2500 4366 2597 4421 per
2642 4366 2864 4405 manum
2911 4349 3152 4406 Godolia:
3199 4362 3442 4424 :puteus

1867 4460 2100 4516 magnus
2124 4453 2211 4499 est
2251 4442 2343 4498 hic
2373 4458 2533 4512 quem
2571 4440 2700 4498 fecit
2725 4457 2820 4498 rex
2857 4443 2966 4498 Asa
2996 4443 3066 4498 ab
3093 4453 3220 4498 ante
3253 4445 3443 4499 faciem

189 4539 336 4609 quod
364 4539 605 4593 dedisset
637 4553 728 4592 rex
759 4538 1051 4609 Babylonis
1080 4537 1358 4593 residuuia
1391 4539 1446 4592 in
1475 4537 1681 4600 Judaea,
1710 4550 1765 4594 et
1797 4527 1841 4584 ι)
1871 4536 2058 4591 Baasze
2087 4534 2228 4605 regis
2251 4531 2484 4589 lsrzelis:
2513 4531 2660 4588 hunc
2681 4532 2924 4602 implevit
2951 4530 3144 4587 lsmael
3171 4533 3313 4588 ﬁlius
3336 4531 3446 4588 Na-

189 4629 340 4698 quod
372 4627 753 4684 constituisset
784 4643 948 4697 super
984 4643 1078 4682 eos
1109 4627 1391 4682 Godoliam
1419 4628 1592 4683 ﬁlium
1631 4629 1762 4682 Abi-

191 4735 314 4775 cam
356 4720 450 4774 ﬁlii
514 4719 752 4790 Saphan.
787 4721 875 4774 19..
913 4719 980 4774 Ει
1021 4721 1221 4775 reversi
1258 4729 1386 4776 sunt
1420 4723 1490 4790 Χ
1520 4735 1708 4776 omnes
1740 4719 1762 4787 ζ

194 4812 368 4869 Judaei
398 4828 465 4869 ex
497 4814 754 4868 omnibus
790 4813 945 4879 locis,
975 4829 1089 4882 quo
1112 4815 1343 4882 dispersi
1367 4814 1584 4870 fuerunt
1615 4814 1765 4878 illuc,

195 4915 252 4960 et
283 4912 546 4959 venerunt
589 4903 644 4957 in
684 4913 880 4958 terram
925 4902 1076 4958 Juda:
1108 4905 1173 4959 ad
1204 4902 1489 4960 Godoliam
1521 4907 1576 4959 in
1627 4903 1772 4960 Mas-

1861 4626 2064 4683 tbania:
2099 4625 2320 4680 occisis.
2376 4622 2460 4676 10.
2525 4623 2602 4693 (a)
2653 4624 2720 4678 Et
2757 4622 2974 4679 reduxit
3009 4623 3204 4679 lsmael
3229 4639 3444 4680 omnem

1865 4719 2148 4790 populum,
2175 4717 2269 4788 qui
2309 4716 2534 4772 relictus
2566 4715 2699 4781 fuit,
2734 4717 2802 4782 )K
2831 4729 2958 4769 eum
3011 4717 3034 4785 ζ
3066 4716 3160 4786 qui
3195 4716 3251 4770 in
3303 4715 3448 4772 Mas-

1865 4814 2014 4884 pbia,
2046 4821 2102 4868 et
2139 4811 2280 4866 ﬁlias
2309 4810 2475 4880 regis,
2506 4819 2557 4864 et
2584 4824 2803 4864 omnem
2837 4807 3246 4879 populum,_qui
3269 4810 3448 4866 relicti

1867 4904 2089 4960 fuerunt
2122 4903 2178 4958 in
2202 4901 2469 4972 Maspbia,
2499 4916 2639 4972 quos
2668 4899 3450 4956 commendavitNabuzardan

199 4996 405 5069 phiam,
426 5004 481 5051 et
511 4996 848 5068 collegerunt
863 4996 1073 5060 vinum,
1101 5005 1154 5052 et
1178 4995 1254 5067 (η)
1276 4995 1514 5052 fructum
1540 4996 1770 5052 multum
1869 4995 2126 5066 princeps
2149 5007 2452 5065 coquorum
2481 4991 2723 5048 Godolia;
2748 4991 2860 5046 ﬁlio
2883 4990 3130 5057 Ahicam,
3152 4992 3226 5061 (b)
3253 5000 3307 5047 et
3331 5007 3450 5045 ma-

273 5180 338 5250 (ι)
378 5179 690 5235 Jeremiam.
767 5179 846 5250 (ιι)
875 5179 963 5244 Α.,
995 5179 1251 5250 magister
1290 5180 1590 5234 laniunum.

204 5248 290 5314 8.,
315 5248 526 5306 catenis
555 5248 839 5306 manuum.
918 5248 1104 5321 (α)8.,’
1124 5251 1297 5317 placet
1323 5251 1441 5321 tibi.

205 5389 471 5462 placuerit
527 5390 646 5444 tibi.
692 5391 788 5462 (Γ)
828 5389 975 5462 Tres,
1015 5391 1134 5462 viri.
1215 5389 1290 5461 (g)
1335 5391 1401 5445 Α.

203 5459 298 5523 Ἁη
334 5459 417 5527 8.,
451 5469 506 5514 et
563 5459 780 5516 servile.
857 5461 920 5530 (ι)
949 5465 1039 5526 .4.,
1075 5460 1156 5522 8.,
1183 5459 1252 5516 ad
1283 5477 1400 5514 vos.
1478 5460 1574 5530 (γη)
1604 5461 1642 5512 Α

207 5531 363 5601 sciet,
385 5544 558 5601 quare
595 5531 806 5585 occidet
829 5533 1066 5601 animam
1092 5541 1262 5586 tuam.

210 5600 372 5654 homo
400 5598 514 5655 non
547 5608 751 5655 nosset.
827 5602 888 5669 (ι)
922 5603 1008 5664 Α.,
1029 5600 1112 5664 8.,
1142 5618 1208 5658 ex
1241 5598 1446 5655 Saloni.
1526 5600 1603 5669 (α)
1627 5602 1717 5664 Α.,
1749 5598 1807 5655 8.

1699 5183 1779 5252 (ευ)
1809 5179 2059 5251 Reliqui,
2106 5181 2322 5236 loeutus
2375 5190 2478 5236 est.

1519 5251 1594 5319 (b)
1647 5248 1730 5315 8.,
1759 5248 1862 5324 '_et_
1900 5248 1947 5324 si
1981 5266 2093 5324 non
2150 5252 2482 5324 plaeet_tibi_.
2559 5248 2631 5324 (ε)
2664 5253 2750 5317 8.,
2788 5266 3064 5324 permane.

204 5331 499 5390 antequam
554 5322 812 5392 recedam
831 5320 997 5392 kego,
1050 5320 1576 5392 revert_ere,rhahita
1633 5320 1778 5392 apud
1824 5321 2129 5392 Godoliam.

1412 5429 1426 5452 ,
1471 5387 1922 5464 S.._e_tiu{antes.
2008 5387 2298 5464 (h)‘.luphi.
2376 5391 2586 5464 (i)AA..
2652 5391 2738 5458 8.,
2771 5392 2976 5464 servire
3013 5387 3304 5464 glial'daeis.
3370 5387 3456 5458 Ur)

1655 5501 1693 5524 .,
1729 5459 1968 5516 fructum
1997 5459 2268 5516 mstivum.

1343 5530 1416 5600 (p)
1443 5531 1542 5603 Α.,Δ
1567 5530 1657 5603 8.,
1689 5530 2251 5603 ὐθξειθιηὶηεξΝέεξηὶζ
2300 5530 2374 5603 (q)
2401 5533 2594 5603 Simul.
2671 5533 2741 5602 (r)
2806 5530 3019 5590 lsmaei.

1818 5641 1833 5664 ,
1873 5602 2053 5656 incisi.
2102 5604 2180 5669 (π)
2213 5600 2278 5654 Et
2310 5600 2546 5670 proiecit
2588 5600 2701 5658 eos.

2575 5181 2652 5252 (ῃ)
2689 5180 2770 5236 Εἰ.
2870 5180 2944 5248 (z)
2988 5180 3080 5243 A.,
3148 5195 3195 5252 ag
3225 5180 3453 5252 catenis.

2216 5262 2325 5306 acet
2364 5252 2482 5307 tibi.
2559 5248 2631 5324 (a)
2664 5253 2750 5317 8.,
2788 5266 3064 5321 permane.
3141 5250 3220 5331 ((1)
3275 5248 3361 5312 8.,
3402 5259 3458 5303 et

2216 5321 2286 5444 Sf)
2318 5320 2418 5403 8.,.
2459 5322 2511 5376 in
2575 5338 2792 5377 omnem
2864 5320 3069 5402 locum,
3123 5334 3457 5400 quicumque

2216 5418 2219 5438 ›
2263 5408 2298 5444 ι.
2376 5392 2442 5444 (tl
2496 5393 2586 5444 A..
2652 5391 2738 5444 8..
2771 5407 2976 5444 servire
3014 5391 3304 5444 Chaldaeis.
3382 5387 3456 5444 Ur)

2344 5460 2530 5533 (10's.,
2557 5464 2823 5518 triticum.
2905 5460 3084 5533 (o)S.,
3119 5461 3250 5533 dum
3295 5475 3458 5514 nemo

3099 5532 3168 5600 (ε)
3191 5529 3274 5595 8.,
3331 5545 3456 5584 cum

2783 5603 2860 5675 (SI)
2891 5605 2974 5670 8.,
3019 5601 3215 5675 decem
3278 5610 3456 5655 autem

208 5672 310 5740 viri
339 5672 542 5725 inventi
575 5679 702 5726 sunt
734 5670 829 5733 ibi,
860 5671 948 5740 qui
974 5672 1228 5726 dixerunt
1268 5674 1334 5726 ad
1369 5673 1668 5726 lsmaelem.
1727 5673 1822 5739 -(z)
1851 5671 1936 5735 8.,
1973 5672 2247 5726 cohibitus
2279 5672 2380 5725 fuit
2405 5683 2610 5736 autem,
2654 5682 2710 5728 et
2747 5670 2854 5730 no'n'
2892 5673 3032 5728 mori
3063 5673 3190 5727 fecit
3215 5686 3307 5726 eos
3330 5685 3456 5724 cum

210 5738 468 5812 fratribus
489 5755 694 5812 eorum.
712 5738 897 5812 fovea
926 5750 1106 5812 autem
1135 5743 1188 5798 in
1222 5757 1385 5812 quam
1419 5743 1665 5811 proiecit.

1743 5742 1820 5811 (a)
1849 5745 1943 5812 A.,
1965 5741 2051 5806 8.,
2079 5751 2133 5796 et
2154 5743 2425 5812 captivqu
2457 5744 2633 5800 duxit.

213 5824 308 5868 eos
330 5811 526 5869 lsmael
547 5811 691 5868 ﬁlius
711 5809 1013 5879 Natbanue,
1052 5820 1106 5867 et
1131 5809 1266 5869 abiit
1299 5813 1364 5868 ad
1399 5809 1889 5871 transeundumad
1922 5811 2063 5868 ﬁlios
2117 5809 2367 5868 Aminon.

2712 5745 2790 5816 (b)
2822 5747 2913 5811 Α.,
2946 5753 3001 5800 et
3027 5743 3267 5813 captivos
3305 5741 3462 5797 duxit
