3834 6224
411 382 548 438 2571

413 496 665 552 tutinavit
687 491 880 549 lsmael
916 491 1066 547 illius
1081 490 1383 547 Nathaniaa.
1414 499 1468 544 et
1494 489 1626 545 abiit
1656 499 1806 545 trans
1843 489 1980 545 ﬁlios
2009 497 2056 556 Α
2086 504 2172 552 eo,
2225 490 2247 557 ζ

413 591 668 643 Ammon.
713 585 801 641 11.
843 592 911 640 ΕΙ.
953 585 1162 641 audivit
1203 583 1452 640 Johanan
1499 581 1643 638 ﬁlius
1677 582 1883 648 Corah,
1930 593 1985 637 et

413 698 604 737 omnes
627 680 899 751 principes
919 679 1224 749 potestatis,
1248 676 1341 747 qui
1363 691 1486 730 cum
1507 691 1593 742 eo,
1617 675 1800 730 omnia
1821 674 1984 742 mala,

414 788 536 838 quae
575 770 704 827 fecit
735 769 926 827 Ismael
960 769 1101 825 ﬁlius
1126 767 1408 823 Nathaniae
1446 786 1459 822 :
1491 768 1580 822 12.
1620 777 1673 821 et
1714 768 1990 822 duxerunt

415 865 597 919 omnia
617 871 797 919 castra
850 876 1063 926 eorum,
1105 870 1161 916 et
1186 859 1398 914 iverunt
1427 859 1494 914 ad
1522 859 1875 930 pugnandum
1921 873 1984 914 οι-

415 961 680 1012 adversus
702 969 828 1009 eum
857 954 881 1024 ζ
913 968 1035 1008 cum
1057 951 1284 1007 lsmaele
1305 951 1417 1006 ﬁlio
1439 949 1738 1016 Nathaniae,
1763 959 1818 1006 et
1839 951 1988 1005 inve-

416 1062 615 1108 nerunt
638 1066 762 1106 eum
787 1065 951 1119 super
968 1063 1109 1119 aqua
1141 1049 1333 1114 multa,
1359 1049 1427 1115 χ(
1453 1061 1574 1117 quae
1607 1044 1629 1114 ζ
1654 1045 1711 1100 in
1739 1043 1985 1100 Gabaon.

416 1146 502 1200 15.
533 1141 600 1196 Et
636 1141 839 1197 factum
869 1148 972 1204 est,
1013 1154 1136 1193 cum
1173 1139 1382 1193 videret
1401 1138 1587 1192 omnis
1621 1135 1875 1208 populus,
1895 1135 1989 1206 qui

415 1251 537 1290 cum
564 1233 788 1289 ismacle
812 1229 1058 1286 Johanan
1093 1229 1261 1283 tilium
1296 1227 1500 1295 Corah,
1535 1238 1591 1283 et
1613 1241 1806 1282 omnes
1835 1225 1989 1296 prin-

413 1329 562 1395 r-ipes
593 1325 880 1396 potestatis
900 1364 914 1389 ,
944 1338 1066 1393 qua:
1093 1337 1216 1376 cum
1253 1336 1340 1387 eo,
1378 1320 1468 1375 14.
1501 1328 1556 1376 et
1606 1320 1807 1390 gravisi
1839 1329 1990 1382 sunt,

413 1429 467 1473 et
501 1419 780 1473 redierunt
812 1415 993 1471 omnis
1039 1414 1293 1485 populus,
1337 1427 1499 1484 quem
1531 1414 1803 1481 captivum
1834 1412 1992 1467 duxit

412 1511 607 1566 lsmael
640 1509 710 1580 (c)
737 1524 798 1564 ex
835 1507 1080 1578 Maspbia
1111 1527 1123 1560 :
1155 1515 1209 1562 et
1229 1522 1348 1561 cum
1380 1506 1691 1570 rediissent,
1727 1511 1993 1560 venerunt

412 1601 480 1654 ad
511 1598 760 1654 Johanan
801 1597 970 1651 ﬁlium
1005 1595 1206 1650 Corah.
1251 1595 1338 1650 15.
1392 1594 1585 1650 lsmael
1625 1602 1804 1649 autem
1847 1593 1992 1648 ﬁlius

412 1691 692 1747 Nathania:
724 1691 1030 1745 evasitcum
1047 1699 1174 1743 octo
1203 1687 1516 1742 hominibus
1545 1686 1614 1742 ab
1637 1695 1764 1742 ante
1795 1685 1990 1742 faciem

413 1781 683 1845 Johanan,
741 1787 796 1833 et
829 1779 962 1833 abiit
997 1779 1064 1832 ad
1113 1778 1256 1832 ﬁlios
1289 1776 1542 1831 Ammon.
1598 1777 1687 1830 16.
1732 1776 1799 1830 Ει
1849 1777 1993 1846 cepit

412 1843 828 1928 Johananiﬁlius
856 1869 1059 1934 Corah,
1079 1878 1135 1924 et
1166 1883 1356 1924 omnes
1384 1869 1658 1938 principes
1678 1843 1986 1938 potestatis,
2019 1843 2062 1899 Β

413 1968 507 2037 qui
541 1977 665 2020 cum
692 1980 778 2028 eo,
818 1978 1007 2018 omnes
1046 1961 1304 2031 reliquias
1338 1960 1542 2030 populi,
1588 1975 1726 2030 quas
1773 1960 1992 2016 reduxit

413 2059 484 2114 ab
517 2055 744 2113 l-smaele
771 2057 839 2125 )t(
871 2053 983 2109 ﬁlio
1005 2052 1287 2108 Nathania:
1307 2069 1375 2106 ex
1406 2051 1671 2121 Masphia,
1699 2060 1988 2122 postquam

412 2150 612 2207 occidit
658 2147 944 2204 Godoliam
983 2146 1153 2200 ﬁlium
1188 2146 1416 2200 Aliicam
1453 2144 1512 2212 ζ,
1555 2152 1804 2214 potentes
1841 2145 1989 2199 viros

414 2245 469 2297 in
491 2241 656 2305 bello,
686 2253 748 2295 σε»
777 2248 832 2294 et
873 2238 896 2306 ζ
931 2238 1209 2302 mulieres,
1233 2246 1287 2290 et
1313 2236 1390 2304 (ά)
1423 2236 1704 2306 reliquias,
1727 2245 1782 2290 et
1812 2250 1988 2290 ennu-

412 2335 569 2398 cbos,
611 2347 751 2403 quos
800 2331 1015 2386 reduxit
1046 2345 1111 2384 ex
1148 2328 1393 2384 Gabaon.
1428 2328 1515 2382 17.
1549 2327 1611 2382 Et
1645 2329 1714 2399 (ε)
1745 2328 1900 2393 abiit,
1934 2337 1990 2383 et

414 2427 555 2482 sedit
582 2426 791 2479 interra
809 2423 1004 2477 Beroth
1026 2421 1384 2487 Chamaham,
1409 2436 1532 2491 quae
1555 2420 1622 2474 ad
1649 2420 1984 2487 Bethlehem,

415 2529 474 2574 ut
522 2518 699 2573 abiret
743 2516 809 2570 ad
850 2513 1264 2584 ingrediendum
1321 2513 1376 2566 in
1414 2511 1730 2583 Egyptum,
1789 2512 1878 2566 18.
1919 2513 1988 2568 ab

413 2626 539 2669 ante
577 2612 773 2668 faciem
809 2607 1192 2665 Chaldaeorum
1213 2647 1228 2672 ,
1268 2607 1397 2677 quia
1431 2608 1738 2662 timuerunt
1760 2607 1829 2661 ab
1861 2616 1989 2662 ante

412 2706 605 2761 faciem
643 2718 832 2760 eorum
862 2721 876 2755 :
908 2703 1034 2772 quia
1057 2700 1254 2756 occidit
1286 2697 1480 2754 lsmael
1510 2702 1579 2768 χ(
1610 2699 1755 2754 ﬁlius
1787 2697 1988 2754 Natha-

412 2802 516 2853 uiae
570 2796 855 2852 Godoliam
891 2793 1060 2848 ﬁlium
1097 2792 1324 2847 Ahicam
1382 2791 1445 2859 ζ,
1493 2806 1657 2862 quem
1703 2793 1988 2847 constituit

411 2908 505 2947 rex
541 2889 833 2962 Babylonis
857 2889 911 2943 in
945 2895 1110 2942 terra.

481 2983 614 3054 Cap.
651 2980 804 3035 XLII.
838 3005 909 3019 -α
941 2980 994 3033 1.
1022 2977 1089 3033 Ει
1117 2986 1469 3034 accesserunt
1499 2991 1690 3032 omnes
1715 2978 1986 3048 principes

1575 374 1802 433 CODEX
1843 372 2507 430 SYBO-IIEXAI’LARIS.

3518 379 3663 434 2572

2306 500 2360 544 et
2396 504 2612 544 onmem
2647 489 2903 559 populum
2947 504 2976 542 a
3017 503 3184 560 parvo
3215 505 3390 560 usque
3423 491 3489 545 ad
3536 507 3664 545 ma—

2093 599 2281 652 gnum,
2305 584 2356 638 9.
2385 594 2440 639 et
2467 585 2600 639 dixit
2626 585 2704 638 eis
2729 582 2858 637 :-Sic
2881 583 3018 637 dixit
3043 582 3306 638 Dominus
3327 582 3467 639 Deus
3490 583 3666 640 Israe—

2087 678 2175 746 lis,
2206 680 2271 746 Χ
2320 679 2388 732 ad
2429 693 2590 748 quem
2621 678 2852 732 misistis
2882 692 2970 730 me
3005 677 3070 730 ad
3108 691 3254 741 eum,
3285 675 3353 730 ad
3383 674 3669 729 effunden-

2087 773 2216 827 dum
2247 771 2689 840 deprecationem
2741 770 2799 841 (ί)
2841 772 2906 836 >ε<
2934 784 3120 824 coram
3161 783 3226 824 eo
3260 769 3282 838 ζ
3320 785 3334 819 :
3368 769 3435 822 10
3482 766 3538 820 Si
3579 782 3669 821 se-

2088 865 2268 920 dendo
2307 864 2557 920 sederitis
2585 863 2638 917 in
2684 873 2826 917 terra
2863 862 2982 925 hac,
3014 862 3178 916 etiam
3223 861 3504 916 aediﬁcabo
3543 873 3669 923 vos,

2088 966 2142 1011 et
2166 972 2272 1010 non
2316 939 2704 1021 destruamfet
2743 956 2998 1026 plantabo
3028 970 3146 1018 vos,
3171 962 3226 1009 et
3266 968 3373 1008 non
3400 953 3671 1016 evellam;

2093 1047 2163 1120 (It)
2195 1048 2322 1119 quia
2369 1049 2615 1118 acquievi
2646 1062 2808 1118 super
2852 1046 3032 1110 malis,
3066 1061 3190 1115 quae
3217 1045 3326 1100 dixi
3363 1045 3428 1099 ad
3459 1044 3672 1104 facien-

2089 1143 2218 1195 dum
2248 1141 2422 1194 vobis.
2457 1140 2542 1194 11.
2592 1137 2670 1193 Ne
2713 1139 2950 1194 timeatis
2987 1137 3060 1192 ab
3099 1145 3225 1192 ante
3285 1136 3474 1191 faciem
3522 1137 3671 1206 regis

2093 1232 2398 1304 Babylonis,
2418 1231 2577 1301 cujus
2595 1247 2692 1286 vos
2711 1231 2913 1286 timetis
2943 1230 3013 1285 ab
3031 1239 3156 1285 ante
3173 1228 3368 1284 faciem
3397 1229 3517 1298 ejus
3551 1245 3567 1281 :
3600 1243 3671 1282 ne

2093 1326 2330 1382 timeatis
2359 1329 2425 1395 χ(
2449 1325 2520 1379 ab
2534 1340 2600 1380 eo
2632 1327 2688 1394 ζ,
2719 1323 2849 1378 dicit
2880 1321 3176 1388 Dominus;
3202 1323 3332 1393 quia
3362 1336 3484 1376 cum
3507 1321 3672 1374 vobis

2091 1431 2193 1487 ego
2227 1431 2370 1480 sum,
2416 1417 2480 1486 (ι)
2525 1415 2591 1470 ad
2625 1414 2962 1483 eripiendum
2994 1427 3113 1478 vos,
3152 1423 3206 1468 et
3244 1413 3312 1467 ad
3341 1412 3674 1467 salvandum‘

2093 1522 2190 1562 vos
2231 1521 2265 1562 e
2295 1522 2460 1561 manu
2501 1509 2596 1577 (m)
2621 1521 2834 1560 eorum.
2875 1504 2960 1558 12.
2990 1503 3055 1558 Et
3085 1505 3228 1559 dabo
3255 1504 3411 1560 vobis
3450 1504 3668 1559 miseri-

2092 1599 2357 1664 cordiam,
2382 1609 2437 1654 et
2462 1599 2762 1654 miserebor
2793 1599 2980 1662 vestri,
3013 1599 3090 1669 (η)
3123 1607 3178 1652 et
3199 1597 3451 1652 reducam
3480 1613 3580 1652 vos
3612 1597 3668 1651 in

2096 1699 2291 1746 terram
2316 1700 2572 1746 vestram.
2621 1691 2706 1745 15.
2743 1691 2807 1744 Ει
2837 1691 2881 1745 si
2913 1690 3093 1745 dicitis
3127 1705 3225 1744 vos
3268 1705 3281 1740 :
3315 1687 3432 1743 Non
3454 1689 3672 1744 sedebi-

2095 1799 2218 1838 mus
2253 1785 2308 1838 in
2349 1792 2493 1838 terra
2532 1782 2652 1847 hac,
2688 1782 2826 1837 adeo
2852 1791 2904 1835 ut
2946 1795 3054 1836 non
3083 1779 3319 1836 audiatis
3336 1795 3527 1834 vocem
3558 1779 3671 1834 Do-

2092 1873 2225 1927 mini
2273 1873 2366 1926 Dei
2401 1873 2594 1936 nostri,
2633 1873 2720 1926 H.
2747 1871 2990 1932 dicentes
3030 1889 3044 1925 :
3079 1869 3153 1941 (ο)
3177 1869 3333 1936 Quod
3374 1870 3430 1924 in
3466 1881 3667 1924 terram

2092 1964 2311 2037 Egypti
2359 1965 2745 2035 ingrediemur,
2787 1972 2840 2017 et
2869 1979 2974 2018 non
3007 1963 3313 2018 videbimus
3359 1964 3583 2028 Bellum,
3615 1973 3671 2018 et

2090 2074 2276 2114 vocem
2310 2057 2385 2128 (p)
2416 2057 2558 2112 tubae
2580 2071 2686 2111 non
2714 2056 3090 2119 audiemus,et
3118 2071 3287 2124 panes
3307 2070 3418 2110 non
3448 2055 3674 2110 esurie-

2090 2168 2212 2208 mns
2243 2159 2332 2206 :et
2359 2150 2431 2205 ibi
2477 2149 2868 2204 habitabimus.
2900 2149 2986 2203 15.
3029 2147 3094 2202 Et
3116 2150 3184 2216 Χ
3221 2163 3367 2204 nunc
3396 2149 3420 2218 ζ
3447 2159 3672 2218 propter

2091 2245 2193 2299 hoc
2215 2244 2398 2298 audite
2429 2242 2594 2298 verba
2621 2240 2858 2306 Domini,
2891 2242 2956 2308 χ(
2981 2241 3222 2311 reliquiae
3248 2239 3450 2296 Iudaeae
3488 2242 3512 2310 ζ
3540 2258 3553 2293 :
3591 2241 3670 2309 (ᾳ)

2091 2336 2181 2392 Sic
2207 2337 2363 2404 idixit
2412 2335 2677 2392 Dominus
2725 2337 2793 2405 »ζ
2835 2335 3093 2390 virtutum
3147 2335 3292 2389 Deus
3336 2334 3554 2388 lsraelis
3592 2334 3615 2401 ζ
3655 2352 3668 2385 :

2090 2429 2146 2483 Si
2176 2445 2270 2484 vos
2308 2432 2375 2498 Ἀ(
2414 2429 2594 2484 dando
2641 2429 2664 2498 ζ
2701 2428 2962 2484 dederitis
3000 2426 3194 2482 faciem
3223 2436 3458 2482 vestram
3502 2431 3570 2498 Χ
3600 2430 3670 2483 ad

2089 2519 2497 2589 ingrediendum
2531 2519 2635 2588 :in
2681 2517 2992 2589 Egyptum,
3033 2527 3088 2570 et
3113 2517 3447 2571 intraveritis
3478 2517 3550 2588 (r)
3599 2519 3666 2571 ad

2089 2613 2438 2667 habitandum
2463 2613 2559 2677 ibi,
2584 2611 2666 2666 16.
2701 2620 2756 2665 et
2779 2611 2904 2676 erit,
2933 2611 3080 2681 quod
3114 2611 3346 2679 gladius,
3371 2625 3535 2680 quem
3569 2626 3670 2665 vos

2089 2708 2290 2762 timetis
2315 2706 2384 2761 ab
2412 2713 2538 2760 ante
2559 2704 2752 2760 faciem
2783 2704 2926 2774 ejus,
2955 2706 3022 2772 3K
3047 2704 3118 2758 ibi
3151 2704 3174 2771 ζ
3209 2703 3446 2758 inveniet
3472 2717 3572 2758 vos
3599 2705 3668 2771 Χ

2088 2800 2141 2854 in
2173 2809 2314 2854 terra
2356 2799 2378 2868 ζ
2409 2797 2660 2868 Egypti;
2694 2807 2749 2852 et
2781 2797 2977 2862 fames,
3011 2797 3168 2866 cujus
3189 2812 3287 2852 vos
3318 2796 3458 2850 ratio
3488 2797 3556 2866 (κ)
3582 2806 3670 2852 est

2085 2891 2241 2945 vobis
2268 2889 2328 2960 (ι)
2361 2891 2431 2944 ab
2451 2901 2576 2944 ante
2595 2889 2787 2945 faciem
2815 2889 2953 2959 ejus,
2983 2891 3052 2958 χ
3086 2889 3157 2943 ibi
3189 2890 3212 2958 ζ
3253 2889 3332 2956 (u)
3363 2888 3668 2957 apprehen-

2085 2985 2176 3038 tlet
2205 2997 2304 3037 vos
2332 2982 2384 3036 in
2415 2980 2666 3052 Egypto,
2707 2991 2763 3036 et
2789 2982 2861 3036 ibi
2907 2983 3239 3043 moriemini,
3277 2981 3363 3034 l7.
3401 2981 3468 3035 Et
3506 2992 3668 3038 erunt

410 3072 717 3144 potestatis,
767 3079 825 3126 et
873 3067 1121 3123 Johanan
1162 3067 1306 3121 ﬁlius
1357 3065 1571 3131 Corah,
1619 3074 1673 3121 et
1722 3065 1982 3121 Jezaniah
2087 3089 2278 3128 omnes
2300 3073 2424 3138 viri,
2447 3073 2538 3142 qui
2570 3079 2874 3142 posuerunt
2905 3073 3100 3127 faciem
3121 3087 3274 3126 suam
3313 3073 3669 3143 xadingre-

411 3168 556 3221 iiiius
587 3164 652 3237 (Γ)
671 3163 898 3227 Hom,
923 3168 976 3216 et
1001 3159 1182 3214 omnis
1217 3159 1449 3228 pepulus
1485 3173 1514 3212 a
1542 3173 1710 3227 parvo
1733 3166 1788 3214 et
1811 3174 1984 3229 usque
2011 3179 2052 3235 ς
2085 3165 2344 3218 diendum
2381 3166 2404 3235 ζ
2447 3149 2502 3219 in
2538 3174 2740 3219 terram
2789 3164 3029 3236 Egypti,
3071 3165 3138 3218 ad
3176 3164 3537 3219 habitandum
3565 3165 3662 3230 ibi,

410 3261 476 3313 ad
513 3271 794 3328 magnum,
832 3253 889 3312 Ξ.
915 3261 971 3308 et
1017 3251 1277 3305 dixerunt
1323 3250 1389 3305 ad
1422 3249 1716 3305 Ieremiam
1750 3251 1982 3320 prophe-
2085 3255 2336 3311 deﬁcient
2370 3257 2424 3309 in
2453 3257 2658 3327 gladio,
2683 3266 2737 3311 et
2759 3257 2813 3309 in
2844 3255 3009 3323 fame,
3048 3257 3115 3323 >ε<
3145 3265 3199 3309 et
3225 3255 3303 3326 (π)
3329 3256 3382 3309 in
3418 3266 3592 3311 morte
3614 3258 3663 3325 ζ,

411 3359 520 3402 tam
561 3369 573 3402 :
608 3345 780 3401 Cadat
821 3345 890 3412 Ἀ(
944 3355 1092 3396 nunc
1139 3341 1161 3410 ζ
1203 3339 1515 3409 deprecatio
1563 3349 1747 3394 nostra
1796 3354 1981 3394 coram
2085 3358 2139 3402 et
2176 3363 2283 3402 non
2311 3348 2413 3402 erit
2451 3365 2513 3402 ex
2561 3349 2641 3403 eis
2682 3363 2749 3402 ne
2787 3347 3005 3418 quidem
3048 3348 3216 3402 homo
3241 3348 3320 3418 (gl
3340 3357 3395 3404 et
3430 3363 3537 3403 non
3565 3351 3662 3419 qui

409 3441 549 3496 facie
571 3447 662 3494 tua
688 3476 708 3505 ,
737 3446 791 3492 et
818 3451 915 3490 ora
949 3437 1016 3504 χ
1036 3447 1136 3504 pro
1155 3432 1314 3487 nobis
1343 3435 1366 3503 ζ
1393 3432 1460 3486 ad
1494 3431 1784 3487 Dominum
1811 3432 1981 3487 Deum

2089 3442 2280 3496 evadet
2305 3457 2335 3495 a
2365 3442 2544 3506 malis,
2569 3457 2692 3510 quae
2717 3456 2817 3511 ego
2841 3441 3038 3496 induco
3070 3457 3234 3512 super
3254 3456 3370 3497 eos.
3405 3441 3492 3495 18.
3523 3441 3664 3508 Quia

409 3544 586 3598 tuum,
620 3543 719 3600 pro
752 3526 997 3597 reliquiis
1032 3526 1116 3580 his
1169 3541 1182 3580 :
1227 3523 1351 3595 quia
1391 3524 1564 3580 relicti
1595 3539 1786 3579 sumus
1825 3525 1984 3594 pauci
2086 3535 2166 3586 sic
2182 3531 2320 3586 dixit
2348 3531 2612 3585 Dominus
2635 3530 2902 3585 virtutum
2934 3530 3079 3588 Deus
3112 3514 3327 3588 Israelis
3363 3551 3376 3587 :
3409 3533 3560 3588 Sicut
3588 3535 3664 3604 (ι)

409 3629 476 3682 de
509 3624 716 3686 multis,
741 3617 1044 3678 sicutoculi
1067 3617 1144 3672 tui
1170 3617 1354 3672 vident
1377 3630 1498 3670 nos.
1529 3615 1583 3670 ὅ.
1609 3614 1674 3670 Et
1697 3616 1985 3671 annuntiet
2087 3622 2309 3677 slliiaVil
2341 3621 2495 3678 furor
2525 3638 2702 3688 meus,
2745 3623 2814 3692 χ(
2850 3631 2905 3677 et
2947 3623 3022 3677 ira
3062 3639 3183 3678 mea
3230 3626 3252 3694 ζ
3304 3639 3470 3694 super
3517 3625 3670 3680 habi-

409 3718 566 3773 nobis
596 3715 858 3768 Dominus
882 3711 1023 3766 Deus
1057 3718 1182 3764 "lus
1214 3710 1379 3773 Viam.
1414 3723 1522 3777 ‘1“3
1571 3721 1762 3761 eamus
1808 3705 1861 3760 ίη
1895 3723 1980 3770 ea.
2087 3723 2264 3770 tantes
2310 3715 2364 3768 in
2393 3713 2718 3779 Jerusalem,
2753 3715 2838 3769 sic
2875 3715 3102 3770 stillabit
3125 3715 3285 3773 furor
3309 3732 3464 3772 meus
3499 3733 3672 3787 super

407 3821 461 3865 et
496 3808 739 3871 verbum,
769 3804 914 3874 quod
957 3803 1244 3858 faciamus.
1276 3799 1331 3855 4.
1371 3799 1434 3854 Et
1461 3799 1598 3854 dixit
1638 3799 1718 3854 eis
1749 3797 1982 3854 .leremia
2085 3822 2204 3871 vos,
2237 3821 2362 3862 cum
2389 3806 2616 3876 ingressi
2642 3807 2779 3861 estis
2807 3807 2861 3860 in
2888 3805 3226 3878 Egyptum:
3259 3817 3313 3863 et
3329 3810 3483 3864 eritis
3505 3808 3587 3880 (α)
3612 3812 3669 3866 in

406 3901 670 3972 propheta
724 3915 738 3952 ε
793 3895 1012 3960 Αυάίνὶν
1059 3907 1186 3948 ecce
1226 3907 1328 3962 98°
1385 3892 1555 3946 01⁵³δο
1583 3889 1652 3944 ad
1693 3891 1981 3945 Domitium
2084 3898 2429 3962 deletionem,
2457 3907 2514 3953 et
2555 3897 2804 3967 subjecti,
2825 3907 2879 3953 et
2910 3898 2964 3952 in
3007 3900 3463 3966 maledictionem,
3500 3913 3556 3957 et
3611 3903 3669 3958 in

408 3998 577 4052 Deum
602 4002 874 4056 nostrum,
889 3989 1044 4061 juxta
1061 3989 1224 4044 verba
1240 3996 1418 4043 vestra
1445 4005 1457 4041 :
1475 3997 1530 4042 et
1550 3987 1661 4052 ﬁet,
1684 3990 1753 4054 x
1771 4002 1932 4042 omne
1953 3987 1976 4055 ζ

404 4087 658 4150 verbum,
725 4083 871 4156 quod
919 4080 1270 4153 respondebit
1319 4078 1585 4134 Dominus
1629 4083 1698 4150 »ξ
1728 4080 1882 4134 vobis
1921 4079 1976 4147 ζ,

405 4180 742 4237 annuntiabo
797 4177 972 4246 vobis,
1034 4191 1146 4232 non
1201 4176 1389 4232 celabo
1437 4190 1468 4230 a
1518 4176 1676 4231 vobis
1727 4176 1976 4230 verbum.

405 4277 460 4331 5.
496 4274 563 4328 Et
609 4273 716 4343 ipsi
756 4272 1014 4328 dixerunt
1051 4267 1300 4326 Ieremia:
1333 4283 1348 4321 :
1389 4267 1473 4324 Sit
1510 4267 1778 4324 Dominus
1820 4269 1979 4325 nobis

408 4369 464 4423 in
492 4374 684 4422 testem
714 4365 790 4436 (g)
815 4365 1025 4434 justum
1056 4374 1111 4418 et
1131 4362 1365 4427 ﬁdelem,
1401 4362 1448 4417 si
1478 4377 1606 4426 non,
1632 4361 1787 4431 juxta
1817 4375 1980 4416 omne

407 4459 654 4524 verbum,
684 4457 830 4528 quod
885 4454 1100 4510 miserit
1141 4463 1194 4510 te
1240 4453 1502 4510 Dominus
1523 4456 1591 4523 »ζ
1621 4451 1764 4508 Deus
1789 4460 1914 4508 tuus
1949 4453 1971 4520 ζ

2083 3990 2481 4061 opprobrium,
2549 3999 2605 4044 et
2661 4005 2772 4045 non
2854 3990 3110 4047 videbitis
3180 3993 3414 4063 amplius
3478 3994 3670 4050 locum

2084 4081 2249 4147 hunc,
2313 4082 2395 4137 I9.
2459 4080 2554 4151 (ὁ)
2614 4081 2757 4150 quod
2813 4081 3028 4138 locutus
3088 4092 3173 4139 est
3228 4082 3491 4140 Dominus
3570 4102 3672 4142 su-

2081 4185 2178 4238 per
2217 4185 2316 4226 vos
2356 4170 2606 4227 residuos
2623 4169 2798 4237 Iudae,
2833 4187 2902 4227 ne
2935 4172 3312 4243 ingrediamini
3367 4174 3421 4228 in
3464 4173 3674 4247 Egyp-

2081 4272 2197 4318 tum
2265 4281 2280 4318 :
2353 4272 2409 4320 et
2473 4279 2623 4319 nunc
2699 4265 3082 4335 cognoscendo
3148 4267 3531 4337 c0gnoscetis,
3600 4273 3671 4339 χ

2068 4345 2227 4424 quod
2259 4364 2602 4410 contestatus
2631 4371 2753 4410 sum
2775 4371 2873 4412 vos
2891 4356 3093 4424 hodie;
3120 4356 3194 4413 20
3222 4361 3350 4428 quia
3377 4363 3399 4431 ζ
3426 4361 3497 4432 (c)
3522 4365 3673 4418 male

2082 4445 2288 4500 fecistis
2320 4445 2374 4500 in
2408 4447 2605 4502 animis
2631 4447 2848 4513 vestris,
2883 4450 2950 4516 Χ
2982 4449 3080 4520 qui
3113 4465 3212 4505 vos
3248 4452 3271 4520 ζ
3308 4453 3541 4508 misistis
3581 4470 3672 4509 me

407 4553 474 4608 ad
514 4566 617 4606 nos
644 4517 1057 4605 fecerimus.
1088 4546 1140 4603 6.
1186 4545 1310 4601 Sive
1348 4517 1723 4609 bonum,‘sive
1751 4517 1976 4608 malum,
2011 4517 2062 4579 D
2085 4541 2151 4595 ad
2202 4539 2492 4595 Dominum
2527 4541 2695 4595 Deum
2740 4517 3016 4608 vestrum,
3049 4517 3294 4599 dicentes
3330 4563 3346 4601 :
3404 4545 3511 4600 Ora
3565 4563 3669 4616 pro

405 4659 600 4701 vocem
644 4635 870 4698 "Domini
905 4638 1002 4694 Dei
1055 4639 1251 4701 nostri,
1288 4653 1452 4709 quem
1476 4653 1576 4694 nos
1610 4638 1878 4692 mittimus
1929 4645 1984 4691 te
2083 4632 2244 4688 nobis
2262 4635 2328 4686 ad
2356 4631 2646 4688 Dominum
2675 4633 2846 4689 Deum
2868 4643 3120 4690 nostrum
3149 4655 3164 4690 :
3189 4645 3247 4691 et
3271 4636 3425 4707 juxta
3453 4643 3666 4702 omnia,

409 4741 476 4806 χ(
510 4735 580 4792 ad
608 4749 734 4791 eum
781 4735 847 4804 ζ,
874 4733 1178 4798 audiemus,
1214 4739 1275 4784 ut
1304 4731 1501 4786 melius
1528 4731 1621 4785 ﬁat
1648 4728 1806 4784 nobis
1833 4729 1983 4799 ,quia
2083 4739 2206 4794 qua:
2246 4724 2463 4781 locutus
2504 4724 2671 4781 fuerit
2703 4727 2800 4782 tibi
2845 4728 3107 4783 Dominus
3154 4726 3298 4783 Deus
3345 4738 3553 4795 noster,
3587 4732 3670 4786 sic

406 4828 696 4883 audiemus
727 4841 916 4883 vocem
951 4824 1168 4881 Domini
1213 4822 1310 4878 Dei
1344 4823 1538 4877 nostri.
1581 4820 1631 4873 7.
1667 4815 1734 4875 Et
1779 4818 1984 4876 factum
2085 4817 2348 4872 annuntia
2403 4818 2584 4884 nobis,
2642 4829 2697 4876 et
2748 4819 3034 4876 faciemus.
3088 4820 3182 4874 21.
3233 4823 3299 4876 Et
3340 4823 3666 4878 annuntiavi

407 4931 492 4975 est
523 4928 646 4992 post
673 4920 860 4975 decem
889 4919 1029 4983 dies,
1063 4916 1268 4972 factum
1305 4923 1390 4971 est
1426 4915 1652 4970 verbum
1683 4912 1896 4968 Domini
1918 4912 1986 4968 ad

2089 4909 2244 4962 vobis
2292 4909 2476 4974 hodie,
2520 4919 2573 4966 et
2625 4927 2736 4967 non
2775 4911 3062 4968 audivistis
3101 4925 3284 4967 vocem
3321 4911 3536 4968 Domini
3572 4913 3668 4970 Dei

405 5013 721 5068 Jeremiam.
753 5013 806 5068 8.
852 5013 916 5066 Et
941 5010 1158 5066 vocavit
1189 5006 1266 5078 (lt)
1295 5005 1543 5062 Johanan
1574 5008 1640 5073 >εί
1672 5005 1840 5060 ﬁlium
1873 5003 1982 5059 Co-
2087 5003 2272 5065 vestri,
2293 5004 2428 5069 Xet
2449 5001 2604 5071 juxta
2629 5004 3016 5075 omnia:,qu:e
3053 5006 3202 5061 misit
3229 5021 3315 5061 me
3343 5007 3412 5061 ad
3443 5023 3546 5064 vos
3566 5008 3669 5079 (ά).

405 5106 506 5160 rali
533 5107 582 5176 ζ,
607 5107 740 5173 et)t(
757 5118 947 5158 omnes
977 5101 1000 5170 ζ
1026 5101 1298 5172 principes
1323 5099 1628 5170 potestatis,
1656 5100 1724 5166 Β(
1744 5097 1978 5168 quicum
2084 5096 2176 5150 ‘22.
2214 5095 2281 5150 Et
2312 5112 2459 5152 nunc
2477 5100 2544 5166 Ἀ(
2578 5097 2761 5155 fuistis
2784 5109 3174 5168 cognoscentes
3192 5140 3207 5164 ,
3231 5101 3376 5170 quod
3409 5102 3433 5170 ζ
3472 5102 3530 5155 in
3555 5103 3668 5174 gla~

479 5284 550 5357 (c)
587 5283 732 5357 filius
769 5283 1080 5357 Nathaniaa.
1169 5281 1248 5351 (ά)
1290 5278 1548 5357 Infantes.
1654 5280 1725 5357 (el
1921 5278 2190 5357 abierunt,
2249 5288 2302 5333 et
2350 5278 2607 5357 sederunt
2660 5278 2714 5332 in
2747 5278 3018 5357 _maceriis
3061 5277 3384 5357 Chamoabi,
3422 5296 3550 5349 qua
3602 5299 3669 5338 ex

407 5348 640 5411 adverso
675 5354 1003 5409 Dethlehem.
1040 5352 1123 5412 S..
1177 5348 1302 5422 cum
1358 5351 1639 5415 abiissent,
1665 5348 2008 5422 habitarunt
2054 5351 2110 5404 in
2147 5349 2711 5422 peregrinationibus,
2747 5349 3072 5422 in_ea,_qute
3096 5348 3561 5422 Chamaequuze
3600 5369 3667 5407 ex

409 5426 640 5481 adverso
679 5425 1014 5480 Bethlehem.
1090 5422 1157 5493 (Γ)
1207 5420 1509 5493 Hananire,
1537 5430 1590 5474 et
1647 5419 1841 5493 Azan-ia
1893 5418 2055 5493 ﬁlius.
2135 5417 2212 5489 (g)
2245 5417 2338 5482 ΑΙ,
2379 5417 2462 5493 8.,
2512 5435 2723 5493 verum.
2757 5489 2770 5493 Α
2803 5418 2881 5488 (Ii)
2929 5419 3189 5493 Jeremia.
3225 5423 3329 5493 Δ(ἱ)
3386 5417 3664 5493 Vestram.

409 5496 478 5565 (Β)
516 5499 607 5562 Α.,
643 5493 724 5559 8.,
761 5496 887 5565 quia
918 5489 1231 5565 satisfac’tus
1246 5508 1396 5565 sum.
1470 5492 1531 5561 (ι)
1569 5492 1658 5554 Α.,
1697 5490 1986 5565 adservati

2089 5498 2352 5565 nvos,_et
2379 5491 2456 5565 ad
2491 5489 2870 5565 redimendum
2900 5505 3019 5565 vos.
3062 5562 3069 5565 _
3096 5489 3191 5565 (in)
3223 5489 3380 5565 Ejus.
3458 5492 3542 5562 (τι)
3574 5494 3667 5552 Α..

406 5557 460 5618 et
490 5557 676 5620 sedere
700 5557 896 5620 faciam
923 5579 1041 5620 vos.
1119 5563 1315 5634 (0)7A.,
1358 5560 1440 5624 S.,
1480 5557 1614 5634 non,
1646 5560 1740 5615 sed
1767 5561 1822 5615 in
1848 5558 2344 5634 μευ-ιδῃᾹὲιξγριί.Δ
2387 5562 2468 5634 (ρ)
2499 5557 2927 5634 Α.,,8.,ερινριυ.
3003 5562 3078 5634 (gl
3108 5557 3234 5616 Haec
3253 5557 3404 5634 dicit.
3469 5557 3556 5632 "(r)
3580 5565 3666 5625 Α.,

409 5637 475 5707 ad
505 5649 626 5707 esse
658 5637 992 5707 peregrinos.
1027 5629 1212 5707 3.,ad
1233 5633 1718 5707 commorandum.
1797 5629 1864 5700 (δ)
1889 5629 1991 5707 Α...
2014 5630 2097 5707 8.,
2131 5629 2346 5707 solliciti
2367 5631 2522 5685 estis.
2600 5631 2666 5707 (ι)
2693 5631 2779 5684 Ad
2816 5629 3160 5707 fugiendum.
3241 5634 3324 5699 (ιι)
3355 5633 3442 5698 8.,
3474 5629 3671 5707 agglu-

409 5699 694 5785 tinabitur,
726 5699 1102 5785 adhaerescens
1123 5702 1299 5785 vobis.
1356 5703 1454 5785 (τ)
1487 5701 1568 5767 3-.
1588 5702 1642 5756 ίῐι
1669 5699 1842 5785 Res“?-
1924 5703 1986 5785 (9‘

2089 5741 2122 5764 .,
2146 5701 2423 5785 residuus,
2455 5710 2510 5756 et
2540 5701 2749 5785 salvus.
2848 5702 2921 5785 (ξ.)
2941 5699 3034 5765 Α.,
3057 5700 3268 5785 effusus
3286 5713 3390 5757 est.
3421 5774 3432 5785 _
3474 5699 3666 5783 (ςγᾼη

411 5776 865 5839 maledictionem,
896 5784 951 5829 et
979 5777 1034 5828 in
1057 5773 1268 5838 sterile,
1314 5769 1444 5828 etin
1465 5769 1890 5838 execrationem,
1927 5769 1979 5827 et
2009 5772 2453 5840 inopprobrium.
2533 5771 2609 5843 (ὁ)
2647 5769 2729 5836 S.,
2766 5771 3013 5827 verbum.
3091 5771 3166 5843 (ι’)
3204 5772 3296 5840 Α.,
3337 5769 3665 5829 seduxistis.

411 5845 486 5916 (α)
518 5845 583 5900 Ut
613 5846 984 5914 paenitentiam
1015 5843 1208 5916 agatis.
