3834 6224
239 223 389 276 2375

1461 225 1776 279 ΠΞΒΕΜΙΑΞ
1817 223 2047 278 CAPUT
2086 224 2268 280 XLIV.

3358 229 3500 284 2575

237 339 356 402 dio,
409 345 465 393 et
509 337 563 393 in
601 337 764 404 fame,
789 340 856 409 Χ
884 338 952 409 (ε)
979 349 1033 394 et
1069 340 1121 394 in
1167 349 1340 396 morte
1383 343 1404 412 1
1444 342 1712 398 deficietis
1758 343 1814 395 in
1845 347 1892 402 Α
1919 343 2083 396 miam
2108 341 2188 411 (ιι)
2223 339 2288 395 ad
2318 355 2509 396 omnes
2535 339 2757 396 Iudaeos
2794 341 3103 396 habitantes
3126 343 3190 408 Χ
3220 341 3439 397 interra
3473 344 3494 410 1

241 429 367 483 loco
388 429 511 494 hoc,
544 445 654 499 quo
689 445 787 485 vos
811 431 976 486 vultis
1000 432 1207 501 ingredi
1245 432 1309 488 ad
1337 433 1689 488 habitandum
1726 433 1818 488 ibi.

313 519 451 588 Cap.
480 518 666 574 XLIII.
691 550 765 564 --
792 521 842 575 1.
875 519 942 575 Et
971 522 1172 578 factum
1206 532 1308 590 est,
1332 539 1456 578 eum
1491 524 1559 594 (fl
1582 531 1824 580 cessaset

246 607 490 664 .Ieremia
515 609 662 680 loqui
683 610 749 664 ad
772 613 840 680 Χ
859 626 1076 666 omnem
1107 613 1129 682 1
1161 613 1419 684 populum
1447 615 1630 669 omnia
1657 615 1824 669 verba

245 699 466 753 Domini
500 698 593 754 Dei
613 715 827 765 eorum,
857 717 979 770 qua:
1008 702 1158 756 misit
1187 702 1449 759 Dominus
1464 703 1607 760 Deus
1631 720 1821 759 eorum

243 793 314 846 ad
353 806 451 848 eos
500 793 686 846 omnia
714 794 879 849 verba
928 793 1072 860 haec;
1119 795 1173 848 ἰ.
1206 805 1259 852 et
1289 797 1426 852 dixit
1454 797 1650 852 Azaria
1678 797 1824 854 ﬁlius

242 883 477 949 Hostem,
532 894 588 940 et
635 885 886 940 Johanan
941 887 1084 942 ﬁlius
1132 886 1334 954 Corab,
1379 897 1431 943 et
1480 904 1672 944 omnes
1718 888 1821 944 viri

241 979 489 1048 superbi,
519 981 594 1049 (g)
630 979 872 1036 dicentes
895 979 1144 1035 Ieremia:
1179 997 1193 1033 :
1226 979 1505 1036 Mendacia
1541 989 1596 1036 tu
1630 982 1821 1051 loque-

240 1069 322 1124 ris
359 1087 372 1124 :
423 1084 533 1124 non
585 1071 737 1126 misit
775 1080 826 1126 te
857 1071 1122 1127 Dominus
1172 1071 1314 1126 Deus
1353 1080 1541 1128 noster
1581 1073 1649 1128 ad
1695 1089 1817 1139 nos,

238 1158 432 1212 dicens
473 1177 489 1213 :
528 1156 608 1213 Ne
642 1154 1095 1229 ingrediaminiin
1137 1160 1430 1232 Egyptum
1469 1162 1536 1217 ad
1569 1162 1819 1217 habitan-

237 1249 372 1304 dum
401 1251 497 1304 ibi.
537 1251 592 1307 5.
635 1249 743 1306 Sed
791 1251 1002 1306 Baruch
1044 1253 1188 1308 ﬁlius
1232 1252 1408 1308 Neriae
1449 1253 1525 1324 (It)
1559 1268 1820 1323 provocat

235 1349 292 1396 te
321 1341 588 1399 adversus
617 1357 736 1408 nos,
769 1353 830 1398 ut
855 1344 952 1399 des
983 1359 1084 1400 nos
1109 1346 1162 1399 in
1189 1361 1386 1400 manus
1409 1345 1815 1413 Chaldaeorum,

233 1434 304 1486 ad
349 1435 490 1488 mori
523 1433 831 1490 faciendum
859 1451 980 1501 nos,
1013 1445 1069 1491 et
1095 1437 1163 1491 ad
1201 1439 1594 1508 deportandum
1628 1455 1729 1494 nos
1761 1441 1816 1494 in

234 1521 591 1595 Babylonem.
618 1531 674 1581 ι.
693 1525 760 1580 Et
783 1541 892 1581 non
925 1527 1134 1582 audivit
1158 1525 1407 1583 Johanan
1437 1530 1583 1585 ﬁlius
1606 1530 1812 1596 Corali,

231 1625 287 1670 et
311 1629 506 1671 omnes
541 1617 818 1688 principes
848 1620 1152 1689 potestatis,
1177 1627 1231 1674 et
1261 1621 1328 1688 Χ
1359 1621 1543 1676 omnis
1580 1622 1816 1692 populus

229 1723 426 1762 vocem
488 1708 729 1775 Domini,
781 1711 848 1766 ad
900 1713 1257 1767 habitandum
1319 1713 1374 1768 in
1431 1721 1579 1768 terra
1637 1713 1811 1768 Iudae.
1851 1695 1894 1750 Β

230 1799 286 1853 5.
325 1798 391 1854 Et
439 1800 638 1856 sumsit
682 1801 934 1858 Jobanan
982 1805 1127 1860 ﬁlius
1176 1804 1381 1870 Corah,
1417 1812 1484 1877 Χ
1523 1819 1578 1864 et
1621 1824 1815 1866 omnes

229 1893 510 1963 principes
562 1897 846 1964 potestatis
890 1897 912 1966 1
959 1911 1154 1954 omnes
1192 1899 1444 1955 residuos
1483 1899 1672 1966 Judae,
1719 1903 1810 1972 qui

230 1985 510 2040 redierant
554 2002 621 2041 ex
666 1989 735 2056 Χ
805 1989 1060 2044 omnibus
1099 1991 1372 2062 gentibus,
1427 2007 1537 2062 quo
1581 1993 1813 2063 dispersi

227 2081 485 2134 erant-ibi
522 2080 585 2150 1,
609 2082 677 2136 ad
710 2083 1063 2138 habitandum
1103 2085 1157 2138 in
1186 2093 1326 2140 terra
1351 2084 1524 2150 Iudae,
1567 2088 1621 2140 6.
1665 2088 1814 2142 viros

228 2180 289 2223 et
313 2171 590 2238 mulieres,
617 2184 672 2228 et
691 2163 950 2240 infantes,
977 2182 1032 2230 et
1055 2175 1195 2231 ﬁlias
1225 2179 1390 2249 regis,
1414 2180 1476 2249 (ἱ)
1494 2188 1548 2234 et
1572 2179 1809 2246 animas,

227 2278 374 2332 quas
419 2263 640 2334 reliquit
698 2263 1062 2322 Nabuzardan
1104 2269 1358 2340 princeps
1409 2272 1811 2343 coquorum(k)

227 2368 359 2407 cum
390 2351 617 2410 Godolia
662 2356 774 2410 ﬁlio
801 2357 1030 2413 Ahicam
1076 2359 1188 2415 ﬁlio
1219 2358 1462 2431 Saphan,
1485 2373 1539 2417 et
1565 2366 1633 2433 Χ
1655 2363 1744 2416 τὸν
1785 2365 1808 2434 1

225 2443 524 2502 Jeremiam
551 2449 892 2520 prophetam,
919 2458 974 2505 et
998 2453 1065 2520 Χ
1092 2451 1187 2505 τὸν
1213 2452 1236 2522 1
1265 2452 1478 2509 Baruch
1509 2454 1684 2510 ﬁlium
1705 2453 1814 2510 Ne-

227 2544 328 2597 ria:
357 2558 370 2594 :
401 2543 451 2597 7.
483 2544 545 2614 (ι)
570 2552 624 2599 et
659 2554 927 2600 venerunt
965 2546 1020 2600 in
1047 2554 1248 2599 terram
1281 2543 1522 2618 IEgypti,
1544 2548 1673 2618 quia
1702 2564 1810 2603 non

225 2625 1016 2701 audiveruntvocem'Domini,
1045 2645 1100 2690 et
1125 2647 1393 2690 venerunt
1416 2638 1513 2708 (ηε)
1545 2640 1600 2692 in
1630 2639 1813 2708 Taph-

224 2727 412 2782 nas.8.
447 2725 510 2780 Et
535 2727 739 2783 factum
780 2740 864 2785 est
896 2729 1121 2784 verbum
1166 2728 1381 2786 Domini
1426 2732 1492 2786 ad
1517 2730 1809 2788 Jeremiam

225 2821 288 2873 in
330 2819 606 2890 Taphnas,
635 2822 823 2877 dicens
857 2841 870 2876 :
902 2823 956 2876 9.
993 2821 1165 2877 Sume
1203 2822 1299 2878 tibi
1349 2823 1450 2892 ipsi
1481 2824 1558 2896 (η)
1597 2825 1808 2895 lapides

226 2927 481 2982 magnos,
502 2921 558 2968 et
586 2913 856 2968 absconde
877 2928 971 2969 eos
996 2916 1065 2983 Χ
1086 2913 1160 2984 (0)
1180 2915 1236 2970 in
1261 2914 1472 2971 ofﬁcina
1501 2917 1734 2972 lateritia
1761 2920 1808 2988 1,

227 3019 355 3072 qua:
413 3015 540 3060 ante
597 3015 783 3074 portas
821 3007 1018 3061 domus
1081 3005 1383 3064 Pharaonis
1431 3010 1485 3064 in
1530 3007 1809 3080 Taphnas,

226 3113 418 3152 coram
482 3099 659 3156 oculis
698 3101 941 3156 virorum
991 3100 1164 3158 Judae.
1210 3103 1298 3157 IO.
1330 3103 1396 3159 Et
1439 3103 1590 3161 dices
1635 3108 1703 3175 Χ
1743 3108 1809 3162 ad

226 3205 327 3246 eos
364 3191 387 3260 1
419 3206 434 3242 :
471 3190 564 3245 Sic
584 3191 722 3246 dixit
756 3192 1021 3248 Dominus
1045 3193 1310 3248 virtutum
1351 3194 1494 3250 Deus
1542 3194 1760 3252 lsraelis
1800 3214 1815 3252 :

227 3283 370 3337 Ecce
396 3297 497 3352 ego
533 3283 710 3349 mitto,
737 3293 791 3338 et
833 3283 908 3354 (ρ)
938 3287 1133 3341 ducam
1167 3290 1234 3354 Χ
1257 3287 1348 3340 τὸν
1381 3288 1404 3357 1
1446 3285 1816 3345 Nabuchodo-

226 3389 487 3428 nosorem
513 3390 692 3445 regem
727 3375 1020 3448 Babylonis
1053 3393 1270 3432 servum
1301 3393 1505 3445 meum,
1528 3388 1580 3434 et
1609 3383 1684 3452 (ᾳ)
1719 3396 1816 3451 po-

228 3475 322 3522 net
349 3467 418 3537 (r)
449 3468 645 3522 solium
679 3469 798 3539 ejus
829 3486 994 3540 supra
1028 3471 1234 3539 lapides
1275 3471 1395 3536 hos,
1424 3487 1560 3541 quos
1595 3472 1664 3542 (δ)
1692 3473 1817 3528 abs-

225 3561 547 3627 condidisti,
595 3561 661 3632 (t)
711 3571 766 3618 et
807 3563 1037 3618 elevabit
1095 3579 1248 3618 arma
1299 3579 1397 3619 sua
1443 3580 1608 3635 super
1668 3581 1813 3622 eos:

226 3655 318 3710 Η.
355 3663 409 3708 et
454 3655 807 3725 ingredietur,
847 3665 903 3711 et
947 3658 1215 3727 percutiet
1265 3659 1332 3724 Χ
1372 3657 1472 3727 τὴν
1531 3659 1555 3728 1

227 3745 468 3817 Egypti,
498 3746 619 3813 hos,
647 3747 738 3816 qui
766 3749 820 3801 in
849 3756 1100 3813 mortem,
1128 3749 1181 3802 in
1208 3757 1460 3813 mortem,
1489 3759 1544 3803 et
1572 3749 1690 3816 hos,
1715 3750 1811 3819 qui

225 3837 285 3890 in
335 3837 807 3908 demigrationem,
847 3838 924 3910 (τι)
974 3839 1029 3893 in
1076 3840 1553 3910 demigrationem,
1601 3841 1808 3904 ethos,

226 3928 326 3998 qui
369 3929 425 3982 in
474 3929 734 3998 gladium,
792 3931 844 3984 in
887 3932 1146 4002 gladium.
1191 3933 1278 3987 η.
1318 3933 1384 3986 Et
1426 3934 1505 4002 (ω)
1558 3932 1812 3990 incendet

228 4020 412 4090 ignem
446 4021 500 4075 in
535 4021 789 4076 domibus
810 4022 1038 4078 deorum
1074 4025 1150 4095 (y)
1187 4040 1400 4090 eorum,
1438 4034 1491 4080 et
1519 4027 1811 4081 comburet

227 4129 348 4178 eos,
381 4115 455 4184 (ι)
483 4124 537 4170 et
559 4115 870 4184 deportahit
898 4131 1014 4181 eos,
1039 4115 1116 4186 (a)
1149 4127 1205 4173 et
1230 4118 1483 4188 exquiret
1506 4121 1574 4188 Χ
1604 4128 1808 4174 terram

229 4204 450 4277 Egypti
489 4208 550 4278 1,
577 4208 723 4262 sicut
764 4207 1006 4278 exquirit
1050 4218 1236 4276 pastor
1287 4219 1492 4266 vestem
1539 4225 1717 4275 suam,
1757 4219 1811 4264 et

226 4298 402 4354 exibit
436 4301 502 4369 Χ
541 4300 664 4355 inde
692 4301 714 4368 1
740 4300 794 4354 in
827 4315 979 4370 pace.
1008 4303 1093 4356 I5.
1127 4301 1193 4356 Et
1221 4314 1468 4359 conteret
1493 4304 1567 4375 (ὁ)
1597 4306 1806 4360 colum—

1613 3667 1810 3713 terram
1840 3711 1847 3718 .

1924 435 2162 506 Egypti,
2199 443 2252 488 et
2289 433 2544 490 sedentes
2574 433 2628 489 in
2670 431 2905 503 Magdol,
2936 442 2987 487 et
3021 432 3075 485 in
3116 431 3418 502 Thahphis,
3446 443 3502 489 rt

1923 525 1976 580 in
2026 524 2313 594 Memphis,
2365 533 2419 578 et
2468 523 2525 579 in
2569 533 2714 578 terra
2741 521 3000 587 Pathros,
3027 523 3214 578 dicens
3258 541 3272 578 :
3317 524 3372 578 2.
3409 523 3501 579 Sic

1923 615 2064 670 dixit
2091 616 2356 670 Dominus
2378 615 2643 669 virtutum
2680 612 2826 669 Deus
2850 611 3065 668 Israelis
3097 631 3111 665 :
3152 614 3261 670 Vos
3285 615 3500 671 vidistis

1923 711 2107 766 omnia
2147 713 2310 774 mala,
2340 724 2464 779 quae
2487 707 2676 763 induxi
2713 722 2879 776 super
2908 705 3229 772 Jerusalem,
3257 717 3310 763 et
3335 723 3500 778 super

1923 804 1992 871 Χ
2016 817 2208 856 omnes
2244 801 2266 870 1
2308 801 2470 854 urbes
2497 797 2651 854 Iuda:
2689 817 2703 853 ς
2740 807 2795 854 et
2831 813 2960 854 ecce
2986 807 3115 854 sunt
3151 800 3381 854 desertae
3432 803 3500 868 Χ

1921 892 2010 947 die
2038 892 2141 946 hoc
2174 892 2196 961 1
2223 891 2291 945 ab
2326 888 2776 953 inhabitantibus,
2810 889 2864 943 '5.
2902 888 2972 942 ab
2999 898 3128 943 ante
3158 888 3357 942 faciem
3381 904 3498 942 ma~

1921 987 2051 1041 litiaa
2093 999 2310 1048 eorum,
2334 998 2500 1054 quam
2538 982 2785 1037 fecerunt
2826 983 2892 1036 ad
2924 981 3359 1037 exacerbandum
3391 997 3498 1046 me,

1921 1093 2045 1134 cum
2070 1076 2284 1131 ivernnt
2305 1076 2373 1130 ad
2398 1074 2744 1138 adolendum,
2785 1075 2852 1142 Χ
2881 1073 2947 1143 (e)
2981 1084 3035 1128 et
3069 1073 3133 1127 ad
3164 1071 3500 1144 operandum

1925 1173 1948 1242 1
1977 1172 2084 1226 diis
2119 1171 2261 1232 aliis,
2285 1184 2423 1236 quos
2449 1183 2557 1223 non
2588 1167 2920 1237 cognovistis
2945 1169 3010 1234 Χ
3043 1166 3146 1235 ipsi
3176 1181 3295 1230 vos,
3323 1173 3378 1220 et
3405 1180 3502 1235 pa-

1920 1273 2030 1319 tres
2069 1262 2234 1318 vestri
2281 1261 2337 1330 1.
2371 1260 2423 1314 4.
2454 1259 2522 1312 Et
2544 1258 2667 1313 misi
2701 1258 2768 1312 ad
2801 1272 2900 1312 vos
2933 1260 3000 1326 Χ
3024 1271 3216 1311 omnes
3246 1257 3494 1333 1'servos

1920 1370 2094 1420 meos,
2127 1354 2424 1424 prophetas
2456 1353 2508 1406 in
2550 1351 2840 1413 matutino,
2877 1359 2930 1403 et
2959 1347 3105 1410 misi,
3137 1347 3328 1402 dicens
3363 1363 3378 1400 :
3421 1344 3500 1400 Ne

1922 1450 1988 1516 Χ
2011 1463 2156 1500 nunc
2193 1447 2216 1516 1
2259 1445 2471 1500 faciatis
2504 1458 2642 1512 opus
2683 1441 2750 1512 (f)
2790 1441 3275 1497 contaminationis
3311 1440 3499 1507 hujus,

1919 1555 2084 1610 quam
2117 1539 2230 1594 odi.
2251 1537 2302 1592 5.
2335 1537 2400 1591 Et
2419 1551 2528 1591 non
2551 1535 2882 1591 audiverunt
2903 1548 3011 1598 me,
3042 1548 3141 1587 nec
3167 1531 3502 1587 inclinarunt

1920 1644 2107 1684 aurem
2130 1644 2308 1693 suam,
2337 1627 2402 1682 ad
2437 1624 2815 1682 revertendum
2842 1639 2872 1678 a
2910 1621 3114 1677 malitia
3143 1636 3265 1684 sua,
3293 1630 3357 1674 ut
3389 1635 3500 1674 non

1919 1721 2197 1776 adolerent
2220 1720 2324 1774 diis
2352 1719 2495 1773 aliis.
2522 1718 2574 1772 ﬁ.
2618 1716 2687 1771 Et
2730 1714 2956 1770 stillavit
2984 1713 3064 1768 ira
3091 1729 3233 1774 mea,
3257 1724 3312 1766 et
3345 1711 3500 1765 furor

1918 1828 2098 1876 meus,
2128 1820 2183 1867 et
2211 1813 2416 1867 exarsit
2435 1812 2490 1866 in
2514 1809 2686 1880 portis
2715 1807 2888 1874 Judae,
2917 1809 2994 1878 (9)
3018 1815 3073 1862 et
3094 1815 3246 1862 extra
3274 1804 3501 1860 Jerusa-

1917 1906 2024 1960 lem
2057 1923 2071 1960 :
2105 1915 2158 1962 et
2193 1905 2346 1962 facta:
2395 1904 2604 1960 suntin
2644 1903 3061 1966 desolationem,
3086 1909 3140 1955 et
3171 1900 3246 1971 (lt)
3292 1900 3348 1954 in
3392 1915 3498 1954 non

1917 1998 2185 2068 pervium,
2203 1997 2342 2052 sicut
2361 1997 2483 2052 dies
2507 1996 2615 2050 hic.
2649 1995 2703 2049 7.
2727 1997 2792 2048 lit
2817 2010 2959 2049 nunc
2977 1994 3060 2048 sic
3074 1991 3212 2048 dixit
3237 1990 3502 2046 Dominus

1919 2092 1986 2158 Χ
2029 2089 2168 2144 Deus
2210 2091 2231 2158 1
2258 2087 2494 2144 Sebaotb
2525 2087 2666 2142 Deus
2690 2086 2908 2142 Israelis
2944 2105 2957 2141 :
2987 2087 3171 2152 Quare
3198 2099 3298 2139 vos
3322 2083 3501 2137 facitis

1917 2182 2056 2236 mala
2084 2197 2276 2251 magna
2299 2197 2464 2250 super
2487 2180 2777 2235 animabus
2799 2177 3039 2234 vestris?
3066 2176 3129 2248 (i)
3155 2175 3224 2231 ad
3244 2173 3502 2230 exciden-

1915 2274 2044 2329 dum
2077 2287 2105 2327 a
2125 2272 2278 2327 vobis
2302 2272 2476 2326 virum
2495 2279 2552 2326 et
2575 2270 2890 2333 mulierem,
2923 2267 3186 2322 infantem
3213 2274 3270 2320 et
3296 2264 3501 2320 lactan-

1917 2375 2024 2420 tem
2057 2365 2125 2419 de
2150 2365 2331 2418 medio
2375 2362 2550 2428 ludar,
2593 2363 2730 2417 adeo
2789 2370 2848 2426 ut
2895 2375 3006 2414 non
3043 2359 3386 2428 relinquatur
3431 2371 3500 2409 ex

1917 2457 2072 2512 vobis
2101 2471 2170 2510 ne
2189 2455 2410 2525 quidem
2443 2456 2629 2520 homo,
2656 2453 2710 2507 8.
2740 2451 2814 2522 (It;
2848 2452 2917 2506 ad
2943 2449 3390 2506 exacerbandum
3415 2461 3502 2500 me

1917 2549 1973 2602 in
2003 2548 2263 2618 operibus
2296 2561 2558 2602 manuum
2585 2556 2916 2610 vestrarum,
2939 2545 3006 2599 ad
3048 2542 3372 2599 adolendnm
3395 2541 3501 2597 diis

1914 2641 2039 2697 aliis
2095 2642 2148 2695 in
2191 2650 2338 2696 terra
2375 2639 2616 2710 IEgypti,
2669 2639 2733 2710 (Ι)
2781 2654 2890 2707 quo
2933 2640 3002 2707 Χ
3041 2652 3140 2694 vos
3191 2637 3215 2706 1
3268 2635 3500 2706 ingressi

1914 2734 2048 2790 estis
2081 2735 2149 2788 ad
2182 2733 2538 2788 habitandum
2578 2731 2651 2786 ibi
2677 2749 2694 2799 ;
2720 2739 2781 2786 ut
2802 2729 3158 2792 excidamini,
3189 2738 3244 2782 ct
3269 2736 3328 2784 ut
3355 2725 3502 2780 ﬁalis

1915 2827 1970 2882 in
2000 2826 2456 2888 maledictionem,
2486 2832 2544 2880 et
2565 2824 2622 2878 in
2651 2822 3037 2893 opprobrium,
3068 2822 3134 2889 Χ
3165 2821 3218 2874 in
3243 2819 3502 2873 omnibus

1921 2921 1943 2989 1
1985 2919 2236 2989 gentibus
2271 2928 2448 2974 terrae.
2473 2918 2528 2973 9.
2563 2917 2706 2972 Num
2747 2915 2902 2971 obliti
2929 2916 3060 2970 estis
3091 2929 3189 2970 vos
3228 2913 3498 2967 malorum

1918 3021 2136 3082 patrum
2187 3021 2518 3077 vestrorum,
2563 3019 2618 3066 et
2673 3010 2939 3064 malorum
2993 3022 3182 3078 regum
3226 3005 3404 3071 Iudae,
3447 3014 3505 3058 et

1921 3103 2192 3158 malorum
2229 3102 2523 3158 mulierum
2547 3109 2881 3164 vestrarum,
2909 3105 2965 3154 et
2993 3098 3263 3153 malorum
3288 3104 3500 3150 vestro-

1920 3211 2042 3252 rum
2082 3203 2138 3252 et
2185 3197 2458 3250 malorum
2505 3193 2798 3249 mulierum
2843 3201 3168 3254 vestrarum,
3195 3204 3319 3260 quae
3359 3187 3504 3244 fece—

1919 3295 2047 3342 runt
2073 3287 2129 3340 in
2155 3293 2304 3342 terra
2332 3285 2505 3350 Judae,
2541 3293 2598 3340 et
2629 3292 2782 3338 extra
2815 3279 3161 3338 Jerusalem?
3192 3280 3278 3335 IO.
3305 3277 3372 3332 Et
3393 3293 3500 3332 non

1918 3379 2350 3448 conquieverunt
2400 3393 2578 3446 usque
2618 3376 2686 3430 ad
2723 3375 2867 3429 diem
2905 3374 3070 3437 hunc,
3105 3374 3171 3440 Χ
3206 3381 3259 3427 et
3296 3387 3404 3426 non
3433 3372 3505 3425 ti-

1917 3480 2175 3526 muerunt
2225 3469 2319 3542 (m)
2360 3471 2408 3539 1,
2445 3479 2499 3524 et
2539 3483 2649 3523 non
2697 3467 3042 3522 adhzrserunt
3077 3467 3288 3537 legibus
3341 3467 3500 3528 meis,

1915 3573 1971 3620 et
2011 3562 2296 3634 praeceptis
2334 3562 2491 3627 meis,
2523 3576 2647 3632 quae
2675 3559 2801 3615 dedi
2829 3575 3017 3615 coram
3054 3558 3194 3613 facie
3216 3568 3422 3625 vestra,
3447 3567 3504 3613 cl

1915 3670 2100 3710 coram
2128 3653 2268 3708 facie
2293 3661 2601 3708 vestrorum
2629 3660 2868 3722 patrum.
2905 3651 2992 3705 Il.
3028 3649 3262 3720 Propter
3286 3650 3392 3705 hoc
3422 3651 3502 3705 sic

1915 3748 2054 3802 dixit
2107 3747 2374 3803 Dominus
2408 3747 2670 3800 virtutum
2722 3744 2867 3801 Deus
2913 3744 3170 3801 Israelis:
3205 3741 3348 3797 Ecce
3401 3757 3502 3813 ego

1914 3848 2097 3895 statuo
2112 3839 2302 3894 faciem
2323 3854 2494 3893 meam
2511 3840 2578 3906 Χ
2591 3853 2653 3894 su
2662 3853 2758 3907 per
2767 3854 2864 3894 vos
2876 3838 2929 3892 in
2944 3836 3106 3900 mala,
3124 3835 3191 3890 ad
3213 3833 3500 3890 delendum

1913 3949 2131 3988 omnem
2149 3931 2340 3987 Judam
2365 3951 2377 3986 :
2399 3931 2487 3985 12.
2506 3941 2556 3986 et
2574 3940 2795 3986 sument
2817 3932 3070 3986 residuos
3095 3929 3252 3984 .Iutlte
3284 3930 3377 3998 qui
3411 3943 3507 3997 po-

1911 4036 2138 4082 suerunt
2153 4027 2230 4096 (η)
2255 4041 2285 4079 a
2309 4025 2447 4080 facie
2463 4040 2559 4079 sua
2579 4024 2646 4079 ad
2665 4024 3078 4094 ingrediendum
3099 4024 3153 4077 in
3173 4031 3376 4078 terram
3401 4021 3499 4075 ΑΞ·-

1912 4119 2083 4189 gypti,
2100 4119 2166 4173 ad
2186 4117 2634 4173 commorandum
2655 4117 2751 4182 ibi,
2776 4125 2832 4172 et
2847 4116 2920 4188 (ο)
2935 4117 3000 4170 ad
3022 4115 3358 4185 perdendum
3375 4128 3498 4168 om-

1911 4225 2008 4265 nes
2044 4211 2068 4279 1
2097 4223 2160 4264 -t—
2189 4209 2438 4265 residuos
2469 4209 2492 4279 1
2519 4209 2614 4278 qui
2640 4208 2692 4262 in
2715 4205 2953 4278 ngypto
2977 4225 2990 4261 :
3011 4216 3068 4261 et
3084 4205 3282 4260 cadent
3304 4205 3357 4258 in
3383 4203 3500 4273 gla-

1911 4301 2023 4366 dio,
2046 4309 2102 4356 et
2132 4301 2183 4354 in
2214 4300 2358 4355 fame
2372 4310 2766 4356 consumentur
2797 4316 2828 4355 a
2860 4314 3030 4371 parvo
3059 4313 3234 4368 usque
3253 4298 3321 4352 ad
3348 4311 3501 4368 mag-

229 4405 333 4443 nas
359 4389 673 4460 Heliopolis,
704 4407 825 4460 qua:
856 4393 1002 4460 Χ-ἱη
1029 4403 1170 4447 terra
1191 4391 1410 4465 Egypti
1444 4397 1503 4464 1,
1536 4405 1590 4452 et
1613 4396 1683 4468 (ε)
1708 4396 1805 4450 do-
1840 4405 1882 4459 D
1910 4409 2071 4459 num,
2122 4402 2176 4448 et
2206 4397 2270 4460 Χ
2309 4393 2363 4446 in
2400 4391 2615 4463 gladio,
2659 4401 2715 4446 et
2757 4393 2811 4446 in
2858 4391 3002 4447 fame
3036 4391 3341 4446 morientur
3385 4389 3412 4458 ζ
3449 4398 3504 4444 et

225 4497 380 4536 nium
413 4483 639 4536 deorum
673 4497 864 4537 eorum
895 4484 1180 4539 comburet
1218 4486 1270 4538 in
1308 4487 1447 4555 igne.

297 4574 428 4645 Cap.
449 4574 631 4629 XLIV.
648 4575 755 4630 ——l
782 4614 796 4629 .
807 4574 1040 4631 Verbum
1051 4617 1066 4643 ,
1085 4576 1228 4646 quod
1251 4576 1457 4631 factum
1474 4585 1557 4633 est
1579 4579 1645 4633 ad
1659 4576 1810 4633 Iere-

1051 4733 1120 4804 (Ῑ)
1181 4733 1271 4799 Α.,
1321 4734 1664 4790 absolvisset.

324 4733 393 4804 (ε)
429 4732 512 4797 8.,
565 4743 620 4788 et
673 4736 727 4789 in
783 4744 947 4804 peste.

979 4805 1054 4876 (h)
1082 4805 1170 4870 A.,
1207 4804 1297 4876 _S.,
1354 4805 1542 4860 incitat
1572 4813 1666 4876 te.

225 4805 541 4868 Dominum,
594 4806 871 4859 dixerunt.

223 4876 420 4928 tilium.
498 4875 562 4940 (ι)
592 4875 658 4929 Et
690 4876 979 4929 intrarunt.

223 4948 302 5014 (p)
359 4944 446 5009 Α.,
488 4944 594 5009 8.,
665 4961 900 5000 sumam.
1007 4944 1080 5011 (ᾳ)
1136 4944 1240 5011 Α.,

224 5015 534 5069 scalistron.
599 5017 686 5069 ΤΟ
751 5015 1207 5068 ΣΚΑΛΙΣΤΡΟΝ.

1303 4961 1524 5014 ponam.
1637 4947 1709 5015 (r)

1771 4732 1849 4802 (9)
1886 4731 1992 4802 Qui
2022 4730 2300 4802 gdixerunt
2353 4729 2602 4802 Jeremiae
2643 4747 2656 4783 ε

1743 4796 1948 4872 (ἱῙἈξ,
2004 4801 2182 4872 S.,_et
2209 4815 2424 4872 omnem
2443 4800 2704 4854 animam.
2782 4797 2854 4868 (It)
2887 4796 2969 4863 8.,
3007 4796 3179 4872 _a‘pud
3211 4796 3496 4872 Godoliam

1058 4876 1153 4946 (ηε)
1177 4873 1277 4946 _S.,
1316 4890 1491 4944 usque
1519 4874 1585 4929 ad
1606 4873 1883 4946 Taphn_as.

1774 4943 1856 5008 8.,
1917 4937 2139 4996 suliitm.
2255 4941 2326 5011 (ς)
2377 4938 2468 5004 Α.,
2528 4937 2613 5006 8.,

1915 4492 2078 4539 erunt
2124 4483 2200 4554 (p)
2232 4484 2286 4537 in
2317 4483 2648 4553 juramenta,
2699 4491 2753 4536 et
2803 4484 2856 4536 in
2901 4481 3286 4552 perditionem,
3337 4489 3392 4533 et
3439 4479 3492 4532 in

1918 4575 2375 4638 maledictionem,
2412 4581 2466 4628 et
2509 4575 2564 4628 in
2609 4573 2988 4644 opprobrium.
3031 4572 3115 4626 I5.
3162 4570 3227 4623 Et
3265 4570 3500 4625 visitabo

2731 4726 2989 4808 Sttpplica
3045 4743 3177 4808 pro_
3216 4727 3402 4808 nobis“
3433 4725 3499 4780 ad

2863 4872 2952 4939 (o)_
2979 4866 3085 4939 8.,
3129 4869 3186 4922 in
3245 4868 3499 4922 occultis.

2697 4937 3058 5000 abscondidi,
3125 4947 3180 4993 et
3253 4940 3505 4992 extendet

1961 4875 2038 4941 (η)
2078 4869 2169 4936 Α.,
2209 4868 2292 4935 8.,
2357 4870 2411 4941 in
2460 4883 2625 4941 manu
2672 4879 2784 4941 tua.

1271 4979 2167 5086 (ῧὲἓαὲἕτωεεν¹Σιξῖᾶλιέἲὲὅῆ
2209 4979 2325 5086 _h‘ié
2377 4979 2613 5080 Frisii}?
2657 4979 3067 5086 ίιῖἑῖι-ἶὲζῖιὶἷιὶίί
3091 4979 3205 5086 e_§i_
3232 4979 3499 5086 magis;

224 5087 330 5139 nisi
357 5087 546 5139 eadem
583 5089 805 5141 sitcum
842 5085 1228 5156 σκαξ.ιστήριον
1250 5077 1572 5152 ,’δανειιιιιτιι
1613 5085 1702 5155 (’).
1777 5086 1813 5156 (t

1918 5092 1929 5137 t
1955 5091 2120 5156 ponet
2149 5083 2313 5156 etiam
2338 5077 2494 5156 arma
2544 5096 2829 5156 suasuper
2856 5095 2971 5156 eos.
3018 5077 3128 5156 _(u)
3163 5077 3501 5156 Βριὶῳρὶνεμὶιι

223 5157 622 5224 captivitatem.
703 5159 782 5222 (χ)
815 5155 904 5222 Α.,
937 5155 1368 5225 S.,etcaptivos
1387 5159 1566 5210 ducet.

227 5227 314 5287 8.,
351 5235 405 5279 et
434 5229 680 5289 captivos
711 5229 894 5281 ducet.

224 5307 436 5351 statuas
466 5296 867 5351 Domus-Solis.
958 5302 1030 5367 (ε)
1065 5297 1154 5360 Α.,

392 5313 436 5350 l5
466 5296 867 5351 Domus-Solis.
958 5293 1037 5367 (ε)
1065 5297 1154 5360 Α.,
1199 5296 1280 5360 8.,
1324 5299 1535 5351 domos.
1614 5294 1692 5366 (ά)
1732 5295 1813 5358 Α.,

392 5368 672 5414 iurationis.
751 5368 826 5414 (al
859 5367 940 5414 8--
982 5377 1035 5414 et
1071 5370 1122 5414 in
1175 5368 1386 5414 nlateis-
1465 5366 1542 5414 Ilii
1605 5365 1694 5414 Α..
1729 5367 1813 5414 8..

1918 5293 2096 5348 omine
2143 5307 2327 5363 super.
2387 5293 2475 5414 Ae)

1955 5365 2206 5414 exitium.
2282 5361 2346 5414 (il
2439 5401 2475 5414 ..

226 5368 672 5422 abominationis.
751 5368 826 5437 (g)
859 5361 1035 5432 S.,et
1071 5370 1122 5420 in
1175 5368 1386 5434 plateis.
1465 5366 1542 5436 (ll)
1605 5361 1694 5429 Α.,
1729 5367 1814 5427 8.,
1855 5365 1911 5418 in
1955 5361 2228 5437 exitium;
2282 5361 2346 5437 (i)
2387 5361 2477 5426 Α.,

1643 5158 1723 5225 (1:)
1754 5148 1813 5206 Α.

1918 5148 2338 5225 .{inllammabo
2361 5152 2566 5225 ignem.
2645 5148 3250 5225 (ῃ)’⁷Α.,8.,-Ᾱίςβγριὶ.
3311 5148 3500 5225 χηέη

971 5228 1047 5296 (α)
1081 5225 1170 5289 Α.,
1191 5219 1292 5291 ’8.,
1321 5237 1376 5280 et
1397 5227 1636 5280 excutiet
1653 5219 1839 5296 tholos
1870 5223 2115 5296 Egypti,
2141 5219 2605 5296 quemadmodum
2643 5219 2937 5296 versantur
2965 5219 3115 5296 _holi.’
3187 5222 3260 5288 (ο)
3287 5219 3376 5296 Α.,

2525 5237 2605 5275 ΜΠ
2643 5218 2937 5276 versantur
2977 5218 3117 5276 boli.‘
3187 5222 3260 5288 (ο)
3287 5218 3376 5281 Α.,
3419 5219 3500 5280 8.,

2525 5291 2619 5356 Α.,
2651 5300 2706 5344 et
2742 5291 2810 5345 ad
2851 5289 3230 5345 factitandum.
3312 5289 3379 5358 (Γ)
3413 5288 3501 5349 8.,

2515 5361 2598 5427 8.,
2635 5363 2701 5417 ad
2735 5361 3048 5416 delendum.
3128 5359 3200 5431 (k)
3232 5358 3318 5431 8.,
3357 5359 3501 5431 quod

225 5439 290 5488 ad
321 5441 453 5492 iram
487 5430 937 5506 pt‘ovocatis'me.
1018 5438 1079 5507 (ι)
1115 5430 1238 5492 Ubi.
1319 5441 1413 5506 (nt)
1441 5430 1532 5500 Α.,
1564 5446 1619 5489 et
1665 5452 1772 5489 non
1823 5435 2179 5507 ambularunt
2213 5433 2266 5507 in
2296 5430 2602 5507 Ingemea,
2625 5443 2680 5487 et
2712 5432 2766 5484 in
2799 5431 3020 5487 statutis
3053 5430 3209 5486 meis.
3287 5430 3366 5500 (η)
3403 5430 3499 5491 Α.,

227 5507 309 5574 8.,
357 5503 570 5563 faciem.
649 5512 724 5577 (ο)
746 5510 835 5574 Α.,
863 5507 983 5573 Th.,
1009 5503 1407 5563 censunientitt'
1438 5523 1650 5561 omnes.
1692 5507 1767 5574 (ρ)
1800 5537 1813 5558 Α

1919 5506 1974 5559 in
1998 5505 2206 5568 sterile,
2237 5504 2288 5556 in
2334 5503 2798 5558 maledictionem.

303 5625 364 5692 ξ’)
403 5621 705 5694 Utrumque
739 5641 966 5694 prorsus
992 5627 1230 5681 alienum
1254 5637 1339 5682 est
1365 5642 1393 5679 a
1421 5634 1571 5680 textu
1600 5627 1855 5680 hebraico
1871 5625 1963 5696 qui
1985 5622 2143 5678 habet
2158 5631 2372 5686 -ιν-πεω,
2399 5623 2680 5696 tentorium
2699 5622 3052 5696 splendidum,
3075 5621 3292 5690 regium.
3319 5617 3505 5673 Potius

227 5691 597 5765 reponendum
619 5691 716 5752 est
740 5691 864 5752 cum
907 5697 1290 5766 Schleusnero,
1321 5699 1741 5769 σκεπαστήριον,
1772 5697 1852 5755 vel
1883 5691 2048 5767 hujus
2077 5709 2314 5765 syncope
2349 5691 2716 5764 axémsrpov.
2762 5693 2970 5748 DRMLII.
