3782 6222
383 279 526 333 2375

1548 276 1774 333 CODEX
1819 276 1896 328 SY
1908 261 2495 329 RO-IIEXAPLARIS.

3500 277 3625 331 9576

387 409 552 465 super
575 393 888 451 habitantes
915 398 1049 465 Χὶιι
1076 407 1220 452 terra
1251 401 1274 467 1
1310 398 1713 469 Egypti,sicut
1735 397 1953 452 visitavi
1986 402 2028 456 Α
2060 397 2126 451 ad
2152 395 2434 451 libandum
2465 395 2514 448 ei
2548 393 2802 448 libamina
2833 413 2849 448 :
2878 394 2956 466 (α)
2979 395 3351 465 permanendo
3381 411 3625 464 perman-

386 503 552 557 super
577 485 899 552 Jerusalem,
925 490 978 543 in
1001 490 1202 560 gladio,
1227 491 1355 545 etin
1385 489 1550 553 fame,
1582 501 1636 544 et
1665 491 1717 544 in
1743 500 1916 544 morte
1941 507 1953 540 :

389 578 478 632 14.
519 578 592 648 (q)
630 588 820 634 etnon
854 579 1153 634 salvabitur
1174 596 1243 636 ne
1279 581 1499 650 quidem
1539 582 1703 635 homo
1741 598 1806 636 ex
1843 581 1962 634 reli-

386 669 529 737 quiis
556 667 729 733 Iudae,
753 671 848 740 qui
870 680 1282 726 commorantur
1300 675 1366 741 Χ
1389 672 1462 726 ibi
1496 674 1517 742 1
1548 673 1601 725 in
1630 682 1772 726 terra
1792 671 1960 744 Egy-

2061 488 2211 543 sistis
2247 487 2303 541 in
2337 485 2775 541 confessionibus
2806 487 3026 550 vestris,
3064 496 3118 540 et
3147 485 3403 540 faciendo
3431 485 3625 539 fecisus

2059 591 2186 634 veta
2219 587 2421 634 vestra.
2470 577 2563 631 26.
2613 576 2836 647 Propter
2873 578 2976 632 hoc
3009 579 3193 633 audite
3232 579 3466 632 verbum
3527 578 3624 632 Do-

2062 672 2194 725 mini
2220 672 2401 726 omnis
2426 667 2634 735 Iudaea,
2668 669 2919 723 sedentes
2949 670 3002 723 in
3025 679 3172 723 terra
3206 667 3433 740 Σεῖριί
3461 687 3476 721 :
3501 668 3628 724 Ecce

386 759 489 828 pti,
520 758 588 812 ad
616 760 974 826 redeundum,
1032 764 1086 816 in
1144 774 1340 819 terram
1395 763 1571 829 Iudae,
1597 779 1762 834 super
1794 779 1957 833 quam
2056 760 2237 830 juravi
2281 759 2337 813 in
2387 758 2607 813 nomine
2651 772 2776 812 meo
2826 773 3044 828 magno,
3087 757 3220 811 dicit
3276 758 3546 812 Dominus
3567 772 3626 812 -ιι-

387 851 491 919 ipsi
524 863 746 920 sperant
777 854 1064 910 animabus
1093 857 1208 910 suis
1250 856 1318 910 ad
1346 856 1749 920 revertendum,
1791 854 1859 908 ad
1890 857 1960 922 Χ

389 937 744 994 habitandum
774 942 796 1010 1
822 941 930 996 ibi:
956 958 1064 997 non
1093 953 1452 1008 revertentur,
1481 945 1552 1013 (r)
1579 945 1685 998 nisi
1714 944 1808 1014 qui
1831 959 1964 998 eva-

388 1028 581 1082 serint.
610 1029 696 1084 15.
729 1032 793 1084 Et
814 1035 1214 1102 responderunt
1237 1033 1487 1090 Ieremia:
1507 1050 1698 1090 omnes
1717 1035 1841 1098 viri,
1865 1035 1960 1104 qui

389 1129 682 1182 noverunt,
714 1121 858 1190 quod
891 1122 1170 1179 adolerent
1191 1125 1446 1180 mulieres
1474 1141 1664 1179 eorum
1692 1127 1798 1182 diis
1815 1127 1958 1189 aliis,

387 1218 443 1262 et
474 1225 666 1264 omnes
697 1213 952 1266 mulieres
989 1217 1056 1282 Χ
1091 1223 1301 1270 stantes
1334 1218 1392 1285 1,
1417 1226 1593 1270 enatus
1622 1231 1875 1284 magnus,
1905 1225 1962 1269 et

389 1302 571 1356 omnis
594 1302 826 1371 pepulus
855 1304 1107 1360 sedentes
1128 1305 1181 1358 in
1209 1314 1352 1360 terra
1374 1305 1594 1376 Egypti
1626 1307 1678 1360 in
1705 1305 1960 1368 Pathros.

389 1393 634 1449 dicentes
663 1411 677 1446 :
715 1394 782 1448 l6
815 1394 1073 1461 Verbum,
1108 1399 1256 1467 quod
1295 1400 1506 1454 locutus
1531 1414 1594 1455 es
1621 1399 1689 1454 ad
1729 1415 1830 1454 nos
1860 1415 1964 1454 no-

390 1487 537 1539 mine
567 1485 802 1551 Domini,
857 1504 961 1543 non
997 1491 1286 1546 audiemus
1319 1500 1404 1557 te;
1449 1492 1538 1545 l7.
1571 1492 1832 1561 quoniam
1880 1490 1963 1545 fa-

390 1577 585 1632 ciendo
616 1577 879 1634 faciemus
906 1597 1072 1638 omne
1106 1581 1358 1645 verbum,
1387 1584 1534 1652 quod
1569 1583 1738 1638 exibit
1767 1597 1833 1636 ex
1865 1597 1962 1636 ore

389 1681 602 1740 nostro,
641 1674 709 1728 ad
739 1675 1066 1732 adolendum
1096 1677 1294 1747 reginae
1319 1677 1468 1742 caeli,
1493 1686 1546 1731 et
1579 1676 1645 1731 ad
1680 1677 1959 1731 libandum

387 1765 438 1819 ei
476 1765 759 1834 libamina,
792 1769 939 1838 quod
974 1767 1202 1824 fecimus
1225 1785 1347 1833 nos,
1376 1779 1430 1824 et
1457 1779 1641 1840 patres
1666 1769 1862 1833 nostri,
1905 1779 1961 1824 et

390 1871 546 1925 reges
587 1858 780 1922 nostri,
812 1865 866 1913 et
889 1860 1164 1929 principes
1201 1861 1392 1925 nostri,
1442 1862 1498 1914 in
1530 1859 1757 1915 urbibus
1783 1859 1957 1927 ludar,

389 1948 460 2018 (s)
490 1957 544 2003 et
573 1958 722 2004 extra
747 1947 1048 2006 Ierusalem
1084 1969 1096 2004 :
1139 1962 1194 2005 et
1219 1951 1444 2007 sautrati
1486 1965 1675 2005 sumus
1706 1952 1957 2020 panibus,

387 2050 444 2092 ct
478 2038 606 2094 facti
641 2056 832 2097 sumus
875 2041 1026 2108 boni,
1068 2053 1125 2097 et
1167 2044 1308 2096 mala
1345 2057 1452 2097 non
1484 2043 1742 2098 vidimus.
1775 2043 1862 2097 l8.
1895 2042 1963 2098 Et

388 2146 511 2184 cum
544 2132 881 2184 cessavimus
911 2131 1192 2187 adolentes
1215 2133 1414 2202 regina:
1433 2133 1578 2197 coeli,
1614 2136 1681 2200 Χ
1708 2143 1764 2188 et
1795 2133 1962 2188 libare

387 2221 437 2274 ei
470 2222 732 2276 libamina
766 2223 830 2291 1,
873 2222 1146 2276 imminuti
1189 2239 1382 2280 sumus
1413 2239 1628 2287 omnes,
1673 2237 1729 2280 et
1764 2226 1818 2279 in
1845 2225 1962 2295 gla-

387 2310 504 2372 die,
536 2319 590 2364 et
616 2311 671 2364 in
702 2313 842 2365 fatuae
881 2310 1204 2367 defecimus.
1236 2312 1326 2367 l9.
1357 2313 1425 2368 Et
1457 2315 1606 2385 quod
1640 2331 1743 2370 nos
1772 2316 1962 2371 adole-

390 2416 515 2456 mus
547 2402 748 2472 regina:
776 2404 921 2471 caeli,
949 2406 1256 2474 etlihamus
1280 2407 1330 2462 ei
1365 2408 1647 2473 libamina,
1680 2426 1810 2464 num
1843 2409 1964 2465 sine

390 2493 520 2550 viris
539 2496 740 2551 nostris
754 2495 985 2555 fecimus
997 2498 1045 2554 ei
1063 2499 1360 2570 placentas,
1385 2504 1452 2570 Χ
1477 2503 1542 2573 (ε)
1561 2511 1614 2556 et
1629 2503 1797 2558 sobba
1823 2503 1888 2573 (‘)
1911 2504 1961 2573 1,

387 2594 443 2639 et
471 2585 762 2643 libavimus
780 2588 831 2642 ei
865 2589 1163 2645 libamina?
1190 2592 1281 2647 ΩΟ.
1306 2591 1372 2647 Ει
1397 2593 1534 2648 dixit
1553 2592 1789 2649 Ieremia
1813 2597 1962 2650 omni

392 2679 610 2746 populo,
643 2679 721 2750 (ιι)
752 2683 1082 2750 potentibus,
1119 2693 1173 2739 et
1208 2685 1550 2752 mulieribus,
1585 2698 1640 2742 et
1672 2688 1823 2742 omni
1867 2702 1965 2758 po-

390 2771 540 2838 pulo,
575 2773 671 2842 qui
698 2775 1100 2843 responderunt
1122 2778 1171 2831 ei
1207 2778 1390 2842 verba,
1419 2780 1608 2835 dicens
1640 2799 1652 2834 :
1683 2781 1746 2834 21
1775 2779 1965 2835 Nonne

391 2874 718 2929 aromatum,
737 2881 858 2935 quae
870 2867 1186 2926 adolevistis
1207 2871 1260 2923 in
1279 2871 1508 2927 urbibus
1530 2871 1704 2939 Iudae,
1728 2884 1783 2929 et
1810 2886 1963 2929 extra

388 2950 714 3019 Jerusalem,
750 2971 869 3019 vos,
901 2969 951 3012 et
989 2969 1171 3028 patres
1209 2961 1395 3025 vestri,
1427 2972 1482 3018 et
1515 2981 1671 3035 reges
1698 2968 1885 3032 vestri,
1907 2975 1965 3022 et

2062 853 2205 907 Deus
2238 853 2299 921 1,
2333 852 2380 906 si
2410 852 2515 905 erit
2543 850 2776 919 amplius
2805 864 3000 904 nomen
3028 865 3208 903 meum
3239 852 3628 916 Xinvoeatun

2066 943 2166 1012 1in
2204 957 2300 997 ore
2322 942 2505 995 omnis
2528 945 2596 1010 Χ
2635 941 2737 993 viri
2771 942 2795 1009 1
2829 938 2987 994 Iuda:
3015 940 3082 994 ad
3117 940 3411 996 dicendum
3441 959 3456 995 :
3497 939 3632 994 Vivit

2063 1034 2328 1089 Dominus
2366 1032 2631 1087 Dominus
2654 1032 2710 1086 in
2736 1032 2884 1086 omni
2920 1040 3068 1086 terra
3097 1031 3340 1102 Egypti.
3370 1031 3466 1086 27.
3491 1030 3632 1098 Quo-

2061 1126 2208 1179 niam
2248 1139 2376 1180 ecce
2409 1139 2511 1193 ego
2542 1122 2762 1192 vigilavi
2799 1137 2963 1191 super
2988 1137 3106 1186 eos,
3139 1123 3208 1177 ad
3248 1123 3396 1177 male
3435 1122 3632 1177 facien-

2061 1215 2190 1270 dum
2217 1216 2316 1279 eis,
2337 1223 2393 1268 et
2417 1228 2523 1267 non
2548 1213 2616 1267 ad
2640 1213 2776 1267 bene
2797 1210 3103 1268 faciendum
3130 1232 3144 1266 :
3167 1223 3220 1267 et
3239 1225 3632 1269 consumetur

2061 1309 2243 1364 omnis
2283 1310 2352 1375 Χ
2378 1307 2463 1360 vir
2493 1303 2646 1360 Iuda
2681 1305 2742 1374 1,
2768 1305 2862 1373 qui
2886 1318 2951 1358 -ι-
2980 1304 3288 1360 habitantes
3328 1307 3354 1374 1
3383 1307 3439 1358 in
3494 1316 3630 1360 terra

2065 1397 2306 1468 Egypti,
2345 1395 2401 1448 in
2438 1393 2640 1464 gladio,
2679 1401 2736 1446 et
2785 1392 2841 1444 in
2889 1389 3054 1454 fame,
3093 1393 3272 1446 donec
3311 1392 3629 1448 defecerint.

2061 1489 2150 1543 28.
2185 1487 2249 1542 Et
2277 1486 2371 1556 qui
2404 1485 2680 1539 evaserint
2705 1498 2736 1536 a
2769 1483 2970 1553 gladio,
3009 1492 3355 1538 revertentur
3389 1501 3456 1538 ex
3497 1495 3631 1538 terra

2063 1578 2299 1648 Egypti.
2328 1577 2384 1630 in
2405 1589 2604 1630 terram
2632 1572 2804 1636 Iudae,
2830 1577 2897 1640 Χ
2921 1573 3023 1626 viri
3056 1575 3078 1642 1
3111 1575 3272 1643 pauci
3301 1590 3558 1638 numero,
3585 1587 3634 1627 et

2062 1675 2395 1739 cognoscent
2421 1681 2613 1722 omnes
2648 1663 2852 1719 residui
2877 1661 3032 1718 Iuda:
3057 1663 3131 1733 (b)
3155 1664 3252 1733 qui
3282 1679 3627 1720 commoran-

2062 1767 2153 1814 tur
2181 1760 2236 1814 in
2261 1768 2406 1814 terra
2428 1755 2668 1829 Egypti,
2702 1756 2769 1810 ad
2801 1754 3158 1809 habitandum
3180 1755 3280 1820 ibi,
3313 1757 3382 1822 Χ
3411 1758 3631 1810 verbum

2060 1852 2219 1921 cujus
2257 1849 2619 1920 permanebit,
2661 1862 2690 1901 a
2729 1863 2837 1911 me,
2879 1846 3065 1901 autab
3089 1847 3173 1901 eis
3201 1848 3260 1916 1,
3293 1848 3386 1902 29.
3429 1847 3496 1902 Et
3537 1849 3634 1902 hoc

2060 1940 2218 1994 vobis
2275 1939 2514 2007 signum,
2552 1937 2687 1991 dicit
2726 1936 3006 1999 Dominus,
3039 1937 3168 2006 quia
3239 1936 3484 1990 visitabo
3538 1953 3633 2005 ego

2061 2047 2226 2101 super
2252 2046 2352 2084 vos
2381 2033 2448 2098 Χ
2486 2030 2538 2083 in
2568 2029 2690 2082 loco
2721 2028 2824 2084 hoc
2849 2027 2944 2096 (c),
2980 2036 3040 2082 ut
3074 2027 3286 2093 sciatis,
3323 2027 3475 2097 quod
3509 2042 3636 2082 con-

2062 2125 2306 2180 sistendo
2338 2123 2640 2176 consistant
2675 2121 2838 2174 verba
2871 2134 2991 2174 mea
3016 2134 3182 2187 super
3204 2134 3307 2174 vos
3344 2122 3369 2189 1
3401 2122 3456 2174 in
3477 2123 3633 2176 mala.

2061 2219 2151 2272 50.
2178 2216 2268 2271 Sic
2291 2215 2429 2270 dixit
2451 2213 2715 2269 Dominus
2747 2230 2762 2267 :
2789 2210 2928 2267 Ecce
2954 2227 3055 2283 ego
3074 2213 3145 2267 do
3190 2211 3538 2270 Pharaonem
3560 2218 3634 2284 (Δ)

2061 2310 2300 2381 Ophram
2342 2322 2523 2376 regem
2555 2305 2778 2376 Egypti
2824 2306 2879 2360 in
2915 2320 3114 2360 manus
3155 2306 3369 2362 inimici
3401 2309 3545 2378 ejus,
3581 2318 3635 2363 et

2064 2400 2118 2454 in
2163 2411 2362 2451 manus
2396 2396 2758 2466 querentium
2781 2397 3022 2450 animam
3046 2395 3194 2466 ejus,
3221 2397 3374 2456 sicut
3393 2398 3518 2454 dedi
3541 2400 3634 2455 Se-

2061 2491 2270 2546 deciam
2307 2503 2489 2558 regem
2521 2486 2677 2542 Iudae
2712 2488 2766 2541 in
2817 2503 3041 2543 manum
3079 2489 3636 2548 Nabuchodonosoris

2064 2585 2210 2657 regis
2238 2582 2527 2654 Babylonis
2564 2582 2770 2638 iuimiri
2805 2582 2946 2652 ejus,
2973 2592 3028 2638 et
3059 2587 3360 2654 quaerentis
3399 2585 3632 2639 animam

2063 2694 2205 2748 ejus.

2129 2769 2266 2840 Cap.
2291 2767 2453 2824 XLV.
2484 2799 2554 2808 —
2581 2769 2633 2822 l.
2670 2769 2930 2833 Verbum,
2961 2769 3106 2838 quod
3140 2769 3363 2824 locutus
3387 2781 3470 2826 est
3495 2769 3635 2826 Iere-

2064 2863 2172 2916 mia
2204 2862 2467 2932 propheta
2495 2860 2563 2915 ad
2594 2860 2807 2914 Baruch
2839 2860 3008 2915 ﬁlium
3028 2858 3226 2923 Neria.
3251 2863 3476 2931 quando
3509 2859 3637 2918 scri-

2062 2952 2170 3022 psit
2201 2953 2364 3008 verba
2400 2952 2515 3006 haec
2541 2951 2595 3005 in
2625 2951 2766 3006 libro
2796 2965 2863 3006 ex
2901 2967 2997 3008 ore
3024 2950 3278 3007 Ieremia
3309 2954 3380 3023 (ε)
3412 2955 3635 3028 inanno

390 3047 666 3115 principes
702 3049 890 3112 vestri,
924 3059 979 3108 et
1022 3052 1253 3122 populus
1284 3062 1460 3117 term,
1502 3057 1571 3124 χ
1597 3072 1783 3111 eorum
1817 3059 1839 3127 ς
1877 3073 1964 3112 re.
1989 3071 2031 3128 ο
2063 3056 2260 3116 quarto
2287 3043 2495 3100 Ioacim
2527 3045 2622 3099 ﬁlii
2651 3043 2816 3100 Iosiaa
2856 3045 2998 3115 regis
3032 3042 3212 3109 Iudae,
3247 3050 3316 3113 Χ
3347 3046 3586 3115 dicens1
3619 3064 3631 3099 :

392 3136 651 3192 cordatus
681 3147 766 3192 est
807 3137 1094 3205 Dominus,
1125 3151 1183 3196 et
1207 3144 1450 3197 ascendit
1480 3159 1648 3213 super
1687 3161 1782 3200 cor
1805 3147 1964 3214 ejus?

393 3230 471 3295 (τε)
503 3227 569 3284 Et
612 3244 720 3283 non
759 3231 934 3298 potuit
966 3229 1231 3287 Dominus
1273 3233 1510 3302 amplius
1546 3234 1688 3290 ferre
1732 3237 1801 3288 ab
1838 3245 1965 3292 ante

395 3322 590 3376 faciem
640 3322 861 3378 malitiae
898 3323 975 3395 (υ)
1011 3339 1236 3394 operum
1263 3335 1593 3392 vestrorum,
1631 3336 1688 3384 et
1719 3331 1787 3384 ab
1827 3332 1963 3386 abo-

394 3413 804 3480 minatiouibus,
831 3429 969 3485 quas
994 3414 1199 3471 fecistis
1225 3433 1238 3466 ι
1263 3424 1320 3470 et
1339 3415 1482 3471 facta
1502 3429 1586 3472 est
1615 3428 1760 3474 terra
1785 3431 1965 3478 vestra

393 3507 449 3559 in
477 3506 864 3571 vastationem,
897 3514 953 3561 et
984 3505 1038 3560 in
1076 3522 1186 3560 non
1221 3507 1432 3571 tritum,
1458 3516 1514 3562 et
1542 3507 1596 3562 in
1629 3511 1966 3567 maledictio—

392 3613 540 3660 nem,
575 3602 730 3664 Χεο
762 3599 909 3667 quod
933 3613 1042 3652 non
1070 3598 1142 3652 sit
1175 3599 1426 3653 habitans
1457 3600 1512 3668 1,
1546 3601 1690 3655 sicut
1717 3603 1805 3658 die
1837 3604 1964 3671 hoc,

389 3690 482 3745 25.
501 3690 570 3744 ab
592 3699 718 3744 ante
741 3689 932 3743 faciem
955 3705 1167 3755 eorum,
1191 3706 1312 3760 qua:
1325 3691 1660 3759 adolevistis,
1676 3702 1965 3762 eteorum,

390 3798 514 3851 quae
536 3783 804 3851 peccastis
830 3781 1076 3835 Domino.
1107 3781 1172 3835 Et
1194 3798 1300 3836 non
1322 3782 1610 3838 audivistis
1639 3799 1827 3839 vocem
1863 3786 1965 3841 Do-

391 3873 549 3928 mini.
572 3872 700 3926 etin
729 3872 845 3940 lege
875 3869 1015 3938 ejus,
1038 3872 1162 3925 etin
1189 3873 1469 3941 praeceptis
1497 3874 1616 3941 ejus
1649 3881 1704 3926 et
1727 3875 1779 3927 in
1811 3877 1967 3929 testi-

392 3959 594 4016 moniis
611 3957 734 4027 ejus
754 3975 866 4016 non
894 3972 981 4011 am
991 3957 1219 4014 bulastis
1245 3971 1327 4014 :ct
1347 3973 1565 4029 propter
1594 3961 1697 4014 hoc
1717 3972 1964 4016 assecuta

387 4058 522 4112 sunt
533 4065 635 4106 vos
653 4051 796 4104 mala
813 4051 949 4116 hac,
970 4053 1037 4119 Χ
1055 4050 1198 4106 sicut
1212 4052 1298 4105 die
1317 4053 1419 4106 hoc
1439 4054 1484 4120 1.
1507 4051 1576 4112 24
1593 4050 1658 4106 Et
1673 4052 1809 4106 dixit
1822 4051 1967 4109 Iere-

391 4143 502 4197 mia
531 4142 682 4197 omni
718 4144 938 4212 populo,
959 4145 1026 4210 Χ
1059 4153 1116 4196 et
1139 4142 1436 4212 omnibus1
1475 4143 1825 4200 mulieribus:
1848 4148 1964 4202 Au-

389 4230 503 4287 dite
526 4231 752 4284 verbum
770 4229 1002 4297 Domini,
1027 4235 1095 4300 Χ
1114 4233 1292 4287 omnis
1307 4231 1513 4298 Iudaea,
1527 4234 1621 4304 qui
1639 4235 1693 4289 in
1711 4244 1852 4290 terra
1869 4235 1966 4290 AE-

389 4323 538 4394 gypti
561 4324 608 4394 1.
634 4323 727 4376 ‘25.
760 4321 851 4377 Sic
871 4323 1007 4378 dixit
1031 4324 1295 4380 Dominus
1313 4325 1575 4380 virtutum
1605 4326 1748 4384 Deus
1787 4329 1964 4384 Israe-

2061 3139 2118 3192 2.
2141 3137 2235 3192 Sic
2256 3138 2394 3192 dixit
2419 3137 2684 3192 Dominus
2706 3137 2849 3193 Deus
2871 3137 3082 3192 lsraelis
3105 3153 3273 3207 super
3296 3149 3370 3202 te,
3390 3137 3628 3193 Barnch:

2063 3230 2116 3284 5.
2149 3229 2343 3284 Dixisti
2396 3249 2410 3284 :
2459 3227 2553 3284 Va:
2600 3229 2758 3293 mihi,
2819 3245 2900 3284 vae
2937 3229 3112 3296 mihi;
3168 3229 3302 3299 quia
3354 3229 3630 3291 addidisti.

2065 3319 2310 3386 Domine,
2344 3320 2408 3390 (Γ)
2433 3321 2674 3376 laborem
2719 3337 2883 3390 super
2926 3321 3171 3375 dolorem
3209 3337 3396 3375 meum
3450 3340 3465 3374 :
3507 3323 3631 3375 dor-

2064 3412 2197 3467 mivi
2251 3412 2306 3466 in
2351 3413 2624 3483 suspiriis,
2680 3422 2736 3468 et
2782 3413 3026 3482 requiem
3067 3428 3176 3466 non
3209 3413 3418 3468 inveni.
3465 3414 3519 3468 4.
3545 3413 3632 3467 Sic

2063 3505 2154 3561 dic
2198 3504 2250 3560 ei
2301 3522 2318 3560 :
2371 3503 2464 3560 Sic
2509 3505 2649 3558 dixit
2689 3504 2952 3560 Dominus
2995 3523 3009 3558 :
3058 3504 3197 3560 Ecce
3245 3506 3321 3576 (g)
3359 3505 3476 3560 baac
3513 3521 3634 3574 qua:

2063 3595 2346 3659 aedificavi,
2397 3609 2499 3665 ego
2527 3593 2830 3659 destruam,
2875 3603 2930 3648 et
2961 3595 3039 3661 (It)
3067 3597 3181 3648 haec
3212 3610 3336 3664 quae
3369 3594 3633 3665 plantavi,

2065 3703 2165 3757 ego
2196 3686 2445 3750 evellam,
2476 3688 2545 3754 Χ
2566 3693 2621 3740 et
2651 3699 2868 3740 omnem
2902 3695 3101 3738 terram
3132 3685 3281 3740 illam
3307 3686 3330 3753 1
3368 3704 3383 3739 :
3418 3685 3472 3739 5.
3497 3695 3556 3739 et
3577 3697 3633 3739 tu

2041 3765 2276 3849 'quazres
2311 3777 2407 3830 tibi
2440 3776 2677 3848 magna?
2713 3791 2782 3831 ne
2820 3791 3067 3846 quaeras;
3104 3777 3233 3846 quia
3271 3791 3401 3832 ecce
3426 3792 3528 3848 ego
3555 3780 3637 3831 in-

2065 3871 2206 3925 duco
2238 3869 2378 3922 mala
2426 3883 2588 3938 super
2622 3881 2841 3922 omnem
2874 3882 3116 3933 carnem,
3141 3867 3277 3922 dicit
3311 3867 3585 3923 Dominus
3617 3885 3634 3923 :

2065 3969 2121 4017 et
2151 3961 2293 4016 dabo
2345 3963 2411 4028 Χ
2447 3961 2597 4030 tibi1
2653 3961 2893 4015 animam
2942 3970 3092 4014 tuam
3140 3961 3204 4032 (ἕ)
3246 3961 3527 4016 inventum
3579 3963 3637 4016 in

2065 4055 2216 4108 omni
2246 4054 2386 4117 loco,
2418 4069 2766 4123 quocumque
2796 4053 2960 4108 iveris
2987 4053 3085 4106 ibi.

2136 4144 2269 4214 Cap.
2297 4143 2482 4199 XLVI.
2511 4175 2580 4186 -—
2605 4147 2656 4199 l.
2685 4145 2942 4210 Verbum,
2972 4145 3116 4214 quod
3141 4144 3344 4199 factum
3369 4154 3453 4199 est
3473 4160 3505 4198 a
3529 4143 3636 4199 Do-

2067 4238 2218 4291 mino
2247 4235 2316 4291 ad
2345 4235 2638 4291 Ieremiam
2671 4241 2737 4305 Χ
2758 4239 3075 4307 prophetam
3099 4238 3123 4306 1
3159 4237 3231 4307 (k)
3255 4252 3422 4306 super
3443 4251 3636 4290 omnes

2067 4337 2277 4398 gentes.
2308 4328 2364 4382 2.
2391 4327 2624 4398 Egypto
2652 4343 2816 4398 super
2842 4339 3162 4398 potestatem
3195 4326 3498 4382 Pharaonis
3528 4325 3638 4381 Ne-

391 4416 480 4476 lis,
499 4419 565 4482 Χ
584 4413 774 4468 dicens
801 4415 856 4484 1:
881 4411 1015 4478 Vos,
1033 4422 1087 4467 et
1108 4415 1364 4469 mulieres
1388 4425 1582 4471 vestrae
1603 4416 1799 4472 locuta:
1829 4420 1965 4473 estis
1997 4402 2041 4456 ι)
2069 4423 2211 4478 chao
2259 4422 2402 4490 regis
2433 4421 2674 4492 Egypti,
2711 4422 2774 4488 (ι)
2796 4422 2889 4491 qui
2920 4431 3039 4474 erat
3076 4436 3244 4490 super
3270 4420 3498 4474 fluvium
3527 4417 3636 4472 Eu-

391 4509 446 4561 in
487 4522 583 4560 ore
607 4517 809 4571 vestro,
843 4513 900 4559 et
927 4505 984 4559 in
1014 4505 1268 4560 manibus
1300 4506 1495 4562 vestris
1520 4508 1862 4578 implevistis,
1886 4511 1969 4564 di-

396 4609 581 4655 centes
607 4616 621 4654 :
647 4596 916 4654 Faciendo
937 4595 1204 4653 faciemus
1229 4598 1301 4667 μ)
1328 4599 1704 4656 confessiones
1727 4610 1966 4666 nostras,

2066 4518 2312 4585 phratem
2353 4517 2405 4566 in
2432 4513 2837 4578 Charchemus,
2870 4529 3034 4582 quem
3057 4513 3330 4581 percussit
3347 4511 3640 4565 Nabucho-

2065 4607 2309 4660 donosor
2354 4619 2448 4658 rex
2476 4603 2766 4675 Babylonis
2809 4607 2864 4659 in
2911 4620 3055 4658 anno
3078 4614 3276 4673 quarto
3297 4602 3507 4658 Ioacim
3541 4603 3638 4657 tilii

388 4706 527 4760 quas
568 4688 838 4745 confessae
872 4705 1086 4753 sumus,
1117 4689 1185 4744 ad
1234 4689 1561 4746 adolendum
1597 4693 1706 4762 regi
1739 4695 1882 4759 cmli,
1917 4709 1972 4748 et
2067 4694 2232 4749 .losiae
2282 4696 2424 4763 regis
2467 4694 2639 4749 Iudze.
2678 4697 2730 4749 5.
2767 4697 2860 4764 (m)
2891 4695 3085 4749 Tollite
3116 4710 3294 4757 arma,
3339 4704 3394 4748 et
3434 4703 3582 4748 scuta
3618 4710 3631 4743 :

464 4848 536 4921 (ιη
574 4845 664 4907 Α..
710 4853 780 4921 et_
818 4861 928 4921 non
953 4848 1056 4900 erit
1077 4845 1282 4921 salvus“.
1313 4857 1363 4899 et
1393 4847 1646 4921 residuus
1679 4849 1734 4921 in
1773 4851 2011 4921 reliquiis
2042 4848 2213 4910 Iuda}.
2246 4852 2339 4919 qui
2374 4851 2615 4915 veniunt,
2645 4863 2697 4904 ut
2722 4849 3124 4921 sintperegtjini
3153 4850 3251 4905 ibi.
3325 4848 3400 4921 έν)
3425 4848 3506 4911 8.,
3531 4848 3635 4921 nisi

389 4915 784 4986 homines._qui
814 4915 1090 4986 fugerunt.
1118 4915 1212 4986 is)
1245 4915 1326 4980 S.,
1352 4929 1405 4970 et
1434 4918 1486 4970 in
1530 4919 1742 4986 plateis.
1787 4919 1850 4973 Et
1874 4915 2127 4975 mulieres
2159 4915 2433 4974 dixerunt.
2507 4923 2571 4986 (ι)
2603 4924 2692 4982 A.,
2718 4921 2770 4972 in
2797 4915 2938 4974 mala
2969 4915 3281 4975 affectione.
3311 4915 3396 4983 8.,
3431 4919 3636 4985 sculpto

387 4986 530 5056 ejus.
563 4986 626 5055 (')
652 4982 922 5039 ϐιὶσοεὸα
947 4984 1090 5054 apud
1113 4982 1449 5051 M'ontf.,vox
1479 4982 1677 5058 ignotae
1715 4991 1846 5044 mihi
1874 4992 2130 5046 notionis.
2167 4989 2365 5061 [Σόὸὁα
2385 4982 2740 5061 desu‘mptuur
2754 5000 2838 5043 est
2856 5004 2887 5043 e
2913 4992 3162 5045 versione
3188 4982 3500 5060 Symmachi
3523 4982 3632 5053 qui.

389 5054 452 5140 ut
477 5081 584 5140 non
610 5054 756 5140 raro,
773 5065 946 5140 ipsam
974 5066 1313 5140 transcripsit
1342 5054 1532 5140 graecis
1560 5068 1843 5140 elementis
1870 5085 2058 5123 vocem
2083 5054 2290 5125 Hebraei
2318 5080 2516 5132 textus,
2781 5069 3012 5139 (absque
3041 5054 3292 5140 mappiq),
3315 5070 3549 5140 proprie.
3569 5067 3633 5118 ad

388 5134 922 5208 idololatrondumJl
943 5135 1158 5208 nomine
1181 5134 1385 5208 mm,
1417 5136 1582 5190 idola.
1609 5136 1732 5191 Haec
1757 5140 1830 5193 ita
1867 5151 2252 5208 nuncupantur
2276 5141 2330 5194 in
2361 5143 2630 5208 scriptura
2663 5158 2692 5194 a
2721 5134 2942 5194 nomine
2963 5151 3097 5202 επ.
3129 5134 3506 5205 ’ᾱοιότ,”ιαὺὀτ.
3527 5140 3634 5193 sive

389 5207 536 5279 quod
568 5204 979 5279 doloriﬁcesint
1007 5205 1478 5279 cultoribusisuis,
1497 5209 1632 5270 sive,
1659 5209 1816 5276 juvta
1848 5204 2167 5274 nonnullos,
2191 5212 2336 5279 quod
2361 5204 2489 5262 cuni
2532 5227 2662 5279 cura
2696 5211 2799 5262 sint
2837 5211 3132 5263 elaborata.
3160 5209 3226 5262 Et
3254 5204 3334 5265 sic
3376 5211 3632 5276 intelliges

391 5274 656 5350 rationem
696 5274 904 5342 Aquilae
927 5284 981 5328 et
1011 5275 1322 5350 Symmachi
1360 5274 1777 5350 lectionumihic
1797 5281 2110 5333 allaturum.
2158 5274 2388 5348 ωιλαμ]
2465 5282 2540 5349 (u)
2574 5277 2656 5342 S.,
2683 5296 2849 5347 super
2874 5281 3042 5344 viros,
3073 5289 3129 5334 et
3158 5296 3324 5350 super
3355 5274 3627 5333 mulieri-5.

392 5347 471 5411 lx)
495 5344 578 5405 8.,
609 5355 785 5419 etnon
819 5358 878 5396 se
901 5347 1330 5419 accommodavit
1361 5348 1594 5419 amplius
1614 5349 1679 5401 ad
1707 5350 2108 5404 remittendum.
2187 5361 2260 5419 ty)
2296 5344 2497 5417 Reliqui
2524 5344 2536 5403 Ξ
2602 5344 2930 5404 studiorum.
3008 5355 3083 5418 (ι)
3120 5344 3320 5414 Α.,;ς.,

391 5426 496 5477 tra,
519 5430 640 5482 qua:
669 5414 936 5466 vovitnus.

1016 5415 1092 5482 (ιι)
1122 5415 1211 5478 Α.,
1238 5417 1618 5470 constithendo
1653 5420 2035 5471 constituistis.

2187 5362 2260 5419 ty)
2296 5362 2536 5417 ltettqtu:
2602 5362 2930 5404 stttdlorum.
3008 5362 3083 5418 (κ)
3120 5362 3210 5414 A.,
3235 5362 3320 5414 5.,
3360 5362 3479 5402 vota
3515 5363 3628 5401 no:-

2114 5421 2188 5486 (b)
2215 5423 2324 5491 Α..
2344 5423 2437 5488 qui
2470 5420 2691 5491 veniunt
2722 5421 2774 5473 in
2799 5429 2999 5474 terram
3029 5421 3270 5491 1Egypti,
3295 5423 3362 5474 ad
3392 5434 3628 5474 cummo-

397 5485 622 5559 randunt
660 5483 756 5536 ibi.
832 5483 1000 5559 lc)_ln
1043 5487 1205 5540 mala.
1283 5485 1358 5554 (Δ)
1393 5485 1566 5559 Super
1590 5486 1849 5559 Ophram.
1875 5491 1957 5540 UT

2074 5483 2181 5550 PH,
2208 5483 2436 5558 Uaphre.
2513 5501 2578 5556 te)
2611 5489 2668 5543 lu
2704 5501 2902 5558 quarto
2943 5483 3361 5545 anuoIoacimi.
3440 5491 3507 5559 of)
3543 5491 3624 5548 Α..

393 5555 667 5629 miseriam
709 5567 872 5629 super
903 5554 1144 5629 dolorem
1189 5571 1390 5611 meum.
1467 5554 1655 5629 (9)-.4..
1683 5557 1803 5629 bos.
1882 5560 1959 5626 (ἡ)
1989 5562 2080 5629 Α.,
2109 5561 2230 5615 hos.
2290 5554 2370 5628 ’(ἰ)
2402 5560 2492 5623 Α.,
2523 5554 2578 5612 in
2610 5554 2867 5629 praedam.
2945 5561 3019 5629 (Κ)
3065 5561 3240 5629 Super
3277 5554 3475 5614 omnes
3507 5577 3628 5626 gen-

397 5631 495 5706 tes.
523 5620 752 5706 ιΕἱὲΥριυ
794 5619 1004 5672 Necltao
1031 5636 1119 5674 rex
1153 5638 1294 5676 anno
1319 5619 1793 5682 mnrto'IoaCimi.
1878 5619 1939 5699 (lg)
1971 5619 2168 5706 S.,'q_ui
2205 5619 2416 5686 vicinus
2444 5619 2564 5684 l'uit.
2610 5619 2736 5700 '(m)
2796 5629 2885 5692 Α.,
2931 5619 3186 5685 ordinate
3215 5647 3310 5686 vos
3347 5633 3399 5684 in
3434 5619 3626 5702 enim.

394 5697 444 5740 cl.
475 5690 525 5740 tu
560 5696 737 5742 scuto,
