3834 6224
181 236 338 291 2377-

181 352 429 407 aecedite
486 351 540 407 in
589 352 790 408 bellum
839 371 852 407 :
896 353 947 407 ι.
981 354 1055 424 (η)
1099 353 1386 408 insternitc
1415 369 1589 424 equos

184 444 442 500 scendite
486 445 702 514 equites
739 464 752 499 :
789 445 1060 516 disponite
1093 461 1190 501 vos
1222 447 1275 500 in
1307 447 1477 515 galeis
1516 447 1712 503 vestris
1745 463 1758 501 :

183 537 264 603 (ο)
315 536 549 591 emittite
603 537 844 601 lanceas,
906 547 960 592 et
1014 538 1226 593 induite
1284 538 1484 594 loricas
1529 547 1759 595 vestras.

182 625 242 682 5.
276 629 351 696 (ρ)
367 627 506 694 Quid
534 628 679 698 quod
709 629 814 698 ipsi
847 638 1064 699 pavent,
1094 639 1148 683 et
1181 639 1523 684 revertentur
1553 639 1762 685 retror-

181 718 350 773 sum?
400 719 528 788 quia
589 719 801 773 robusti
856 734 1045 773 eorum
1106 719 1385 774 cadentur
1437 737 1451 773 :
1503 718 1763 790 fugiendo

181 811 466 882 fugerunt,
501 821 556 866 et
577 827 686 866 non
714 812 921 868 reversi
949 820 1098 875 sunt,
1120 811 1506 882 comprehensi
1527 812 1762 867 circum-

182 903 358 963 circa.
419 903 550 957 dicit
601 901 888 961 Dominus.
948 903 1005 958 6.
1042 902 1121 959 Ne
1161 902 1338 974 fugiat
1381 903 1545 968 celer,
1582 917 1762 971 neque

180 994 383 1048 evadat
440 994 702 1050 robustus
755 1011 922 1064 super
968 996 1282 1066 aquilonem
1323 1013 1336 1049 :
1372 1010 1496 1064 qua
1539 995 1607 1050 ad
1654 994 1764 1050 Eu-

180 1089 457 1156 phratem,
494 1086 765 1141 inﬁrmata
801 1096 950 1154 sunt,
1006 1089 1341 1144 ceciderunt.
1382 1087 1432 1140 7.
1468 1085 1606 1152 Quis
1641 1086 1753 1150 hic,

182 1179 280 1249 qui
317 1187 376 1234 ut
423 1178 624 1235 ﬂuvius
665 1180 948 1246 ascendet,
985 1179 1061 1250 (q)
1087 1189 1143 1234 et
1177 1187 1237 1234 ut
1277 1179 1430 1234 ﬂuvii
1476 1179 1760 1234 volventes

185 1270 426 1339 aquam?
458 1269 510 1324 8.
535 1269 701 1339 Aqua
729 1269 946 1342 [Egypti
982 1269 1053 1340 (r)
1079 1269 1224 1324 sicut
1250 1271 1316 1338 Χ
1340 1268 1542 1323 ﬂumen
1571 1284 1763 1324 ascen-

183 1360 345 1423 dunt,
387 1369 441 1416 et
487 1360 632 1416 sicut
675 1359 902 1416 ﬂumina
945 1370 1362 1416 commoventur
1397 1375 1554 1431 aqua
1575 1360 1758 1431 ejusz.

185 1449 254 1506 Et
282 1451 418 1507 dixit
450 1471 462 1504 :
491 1453 819 1519 Ascendam,
848 1462 904 1509 et
929 1453 1170 1524 operiam
1200 1463 1424 1518 terram,
1452 1463 1506 1508 et
1527 1453 1754 1524 perdam

187 1543 399 1611 urbem,
432 1555 487 1600 et
514 1545 820 1601 habitantes
844 1545 899 1600 in
924 1561 1010 1602 ea.
1060 1546 1115 1600 9.
1136 1545 1428 1601 Ascendite
1461 1560 1522 1601 -ε-
1545 1560 1712 1615 super
1733 1545 1756 1614 ζ

183 1649 381 1703 equos,
416 1645 472 1690 et
505 1635 575 1707 (ε)
601 1645 900 1706 praeparate
940 1651 1138 1692 currus
1180 1655 1194 1690 :
1227 1637 1394 1704 exite,
1424 1645 1761 1708 pugnatores

184 1729 252 1799 (ι)
280 1727 597 1796 Ᾱῖιιιίοριιηι
632 1737 685 1782 et
714 1727 968 1799 Libyum,
1005 1727 1083 1800 (ιι)
1107 1727 1301 1782 armati
1329 1729 1523 1792 armis,
1571 1737 1625 1782 et
1653 1726 1756 1797 Ly-
1793 1711 1834 1766 Β

181 1821 288 1886 dii,
324 1821 404 1890 (at)
428 1820 728 1885 ascendite,
779 1821 983 1876 tendite
1033 1835 1220 1875 arcum
1255 1839 1270 1875 :
1307 1819 1394 1874 10.
1433 1828 1488 1876 et
1517 1819 1636 1875 dies
1673 1819 1763 1874 ille

186 1910 425 1964 Domino
472 1910 581 1965 Deo
625 1921 816 1966 nostro
863 1910 983 1966 dies
1026 1911 1302 1977 vindicta,
1335 1911 1403 1967 ad
1432 1910 1762 1967 sumendum

183 2000 488 2056 vindictam
527 2000 595 2056 de
626 2001 866 2057 inimicis
896 2003 1014 2058 suis
1040 2011 1131 2058 :et
1161 2003 1408 2058 comedet
1435 2001 1669 2074 gladius,
1709 2011 1765 2057 et

183 2093 548 2157 saturabitur,
611 2092 1082 2148 etdnebriabitur
1129 2108 1160 2148 ι
1211 2093 1480 2165 sanguine
1523 2107 1760 2160 eorum;

182 2184 317 2253 quia
369 2183 696 2238 sacriﬁcium
726 2182 959 2240 Domino
1013 2185 1245 2240 Domino
1274 2185 1513 2240 Sebaoth
1543 2201 1574 2240 a
1604 2195 1752 2239 terra

185 2265 472 2344 aquilonis
531 2291 696 2344 super
745 2274 950 2332 ﬂumen
990 2276 1258 2348 Euphrat.
1299 2277 1382 2331 II.
1411 2277 1484 2348 (y)
1516 2276 1765 2332 Ascende

184 2367 420 2434 Galaad,
471 2378 529 2425 et
561 2384 718 2425 sume
743 2369 985 2426 resinam
1020 2368 1093 2441 (ι)
1119 2370 1316 2440 virgini
1343 2370 1467 2425 ﬁlia
1491 2368 1710 2440 Egypti
1743 2385 1757 2422 :

185 2461 245 2513 in
271 2476 472 2514 vanum
494 2461 870 2532 multiplicasti
897 2461 1136 2518 medelas
1155 2472 1299 2528 tuas,
1326 2463 1535 2518 utilitas
1551 2478 1660 2517 non
1682 2471 1766 2518 est

181 2551 309 2604 tibi.
354 2550 442 2605 I2.
471 2551 810 2606 Audiverunt
834 2563 1023 2621 gentes
1059 2555 1138 2623 (a)
1161 2569 1349 2609 vocem
1378 2563 1552 2617 tuam,
1582 2562 1637 2608 et
1658 2555 1762 2608 cla-

186 2659 344 2697 more
377 2651 472 2698 tuo
507 2643 728 2714 impleta
757 2657 840 2699 est
881 2653 1060 2711 terra;
1095 2646 1226 2716 quia
1260 2655 1531 2717 pugnator
1561 2645 1628 2700 ad
1660 2661 1764 2714 pu-

185 2742 474 2804 gnatorem
523 2735 830 2791 inﬁrmatus
875 2746 984 2802 est,
1028 2737 1196 2791 simul
1225 2738 1543 2792 ceciderunt
1569 2736 1755 2792 ambo.

189 2826 280 2879 15.
303 2827 370 2895 x
391 2824 626 2881 Verbum
652 2828 675 2896 ζ
709 2829 854 2898 quod
882 2829 1100 2884 locutus
1119 2835 1204 2884 est
1226 2827 1493 2884 Dominus
1514 2829 1570 2882 in
1592 2843 1763 2882 manu

186 2916 440 2972 «Ieremia
483 2919 781 2988 propheta,
839 2935 963 2974 cum
1013 2917 1757 2975 veniretNahuchodonosor

1389 235 1706 294 tensum
1745 235 1973 294 CAPUT
2011 222 2228 292 XLVII.“

3291 241 3432 298 2378

1639 371 1654 408 ε
1703 371 1762 409 a-
1790 359 1840 416 Α
1866 351 2183 424 ngyptus,’
2209 350 2282 423 (ο)
2325 349 2642 419 exstirpatio
2697 349 2765 405 ab
2808 351 3064 422 aquilone
3097 353 3244 408 venit
3271 369 3435 426 super

1861 459 1980 499 eam
2013 461 2028 500 :
2053 443 2142 497 2|.
2170 452 2224 498 et
2253 442 2577 498 mercenarii
2600 442 2719 512 ejus
2755 443 2809 497 in
2835 458 2899 498 ea
2932 445 3075 500 sicut
3104 445 3259 500 vituli
3285 449 3432 516 sagi-

1862 537 2014 602 nati;
2053 536 2182 606 quia
2209 544 2265 590 et
2289 534 2392 604 ipsi
2430 534 2635 590 reversi
2659 543 2808 599 sunt,
2837 545 2891 590 et
2926 537 3182 608 fugerunt
3212 539 3377 595 simul
3413 559 3427 594 :

1862 643 1971 682 non
2007 636 2310 693 steterunt;
2345 626 2478 697 quia
2501 627 2615 682 dies
2652 626 2727 698 (p)
2753 627 3077 698 perditionis
3098 631 3244 684 venit
3267 646 3434 701 super

1861 734 1979 782 eos,
2031 727 2087 792 et
2137 726 2352 788 tempus
2387 717 2461 789 (q)
2484 718 2709 773 ultionis
2751 733 2964 774 eorum.
3013 719 3103 774 22.
3131 719 3250 776 Vox
3289 722 3432 790 ejus,

1864 811 2008 866 sicut
2026 811 2295 880 serpentis
2321 810 2390 881 (r)
2408 810 2680 866 sibilantis
2703 827 2718 877 ;
2751 811 2882 882 quia
2905 811 2972 882 (ε)
2988 811 3043 866 in
3071 827 3235 867 arena
3254 813 3433 879 ibunt,

1863 902 1920 957 in
1947 903 2236 958 securibus
2263 903 2484 959 venient
2509 917 2673 973 super
2696 917 2838 957 eam.
2870 903 2960 958 25.
2989 902 3144 959 Sicut
3167 905 3436 961 cadentes

1862 994 2031 1064 ligna,
2087 995 2325 1050 excidite
2380 993 2574 1050 silvam
2626 993 2769 1066 ejus,
2816 993 2950 1049 dicit
2977 993 3243 1052 Dominus
3270 995 3435 1059 Deus.

1871 1087 2003 1156 quia
2035 1086 2102 1158 (ι)
2128 1101 2237 1141 non
2271 1085 2687 1150 assimilabitur,
2716 1085 2844 1156 quia
2873 1086 3097 1155 copiosa
3123 1088 3247 1154 plus
3269 1103 3433 1157 quam

1866 1177 2100 1244 locusta,
2150 1186 2204 1232 et
2235 1191 2344 1230 non
2375 1184 2461 1232 est
2485 1176 2567 1232 eis
2596 1191 2877 1232 numerus.
2933 1176 3026 1230 24.
3071 1175 3302 1232 Erubuit
3327 1177 3438 1232 ﬁlia

1864 1268 2105 1339 Egypli,
2161 1269 2360 1324 tradita
2391 1276 2476 1324 est
2518 1267 2574 1322 in
2604 1284 2803 1324 manus
2837 1269 3025 1339 populi
3059 1269 3128 1324 ab
3160 1269 3435 1340 aquilone.

1861 1358 1955 1412 25.
2005 1360 2074 1426 3K
2103 1357 2251 1413 Dixit
2295 1357 2562 1413 Dominus
2615 1357 2880 1412 virtutum
2933 1358 3077 1415 Deus
3119 1356 3385 1429 Israelis:
3423 1379 3436 1414 :

1863 1449 2006 1506 Ecce
2061 1465 2165 1521 ego
2223 1449 2301 1522 (ιι)
2347 1450 2582 1506 ulciscar
2637 1453 2872 1505 Ammon
2916 1450 3089 1505 ﬁlium
3122 1451 3243 1520 ejus
3276 1467 3441 1522 super

1861 1541 2231 1607 Pharaonem,
2262 1552 2318 1598 et
2337 1557 2505 1613 super
2527 1543 2843 1616 Egyptum,
2874 1551 2929 1597 et
2960 1558 3124 1613 super
3141 1544 3274 1598 deos
3297 1544 3437 1613 ejus,

1865 1643 1920 1688 et
1955 1650 2120 1704 super
2149 1649 2303 1705 reges
2335 1634 2477 1705 ejus,
2520 1643 2575 1691 et
2599 1650 2765 1705 super
2787 1633 3158 1702 Pharaonem,
3188 1643 3243 1689 et
3277 1650 3441 1705 super

1863 1726 2199 1782 conﬁdentes
2251 1741 2414 1795 super
2459 1741 2546 1782 eo.
2599 1725 2692 1782 26.
2747 1729 2814 1796 >ε<
2852 1725 2918 1780 Et
2968 1725 3180 1781 tradam
3235 1741 3332 1781 eos
3382 1726 3438 1780 in

1865 1833 2090 1872 manum
2124 1819 2488 1889 quarentium
2532 1820 2775 1873 animam
2811 1833 3024 1884 eorum,
3084 1827 3140 1874 et
3185 1817 3240 1872 in
3271 1833 3439 1872 manu

1864 1908 2423 1966 Nabuchodonosoris
2449 1911 2596 1981 regis
2619 1910 2937 1983 Babylonis,
2971 1920 3025 1966 et
3051 1910 3106 1964 in
3137 1925 3301 1964 manu
3325 1925 3438 1964 ser-

1865 2016 2052 2056 vorum
2099 2001 2238 2071 ejus,
2299 2014 2353 2057 et
2399 2011 2520 2072 post
2559 2001 2674 2057 hac
2700 2003 2946 2072 quiescet
2995 2002 3070 2071 (as)
3091 2001 3328 2057 sicutab
3347 2017 3436 2054 ana

1864 2094 2038 2164 tiquo,
2087 2095 2219 2149 dicit
2266 2094 2535 2151 Dominus
2561 2097 2608 2165 ζ.
2660 2093 2814 2151 Finis
2857 2095 3160 2165 prophetia
3186 2093 3432 2165 Egypti.

1864 2186 1954 2240 27.
1990 2185 2071 2240 Tu
2101 2196 2308 2252 autem,
2360 2202 2428 2242 ne
2462 2187 2678 2251 timeas,
2733 2202 2890 2243 serve
2925 2187 3001 2242 mi
3029 2185 3221 2251 Jacob,
3263 2201 3443 2256 nequc

1865 2293 2085 2348 paveas,
2115 2276 2319 2345 Israel;
2351 2279 2478 2348 quia
2507 2293 2634 2334 ecce
2661 2293 2763 2349 ego
2797 2280 2949 2335 salvo
2983 2288 3034 2334 te
3057 2294 3086 2334 e
3115 2278 3440 2348 longinquo,

1865 2379 1920 2425 et
1952 2385 2140 2426 semen
2179 2380 2334 2425 tuum
2369 2387 2437 2426 ex
2472 2380 2619 2427 terra
2654 2371 2991 2443 captivitatis
3021 2386 3212 2426 eorum
3247 2378 3442 2426 :etre-

1866 2469 2106 2516 vertetur
2151 2460 2342 2528 Jacob,
2399 2473 2453 2518 et
2496 2464 2869 2534 conquiescet,
2907 2474 2963 2518 et
2994 2462 3071 2535 (y)
3094 2463 3352 2527 dormiet,
3388 2471 3444 2517 et

1866 2570 1975 2608 non
2026 2555 2131 2609 erit
2165 2555 2238 2624 (z)
2263 2555 2357 2626 qui
2415 2563 2612 2610 noceat
2658 2556 2728 2610 ei.
2787 2555 2881 2611 28.
2909 2554 2976 2610 Et
3007 2567 3086 2622 tu,
3120 2570 3189 2610 ne
3223 2554 3450 2620 timeas,

1867 2662 2024 2703 serve
2079 2647 2154 2702 mi
2201 2645 2390 2713 Jacob,
2451 2648 2582 2703 dicit
2622 2646 2912 2713 Dominus,
2949 2647 3075 2718 quia
3107 2654 3286 2702 tecum
3322 2661 3442 2702 sum

1867 2754 1988 2811 ego,
2048 2739 2178 2810 quia
2239 2737 2438 2794 faciam
2489 2741 3026 2796 consummationem
3064 2741 3120 2794 in
3165 2738 3315 2794 omni
3349 2753 3447 2808 pom

1867 2832 2017 2902 pulo,
2077 2830 2134 2884 in
2189 2845 2330 2900 quos
2369 2831 2552 2902 depuli
2594 2831 2759 2897 illuc;
2800 2839 2852 2885 te
2880 2839 3063 2885 autem
3100 2845 3209 2886 non
3241 2829 3440 2884 facia‘u

1867 2925 2121 2990 deﬁcere,
2159 2934 2213 2980 et
2258 2924 2540 2996 castigabo
2575 2934 2629 2980 te
2661 2926 2715 2980 in
2744 2924 3040 2994 judicium,
3076 2925 3150 2995 (a)
3174 2933 3228 2979 et
3256 2924 3448 2980 inson-

191 3024 290 3062 rex
325 3007 635 3079 Babylonis,
690 3009 767 3080 (b)
801 3010 869 3065 ad
897 3011 1260 3066 excidendum
1288 3019 1490 3066 terram
1519 3009 1762 3081 Egypti.
1793 3012 1836 3070 C
1870 3024 1976 3070 tem
2007 3015 2331 3071 dimittendo
2362 3030 2471 3070 non
2502 3015 2774 3070 insontem
2802 3015 3071 3069 dimittam
3093 3023 3162 3070 te.

191 3103 282 3157 I4.
310 3102 728 3172 Annuntiatex
752 3104 806 3158 in
827 3103 1082 3176 ZEgypto,
1109 3113 1163 3159 et
1191 3103 1466 3175 pracipite
1490 3105 1513 3174 ζ
1548 3104 1602 3158 in
1621 3103 1770 3173 Mag-

188 3193 308 3259 dol,
352 3204 408 3250 et
436 3194 507 3265 (ε)
530 3197 806 3265 pracipite
850 3196 906 3250 in
941 3195 1228 3265 Memphis,
1281 3205 1335 3251 et
1362 3196 1420 3250 in
1451 3193 1710 3266 Taphnas
1741 3213 1755 3248 :

189 3288 356 3342 dicite
389 3307 405 3344 :
433 3288 745 3360 Intelligite,
782 3298 837 3344 et
869 3305 1116 3361 prapara
1153 3299 1206 3345 te
1234 3290 1433 3361 ipsam,
1466 3291 1593 3359 quia
1617 3306 1772 3345 com-

187 3379 306 3434 edit
353 3379 567 3450 gladius
606 3381 683 3452 (d)
711 3383 901 3437 orbem
957 3391 1135 3436 tuum.
1197 3382 1282 3436 I5.
1310 3382 1383 3452 (e)
1407 3381 1590 3448 Quare
1631 3381 1774 3452 fugit

191 3473 402 3527 vitulus
457 3474 666 3530 electus
713 3475 884 3530 tuus?
941 3491 1050 3529 non
1085 3461 1312 3540 mansit,
1345 3475 1473 3544 quia
1504 3473 1772 3529 Dominus

191 3559 449 3614 dissolvit
493 3576 643 3615 eum.
707 3562 794 3616 I6.
822 3562 892 3633 (Γ)
915 3561 982 3617 Et
1013 3563 1306 3617 multitudo
1352 3563 1620 3617 inﬁrmata
1653 3571 1758 3627 est,

192 3661 248 3704 et
302 3651 533 3716 cecidit,
591 3653 969 3723 unusquisque
1015 3654 1082 3708 ad
1127 3655 1433 3724 proximum
1486 3669 1646 3709 suum
1685 3655 1767 3709 lo-

191 3740 307 3794 cuti
355 3754 484 3796 sunt
500 3741 573 3811 (g)
609 3760 626 3796 :
661 3743 984 3811 Surgamus,
1031 3750 1086 3796 et
1123 3749 1462 3796 revertamur
1489 3742 1554 3796 ad
1584 3757 1760 3812 popu-

192 3833 308 3886 lum
339 3842 619 3899 nostrum,
660 3846 714 3888 et
744 3833 820 3904 (It)
845 3834 899 3888 in
939 3835 1216 3904 regionem
1253 3843 1502 3890 nostram
1546 3836 1615 3890 ab
1647 3844 1775 3890 ante

194 3925 396 3980 faciem
443 3925 605 3996 gladii
644 3925 704 3995 (ί)
727 3923 923 3980 Graci.
959 3925 1046 3979 17.
1069 3923 1274 3981 Vocate
1299 3942 1499 3981 nomen
1527 3925 1776 3980 Pharao-

195 4018 286 4072 nis
345 4016 490 4085 regis
531 4015 777 4087 IEgvpli,
827 4015 899 4086 (It)
928 4016 1072 4071 Saon
1099 4015 1259 4071 Ebir
1287 4016 1463 4072 Moed.
1512 4016 1601 4072 18.
1635 4015 1776 4072 Vivo

192 4123 318 4176 ego,
363 4107 494 4161 dicit
533 4121 629 4161 rex
674 4107 940 4161 Dominus
976 4108 1242 4162 virtutum
1275 4123 1476 4163 nomen
1513 4109 1598 4175 ei;
1646 4108 1775 4178 quia

194 4199 345 4253 sicut
403 4197 467 4269 (ι)
511 4197 791 4252 Itaburion
843 4198 896 4251 in
940 4198 1244 4262 montibus,
1281 4209 1337 4253 et
1370 4199 1515 4254 sicut
1559 4198 1775 4254 Carmel

193 4289 251 4343 in
306 4305 458 4345 mare
513 4291 710 4346 veniet.
774 4292 860 4345 I9.
892 4291 1036 4346 Vasa
1082 4292 1499 4361 demigrationis
1547 4291 1636 4347 fac
1672 4291 1768 4346 tibi

1939 3106 2068 3175 Cap.
2121 3105 2332 3161 XLVII.
2379 3136 2450 3146 --
2484 3105 2536 3162 1.
2589 3133 2661 3165 α-
2715 3104 2890 3176 Super
2924 3106 3257 3177 alienigenas
3287 3107 3310 3175 ζ
3345 3106 3437 3177 (').

1873 3199 2193 3268 XVerbum
2237 3199 2476 3265 Domini,
2531 3198 2676 3270 quod
2706 3197 2910 3253 factum
2936 3208 3020 3253 est
3048 3199 3114 3254 ad
3143 3196 3436 3252 Jeremiam

1872 3291 2244 3361 prophetam:
2307 3292 2381 3360 (b)
2424 3306 2590 3359 super
2644 3291 3005 3358 alienigenas,
3051 3293 3118 3357 >ε<
3155 3299 3447 3357 antequam

1872 3389 2183 3450 percuteret
2228 3379 2444 3435 Pharao
2493 3377 2695 3434 Gazam
2726 3379 2775 3448 ζ.
2810 3376 2936 3431 Hac
2961 3377 3094 3433 dicit
3127 3375 3396 3436 Dominus
3431 3395 3445 3428 :

1871 3471 1926 3526 2.
1963 3471 2104 3527 Ecce
2149 3487 2306 3542 aqua
2348 3471 2652 3526 ascendunt
2687 3470 2756 3524 ab
2797 3469 3076 3540 aquilone,
3110 3481 3164 3523 et
3205 3477 3367 3524 erunt
3393 3468 3451 3522 izt

1875 3574 2179 3619 torrentem
2238 3563 2595 3619 inundantem
2655 3579 2671 3617 :
2725 3570 2779 3617 et
2819 3560 3109 3621 inundabit
3137 3569 3364 3624 terram,
3397 3566 3460 3618 et,

1874 3656 2269 3730 plenitudinem
2311 3655 2455 3726 ejus,
2497 3655 2708 3722 urbem,
2744 3663 2798 3710 et
2830 3655 3206 3710 inhabitantes
3241 3653 3295 3706 in
3331 3669 3393 3708 ea
3432 3671 3446 3706 :

1873 3757 1928 3804 et
1959 3749 2277 3804 clamabunt
2332 3747 2605 3810 homines,
2639 3756 2692 3801 et
2726 3747 3018 3804 ululabunt
3048 3761 3242 3801 omnes
3277 3745 3447 3799 habi-

1873 3845 2054 3914 tantes
2077 3839 2134 3893 in
2163 3847 2335 3903 terra,
2372 3836 2427 3890 '5.
2457 3852 2488 3891 a
2515 3851 2651 3890 voce
2682 3835 2750 3908 (c)
2776 3837 3011 3909 impetus
3033 3837 3173 3906 ejus,
3195 3836 3264 3890 ab
3283 3836 3452 3890 armis

1875 3928 2102 3983 fortium
2162 3928 2320 3997 ejus,
2375 3937 2429 3981 et
2485 3941 2518 3981 a
2565 3927 2932 3982 concussione
2980 3941 3243 3982 curruum
3297 3926 3450 3996 ejus,

1878 4020 1956 4088 (ά)
1987 4021 2258 4074 tumultus
2313 4029 2556 4074 rotarum
2606 4019 2728 4090 ejus
2761 4036 2776 4072 :
2814 4035 2923 4074 non
2967 4033 3028 4074 se
3058 4028 3458 4078 converterunt,

1877 4122 2059 4183 patres
2087 4127 2252 4182 super
2275 4111 2418 4166 ﬁlios
2444 4125 2635 4166 eorum
2666 4125 2774 4180 pra
2804 4111 3166 4166 dissolutione
3189 4127 3459 4166 manuum.

1878 4219 2093 4270 eorum,
2159 4204 2214 4258 4.
2267 4204 2321 4257 in
2365 4203 2477 4269 die,
2505 4204 2600 4273 qui
2631 4204 2780 4258 venit
2814 4203 2880 4258 ad
2908 4203 3233 4258 abolendum
3261 4219 3454 4258 omnes

1882 4295 2241 4365 alienigenas.
2302 4293 2370 4349 Et
2422 4295 2646 4365 perdam
2696 4294 2926 4366 Tyrum,
2965 4304 3020 4350 et
3070 4293 3354 4361 Sidonem,
3401 4303 3457 4349 et

195 4382 327 4451 ipsi,
359 4383 657 4436 habitatrix
685 4383 793 4436 lilia
820 4380 1066 4453 Egypti,
1108 4358 1538 4453 quia—Memphis
1573 4383 1672 4454 (m)
1711 4358 1850 4446 in.D
1879 4358 2081 4440 omnes
2127 4384 2384 4454 reliquos.
2422 4358 2621 4440 auxilii
2673 4358 2862 4441 eorum
2884 4358 3070 4457 {quia
3101 4386 3301 4442 delebit
3341 4358 3453 4442 Do-

193 4474 609 4542 corruptionem
639 4475 766 4537 erit,
806 4485 862 4530 ct
889 4474 1176 4530 vocabitur
1203 4473 1318 4541 Va,
1351 4475 1482 4546 quia
1509 4490 1619 4529 non
1644 4483 1776 4530 sunt

195 4567 509 4622 habitantes
535 4568 590 4622 in
623 4583 708 4622 ea.
741 4567 832 4621 20.
861 4567 1042 4622 Vitula
1075 4567 1152 4639 (η)
1177 4577 1373 4623 ornata
1403 4569 1472 4636 ὴ(
1498 4567 1767 4638 pulchra:

269 4721 346 4790 (η)
393 4723 484 4787 Α.,
535 4722 773 4792 alligate.
831 4721 915 4783 S.,
971 4723 1107 4792 jugo
1164 4724 1395 4793 jungite.

1506 4724 1580 4794 (ο)
1633 4723 1725 4790 Α.,
1780 4724 2017 4796 expolita
2062 4725 2307 4783 lanceas.

1881 4475 2065 4530 minus
2102 4479 2171 4544 >ε<
2191 4476 2572 4548 alienigenas:
2608 4477 2851 4548 reliquos
2883 4477 3211 4545 insularum,
3241 4488 3295 4533 et
3315 4481 3456 4547 Cap-

1883 4569 2142 4639 padocia.
2179 4567 2235 4624 5.
2257 4566 2420 4623 Venit
2443 4569 2689 4626 calvities
2721 4585 2885 4639 super
2913 4569 3115 4625 Gazam
3155 4586 3168 4623 :
3207 4570 3461 4641 projecta

2408 4725 2481 4794 (p)
2521 4723 2603 4791 S.,
2659 4739 2830 4794 quare
2882 4725 3095 4780 vidistis
3149 4740 3265 4790 eos,
3309 4725 3456 4796 quod

193 4794 497 4855 vincentes,
554 4794 700 4862 quod
752 4801 1080 4848 revertentes
1130 4805 1470 4862 retrorsum,
1515 4802 1570 4848 et
1631 4793 1891 4852 robustos
1961 4810 2151 4848 eorum
2215 4793 2360 4860 quod
2419 4793 2711 4854 caedentes,
2776 4810 2882 4848 non
2935 4809 2995 4849 se
3043 4793 3462 4857 convertentes,

196 4863 356 4916 turba
389 4863 768 4927 circumcirca,
810 4864 941 4917 dicit
982 4864 1260 4920 Dominus.

195 4933 480 5013 trepidate.
559 4933 622 5013 (ξ)
645 5003 655 5013 ἰ
682 4935 770 5013 4:,
809 4932 894 4993 S.,
922 4933 1071 5013 tibus
1095 4944 1158 5013 _et
1185 4934 1348 5013 Ehut.

196 5013 269 5057 ιιε
295 5018 507 5059 arcum.

1366 4866 1440 4938 (q)
1465 4864 1553 4938 Et
1580 4873 1640 4938 ut
1672 4865 1818 4921 ﬂuvii
1851 4867 2125 4921 volventes
2157 4879 2335 4938 aquas
2358 4865 2497 4938 ejus.

1452 4936 1530 5008 (ιι)
1559 4935 1651 5008 ΑΑ.,
1684 4938 1998 5008 obtegentes
2031 4949 2126 5008 vos
2159 4932 2353 5008 scutis.
2383 4932 2400 5008 ξ
2433 4937 2525 5008 (ω)-
2547 4935 2634 5008 Α..
2671 4932 2756 4996 S.,
2787 4935 2879 5008 qui
2909 4934 3116 4997 tollitis,
3153 4934 3246 5004 qui
3264 4932 3464 5008 tendi!

587 5003 662 5072 (ῃ)
699 5000 783 5067 S.,
830 5003 1146 5075 ascendein
1180 5004 1391 5061 Gilead.
1459 5000 1541 5072 '(z')
1573 5006 1663 5070 A.,
1714 5007 1764 5061 S.

1869 5008 2008 5075 virgo
2039 5004 2170 5063 ﬁlia,
2246 5004 2323 5072 (a)
2359 5000 2452 5066 Α..
2487 5004 2526 5059 S
2560 5045 2577 5071 ,
2612 5000 2968 5075 ignominiam
3007 5000 3186 5075 tuam.—
3253 5005 3328 5075 (b)
3359 5009 3452 5066 Α..

2575 4865 2646 4932 (r)
2681 4865 2774 4935 ᾼ..
2821 4864 3170 4935 sicutrivus.
3237 4865 3332 4935 (δ)
3365 4863 3453 4926 S.,

196 5072 283 5145 S.,
333 5073 403 5145 ab
426 5071 861 5142 percutiendum.
912 5072 1127 5145 A(c)_S.,
1167 5076 1411 5131 auditum
1443 5071 1623 5130 facile.
1701 5077 1756 5145 (ά

1869 5117 1906 5143 .,
1940 5071 2022 5138 S.,
2050 5071 2338 5145 circuitum
2365 5083 2543 5130 tuum.
2623 5071 2693 5143 (a)
2724 5073 2807 5139 S.,
2843 5089 3014 5144 quare
3057 5071 3317 5129 detrusus
3372 5086 3456 5128 est

197 5143 361 5196 simul
387 5151 646 5218 robustus
676 5153 831 5218 tuus.
901 5142 1088 5218 (0A.,
1113 5142 1931 5218 multiplicavitimpingenteni.
2009 5146 2084 5212 (9)
2136 5144 2202 5218 Et
2230 5145 2506 5218 _dicentes_.

198 5221 421 5282 nostra.
499 5213 670 5282 (i)A.,
715 5213 798 5278 S.,
820 5213 1094 5267 inebriati.

199 5281 441 5354 Tbabor.
504 5283 615 5354 tm)
645 5285 705 5354 In
760 5284 1106 5354 deletionem.

199 5353 276 5422 (Ρ)
334 5356 420 5418 Α.,
459 5351 764 5427 eﬂus'ionis.
809 5353 892 5427 S.,
926 5351 1328 5427 corruptionis:
1391 5351 1465 5427 (η)

197 5427 265 5488 (ε)
296 5427 384 5489 Α.,
416 5438 521 5477 non
557 5425 990 5492 investigabitnr.

198 5493 467 5561 tiplicabit
518 5508 670 5562 opes.
748 5496 820 5562 (z)
860 5495 945 5560 A.,
994 5493 1087 5557 S.,
1125 5496 1219 5564 qui
1284 5505 1501 5551 terreat.
1579 5497 1656 5565 (a)
1687 5496 1777 5560 Α..

202 5568 274 5633 (ιτ)
315 5566 402 5628 Α.,
433 5578 626 5618 cursus
653 5578 943 5634 equorum.
1018 5567 1096 5637 (ά)
1129 5569 1218 5631 Α..
1249 5565 1332 5632 8.,
1397 5565 1783 5621 multitudinis.

1175 5214 1244 5286 (It)
1277 5214 1366 5282 .4.,
1416 5214 1646 5271 tinnitus
1683 5214 1961 5272 transtulit
1989 5215 2428 5286 promissionem.
2453 5214 2536 5282 S.,
2560 5225 2790 5286 tempus
2823 5216 2987 5270 venit.

1185 5283 1264 5354 (ἡ)
1296 5287 1388 5350 Α.,
1438 5286 1687 5357 pulchra,
1751 5299 1805 5341 et
1867 5283 2090 5357 pulchra
2136 5285 2366 5341 reddita.
2407 5286 2518 5357 Δ(ο)
2555 5283 2994 5357 Τθςᾳεξίρμηεθυε
3044 5283 3450 5357 ab_aquilone.

2583 5145 2660 5214 (lt)
2693 5147 2782 5207 A.,
2812 5145 2864 5198 in
2903 5155 3104 5200 terram
3152 5145 3466 5199 nativitatis.

3099 5213 3161 5285 (ι)
3197 5214 3395 5283 Reliqui
3434 5234 3448 5268 ;

1501 5354 1708 5421 A.,S.,
1743 5373 1764 5408 \

1869 5354 2076 5425 Tationis
2106 5371 2318 5408 eorum.
2396 5354 2577 5425 ωτι..
2607 5354 2688 5418 S.,
2722 5354 2878 5410 ibit.’
2922 5355 2992 5425 (ι)
3014 5357 3104 5415 Α..
3135 5355 3187 5408 in
3225 5369 3439 5408 rooore.

1071 5427 1148 5494 (τι)
1177 5425 1265 5488 Α..
1299 5424 1666 5490 S.,visitabo.
1745 5428 1762 5493 (

1869 5430 1948 5492 τι,
1984 5424 2066 5486 8.,
2102 5427 2244 5479 sicut
2269 5424 2462 5496 diebus
2485 5426 2579 5494 qui
2625 5426 2692 5478 ab
2723 5426 2975 5496 antiquo.

1846 5507 1898 5550 et
1956 5497 2238 5550 insontem.
2289 5494 2634 5550 diniiltendo.
2711 5495 2787 5566 (b)
2832 5496 2924 5562 A.,
2965 5498 3032 5552 ad
3081 5495 3448 5551 Philistliaos.

3053 5424 3131 5494 (υ.)
3167 5427 3253 5492 Α.,
3305 5425 3454 5478 mul—

272 5683 338 5752 (')
371 5682 412 5736 l.
447 5697 497 5735 e.
538 5679 900 5746 Pliilisthaos,
943 5697 1079 5752 quos
1115 5699 1218 5737 ιιι
1257 5698 1451 5754 graec,
1484 5681 1837 5753 ἀλλοφύλους,
1866 5678 2184 5749 alienigenas
2221 5689 2553 5751 nuncupant.
2581 5678 2783 5734 Dnacu.
