3834 6224
402 226 549 286 2587

1571 235 1796 292 CODEX
1841 235 2513 292 SYllO-"EXAPLARIS.

3493 245 3641 301 2388

401 356 639 398 terram:
673 342 748 415 (It)
791 352 846 400 et
877 344 1108 400 irritabit
1163 347 1530 405 inhabitantes
1589 351 1921 422 Babylonem
1951 372 1965 409 :
1999 357 2046 412 Α
2073 352 2312 408 confossi
2335 353 2413 422 (ά)
2441 369 2469 407 a
2502 352 2636 407 foris
2653 353 2798 423 ejus.
2827 353 2881 410 5.
2907 353 3044 421 Quia
3074 371 3182 410 non
3213 356 3458 412 viduavit
3481 357 3645 412 Israel

400 435 489 490 55.
540 435 777 505 gladium
827 453 990 506 super
1030 439 1334 502 Chaldaeos,
1386 441 1522 496 dicit
1567 441 1846 506 Dominus,
1913 452 1969 499 et

401 541 565 592 super
595 527 906 585 habitantes
933 530 988 582 in
1018 529 1321 600 Babylone,
1360 541 1418 588 et
1471 549 1633 604 super
1688 544 1970 606 magnetes

402 620 544 687 ejus,
577 628 630 673 et
655 634 819 689 super
849 621 909 690 (i)
941 621 1303 692 intelligentes
1317 624 1574 694 ejus:‘56.
1595 626 1913 697 Xgladium
1943 627 1965 695 ζ

402 711 473 781 (It)
517 727 680 782 super
707 723 857 768 vates
904 714 1047 783 ejus,
1081 725 1136 768 et
1165 714 1482 770 auferentur
1516 733 1531 771 :
1567 721 1633 783 )a(
1668 719 1905 788 gladium
1942 718 1965 786 ζ

402 819 567 873 super
612 815 944 873 pugnatores
992 805 1129 873 ejus,
1169 817 1222 862 et
1275 807 1684 864 dissolventur:
1729 809 1969 880 gladium

402 910 566 964 super
605 894 667 965 (ι)
707 911 877 964 equos
932 912 1144 964 eorum,
1193 909 1248 953 et
1296 914 1462 968 super
1517 916 1712 956 currus
1755 917 1968 968 eorum,

399 985 488 1039 57.
521 990 589 1054 χ
637 995 692 1040 et
739 1004 905 1058 super
949 991 1224 1059 omnem:
1271 994 1625 1049 commixtum
1675 994 1729 1048 in
1792 995 1972 1050 medio

398 1077 542 1143 ejus,
573 1085 626 1132 et
652 1087 814 1132 erunt
853 1080 1003 1134 sicut
1033 1082 1326 1138 mulieres:
1360 1084 1600 1154 gladium
1643 1100 1813 1155 super
1849 1087 1972 1141 the-

400 1184 592 1224 sauros
619 1169 760 1239 ejus,
774 1179 829 1226 et
845 1171 1169 1242 diripientur
1189 1196 1201 1229 :
1222 1175 1312 1229 58.
1332 1176 1569 1246 gladium
1590 1193 1753 1247 super
1769 1194 1969 1248 aquam

409 1261 528 1329 ejus
549 1262 670 1331 (in),
697 1272 750 1316 et
766 1264 1245 1336 erubescent,quia
1267 1277 1409 1322 terra
1430 1269 1761 1338 sculptilium
1789 1280 1894 1335 est,
1917 1282 1971 1326 et

401 1353 479 1422 (η)
520 1353 572 1407 in
615 1353 810 1411 insulis
839 1370 901 1412 -ι-
936 1372 1045 1412 non
1079 1359 1101 1427 ζ
1157 1359 1552 1430 gloriabantur.
1601 1360 1688 1416 59.
1742 1361 1972 1431 Propter

400 1443 502 1498 hoc
530 1443 851 1500 habitahunt
877 1446 950 1518 (ο)
987 1458 1197 1518 spectra
1229 1451 1283 1504 in
1313 1452 1547 1506 insulis:
1579 1464 1633 1506 et
1650 1453 1971 1510 habitahunt

398 1551 561 1604 super
595 1552 661 1592 ea
687 1538 808 1593 tiliae
835 1541 908 1608 (p)
941 1533 1181 1595 sirenum
1215 1559 1227 1594 :
1287 1555 1357 1584 θ’
1405 1542 1477 1613 (q)
1503 1551 1559 1598 et
1603 1558 1709 1596 non
1749 1543 1770 1610 ζ
1799 1543 1968 1598 aedili-

398 1627 609 1682 cabitur
630 1631 866 1700 amplius
898 1632 952 1686 in
985 1632 1290 1697 victoriam,
1323 1639 1378 1686 et
1404 1648 1513 1688 non
1546 1634 1882 1689 habitabitur
1911 1635 1963 1689 in

399 1719 678 1774 saeculum.
703 1721 795 1776 40.
825 1721 1192 1790 Sicutevertit
1214 1722 1357 1778 Deus
1378 1726 1445 1791 ζ(
1465 1725 1566 1796 τὴν
1597 1726 1618 1793 ζ
1646 1723 1964 1792 Sodomam,
1997 1701 2040 1758 Β

397 1819 453 1866 et
476 1811 821 1876 Gomorram,
857 1822 912 1868 et
939 1815 1151 1870 vicinas
1179 1815 1332 1884 ejus,
1366 1816 1500 1870 dicit
1537 1815 1823 1882 Dominus,
1855 1833 1964 1872 non

403 1903 667 1958 habitabit
696 1905 768 1959 ibi
803 1905 990 1971 homo,
1033 1921 1210 1976 neque
1239 1908 1671 1964 commorabitur
1711 1909 1786 1962 ibi
1822 1909 1965 1965 Illius

402 1995 660 2053 hominis.
700 1997 790 2052 41.
824 1996 965 2053 Ecce
1005 2000 1238 2068 populus
1273 2000 1423 2054 venit
1456 1999 1525 2053 ab
1571 1999 1846 2070 aquilone,
1911 2010 1967 2056 et

400 2088 633 2156 populus
681 2105 931 2160 magnus,
960 2099 1015 2146 et
1068 2107 1221 2162 reges
1264 2091 1422 2146 multi
1477 2093 1862 2148 excitabuntur
1898 2095 1967 2149 ab

397 2188 641 2234 extremo
681 2189 858 2247 terra,
893 2183 984 2238 42.
1027 2198 1208 2243 arcus.
1258 2195 1313 2238 et
1373 2185 1443 2255 (r)
1499 2185 1664 2256 pugio
1705 2193 1787 2241 est
1841 2186 1964 2241 eis:

400 2273 569 2325 durus
593 2283 696 2335 est.
729 2284 782 2327 et
817 2289 926 2329 non
955 2276 1300 2332 miserebitur
1328 2297 1342 2333 :
1371 2292 1475 2332 vox
1500 2293 1692 2332 eorum
1730 2287 1788 2330 ut
1817 2293 1969 2332 mare

400 2363 843 2428 tumultuabitur,
866 2381 1034 2436 super
1056 2368 1215 2436 equis
1243 2369 1562 2437 equitabunt
1595 2369 1792 2437 parati,
1827 2369 1970 2422 sicut

401 2451 562 2521 ignis,
601 2453 654 2507 in
686 2454 909 2518 bellum,
944 2457 1012 2510 ad
1043 2467 1114 2519 te,
1147 2457 1254 2512 lilia
1278 2457 1589 2529 Babylonis.
1613 2458 1704 2512 45.
1747 2458 1972 2512 Audivit

399 2559 492 2597 rex
508 2543 795 2615 Babylonis
808 2546 1008 2602 famam
1029 2564 1242 2615 eorum,
1259 2562 1312 2604 et
1334 2551 1754 2606 dissolutasunt
1773 2565 1972 2605 manus

398 2635 546 2704 ejus:
569 2637 1413 2708 afﬂictioobtinuiteum,dolores
1427 2642 1567 2696 sicut
1581 2641 1860 2712 parientis.
1878 2641 1969 2695 ﬂ.

399 2726 540 2782 Ecce
562 2729 705 2782 sicut
743 2728 826 2783 leo
857 2731 1114 2786 ascendet
1142 2747 1172 2785 a
1191 2734 1258 2801 Β(
1283 2732 1349 2802 (s)
1379 2731 1644 2807 jactantia
1669 2729 1972 2799 :Jordanis

399 2818 464 2888 (ι)
488 2819 542 2872 in
575 2819 750 2873 locum
775 2820 1026 2889 Etham;
1055 2823 1183 2890 quia
1217 2823 1470 2878 celeriter
1485 2823 1750 2889 expellam
1788 2837 1885 2878 eos
1900 2822 1971 2876 ab

397 2923 488 2974 ea,
508 2916 562 2962 et
587 2924 802 2963 omnem
825 2911 1079 2980 juvenem
1102 2928 1266 2982 super
1293 2928 1414 2967 eam
1447 2914 1811 2968 constituam:
1841 2913 1971 2981 quia

397 3000 522 3070 quis
552 2999 696 3054 sicut
720 3016 843 3072 ego,
859 3012 914 3057 et
935 3004 1057 3073 quis
1083 3005 1246 3058 stabit
1268 3015 1457 3060 contra
1481 3005 1604 3058 me?
1639 3003 1846 3072 thuis
1881 3003 1972 3058 hic

2071 453 2125 499 et
2152 443 2290 498 Juda
2319 459 2349 496 a
2383 443 2494 499 Deo
2531 460 2652 509 suo,
2690 461 2722 500 a
2752 445 2982 501 Domino
3010 448 3078 516 (ε)
3109 449 3646 519 omnipotente.quia

2074 542 2216 589 terra
2249 551 2437 592 eorum
2471 537 2686 608 impleta
2717 547 2800 592 est
2819 539 3146 607 iniquitatea
3167 542 3373 596 sanctis
3401 540 3645 608 Israelis.

2071 626 2125 682 6.
2158 627 2349 698 Fugite
2377 630 2598 684 emedio
2616 629 2928 700 Babylonis,
2959 641 3012 685 et
3038 631 3244 686 salvate
3265 635 3650 703 unusquisque

2072 719 2308 771 animam
2357 734 2512 773 suam
2536 759 2552 783 ,
2604 729 2659 774 et
2693 734 2760 772 ne
2790 719 2857 788 (ι’)
2891 720 3253 788 projiciamiui
3290 722 3344 776 in
3379 723 3648 792 injustitia

2070 811 2222 880 ejus;
2253 811 2380 880 quia
2411 822 2620 881 tempus
2663 814 2888 868 ultionis
2918 814 3038 882 ejus
3067 824 3197 868 esta
3237 814 3470 868 Domino
3493 856 3510 881 ,
3570 831 3632 868 re

2071 901 2420 956 tributionem
2451 902 2566 970 ipse
2595 905 2857 958 retribuet
2880 907 2951 959 ei.
2988 905 3044 959 7.
3068 904 3218 958 Calix
3250 907 3368 960 auri
3397 906 3562 960 Babel
3593 907 3650 960 in

2072 1011 2237 1050 manu
2266 993 2521 1058 Domini,
2584 994 2863 1052 inebrians
2890 1013 3104 1051 omnem
3140 1009 3376 1052 terram:
3414 999 3482 1053 de
3518 998 3651 1052 vino

2069 1085 2188 1155 ejus
2219 1086 2472 1140 biberunt
2498 1095 2720 1158 gentes,
2759 1098 2977 1157 propter
3015 1088 3120 1142 hoc
3161 1088 3483 1143 vacillarunt
3513 1104 3648 1158 gen-

2069 1186 2171 1233 tes.
2205 1177 2258 1232 8.
2291 1176 2357 1232 Et
2414 1178 2593 1233 subito
2631 1178 2828 1234 cecidit
2867 1180 3049 1246 Babel,
3109 1189 3163 1234 et
3201 1181 3481 1236 confracta
3524 1189 3648 1234 est:

2071 1267 2718 1336 (g)lamentaminieam,
2777 1269 2978 1322 sumite
3030 1269 3268 1323 resinam
3301 1270 3648 1339 corruptioni

2069 1357 2210 1426 ejus,
2245 1356 2385 1412 forte
2415 1357 2724 1413 sanabitur.
2757 1358 2811 1413 9.
2859 1357 3182 1415 Sanavimus
3211 1359 3569 1429 Babylonem,
3597 1369 3654 1412 et

2071 1462 2177 1501 non
2205 1456 2392 1502 sanata
2433 1457 2552 1502 est:
2607 1449 3056 1518 derelinquamus
3085 1465 3246 1516 eam,
3287 1459 3339 1504 et
3387 1451 3652 1505 abeamus

2069 1538 2449 1606 unusquisque
2477 1537 2529 1589 in
2560 1547 2763 1592 terram
2798 1552 2954 1592 suam
2983 1554 2998 1603 ;
3028 1538 3154 1606 quia
3188 1538 3652 1608 appmpinquavit

2070 1627 2123 1681 in
2147 1628 2343 1683 cmlum
2364 1628 2631 1697 judicium
2658 1628 2796 1697 ejus,
2831 1628 2905 1699 (It)
2937 1627 3213 1683 sublatum
3261 1638 3342 1683 est
3389 1643 3561 1698 usque
3585 1628 3650 1696 (il

2068 1721 2134 1775 ad
2165 1730 2331 1776 astra.
2364 1719 2454 1779 10.
2477 1720 2709 1776 Protulit
2740 1719 3004 1777 Dominus
3032 1720 3105 1791 (k)
3141 1721 3408 1791 judicium
3441 1736 3602 1774 suum
3631 1738 3648 1776 :

2070 1815 2272 1880 venite,
2302 1823 2357 1869 et
2385 1815 2774 1870 annuntiemus
2806 1814 2859 1868 in
2897 1814 3065 1870 Sione
3089 1829 3253 1883 opera
3287 1813 3500 1868 Domini
3552 1811 3651 1866 Dei

2066 1904 2264 1959 nostri.
2301 1903 2389 1959 11.
2429 1903 2742 1974 Ρτωρπδιθ
2769 1904 2898 1968 tela,
2925 1903 3144 1972 implete
3170 1904 3452 1970 pharetras
3486 1920 3498 1954 :
3552 1917 3652 1955 ex-

2067 1997 2252 2052 citavit
2282 1997 2551 2053 Dominus
2589 1997 2842 2068 spiritum
2900 1995 3044 2065 regis
3076 1995 3392 2060 Medorum;
3426 1994 3556 2063 quia
3594 1994 3650 2045 in

2068 2088 2400 2160 Babylonem
2431 2091 2493 2162 (ι)
2527 2090 2608 2144 ira
2650 2089 2806 2159 ejus,
2867 2089 2935 2144 ad
2968 2087 3260 2143 delendum
3321 2102 3466 2152 eam,
3517 2089 3652 2155 quia

2068 2184 2202 2238 ultio
2226 2182 2442 2238 Domini
2473 2193 2578 2250 est,
2614 2183 2748 2238 ultio
2772 2183 2956 2252 templi
2982 2181 3122 2250 ejus.
3144 2182 3232 2235 12.
3269 2181 3442 2250 Super
3474 2181 3656 2234 muris

2069 2274 2366 2346 Babylonis
2389 2277 2596 2332 elevate
2623 2277 2863 2347 signum,
2892 2276 2988 2344 (ηπ)
3024 2273 3339 2329 constituite
3365 2272 3650 2335 excubias.

2071 2367 2260 2436 ponite
2311 2366 2597 2432 excubias,
2643 2374 2946 2435 praeparate
2992 2363 3069 2436 (η)
3116 2378 3305 2430 arma;
3333 2362 3460 2432 quia
3500 2363 3656 2417 dedit

2071 2456 2125 2510 in
2152 2471 2346 2511 manus
2386 2456 2444 2527 (i.
2467 2470 2518 2509 e.
2551 2471 2829 2526 aggressus
2887 2453 2989 2524 est)
3037 2452 3302 2508 Dominus
3326 2493 3341 2518 ,
3380 2461 3435 2507 et
3465 2451 3653 2520 faciet,

2071 2563 2192 2617 qua:
2209 2548 2421 2602 locutus
2437 2555 2522 2602 est
2537 2563 2700 2616 super
2717 2547 3023 2601 habitantes
3041 2547 3092 2598 in
3114 2544 3409 2616 Babylone,
3435 2545 3522 2598 15.
3548 2546 3653 2599 ha-

2072 2638 2311 2692 bitantes
2347 2653 2512 2707 super
2538 2638 2698 2707 aquis
2732 2637 2940 2703 multis,
2999 2647 3053 2691 et
3111 2652 3272 2706 super
3301 2637 3375 2706 (o)
3404 2636 3657 2689 multitu-

2071 2729 2195 2784 dine
2229 2729 2612 2784 thesaurorum
2645 2730 2806 2798 ejus:
2841 2729 2987 2783 venit
3021 2729 3147 2783 linis
3181 2738 3304 2784 tuus
3334 2744 3460 2783 vere
3482 2731 3561 2798 (p)
3597 2730 3654 2783 in

2072 2820 2281 2874 viscera
2309 2821 2563 2874 intestina
2591 2827 2705 2872 tua.
2733 2819 2820 2872 M.
2853 2817 2991 2884 Quia
3019 2819 3220 2888 juravit
3255 2819 3514 2872 Dominus
3543 2819 3656 2871 vir-

2075 2920 2248 2965 tutum
2273 2926 2369 2980 per
2393 2911 2675 2965 brachium
2712 2925 2896 2965 suum.
2933 2911 3061 2979 quia
3120 2911 3358 2980 implebo
3387 2921 3439 2965 te
3469 2910 3656 2966 homi-

2078 3003 2257 3065 nibus,
2291 3004 2365 3073 (q)
2413 3004 2556 3058 sicut
2588 3003 2837 3067 locustis,
2877 3001 2946 3072 (r)
2974 3012 3031 3058 et
3075 3005 3365 3072 loquentur
3393 3019 3563 3072 super
3603 3014 3657 3058 te

398 3098 606 3160 pastor,
633 3093 726 3162 qui
750 3094 916 3148 stabit
937 3110 1123 3150 coram
1156 3095 1293 3150 facie
1319 3110 1437 3149 mea
1459 3095 1592 3149 ⁸145.
1619 3093 1846 3164 Propter
1869 3095 1973 3150 hoc
2002 3093 2044 3118 ν
2077 3095 2490 3150 descendentes.
2523 3095 2611 3148 15.
2649 3094 2755 3160 Qui
2796 3094 2927 3148 facit
2959 3104 3156 3149 terram
3207 3097 3261 3150 in
3300 3096 3496 3151 robore
3523 3111 3652 3158 suo,

399 3184 586 3238 audite
629 3186 922 3240 consilium
960 3185 1202 3251 Domini,
1238 3189 1384 3258 quod
1419 3187 1755 3244 consultavit
1811 3202 1975 3256 super

400 3275 754 3346 Babylonem,
767 3287 818 3331 et
837 3278 1197 3348 c0gitationes
1222 3269 1367 3349 ejus,
1381 3293 1516 3349 quas
1533 3279 1788 3349 cogitavit
1811 3293 1976 3348 super

398 3369 707 3424 habitantes
744 3371 821 3438 (ιι)
862 3371 1188 3427 Chaldaeos:
1236 3373 1283 3427 si
1334 3388 1443 3427 non
1491 3373 1570 3442 (ω)
1607 3376 1974 3444 corrumpatis

399 3477 568 3530 agnos
585 3463 768 3515 ovium
784 3478 996 3527 eorum,
1011 3464 1056 3519 si
1074 3478 1182 3518 non
1200 3463 1481 3518 aboleatur
1499 3465 1568 3518 ab
1587 3465 1669 3518 eis
1685 3479 1970 3534 pascuum.

397 3553 486 3607 £6.
517 3554 653 3619 Quia
705 3570 736 3608 a
775 3569 906 3609 voce
948 3555 1306 3625 subjectionis
1339 3555 1631 3626 Babylonis
1659 3571 1974 3612 commove-

398 3645 546 3700 bitur
598 3657 761 3712 terra,
811 3659 866 3704 et
897 3649 1106 3703 clamor
1153 3649 1274 3719 ejus
1327 3648 1381 3702 in
1428 3649 1678 3719 gentibus
1699 3647 1970 3702 audietur.

465 3739 600 3809 Cap.
637 3739 721 3794 LI.
753 3741 886 3794 -1.
919 3739 1044 3795 Haec
1070 3741 1203 3795 dicit
1233 3740 1498 3796 Dominus
1525 3759 1540 3795 :
1570 3739 1708 3826 Ecce
1740 3757 1841 3810 ego
1877 3756 1973 3796 ex-

397 3831 507 3886 cito
540 3848 702 3901 super
727 3831 1077 3904 Babylonem,
1111 3841 1164 3887 et
1191 3849 1354 3903 super
1390 3833 1698 3886 habitantes
1727 3830 1839 3902 (y),
1876 3847 1975 3888 cor

399 3924 720 3992 erigentium
748 3966 763 3991 ,
807 3935 1027 3979 ventum
1056 3986 1058 3989 τ
1087 3934 1251 3981 aestus
1273 3933 1738 3994 corrumpentem.
1806 3925 1863 3979 2.
1908 3924 1974 3978 Et

398 4018 638 4070 emittam
693 4016 747 4070 in
783 4017 1108 4088 Babylonem
1144 4017 1214 4087 (ι)
1243 4017 1661 4082 conviciatores,
1701 4026 1757 4071 et
1781 4025 1975 4072 contu-

398 4109 555 4161 melia
587 4107 819 4162 allicient
847 4124 991 4170 eam,
1021 4111 1097 4179 (a)
1129 4118 1182 4163 et
1220 4110 1445 4178 perdent
1491 4116 1695 4162 terram
1721 4107 1872 4177 ejus:
1905 4110 1972 4177 χ(

397 4199 574 4268 quia:
621 4215 703 4253 vze
755 4216 922 4270 super
977 4199 1302 4271 Babylonem
1358 4200 1717 4254 circumcirca
1771 4200 1825 4252 in
1877 4200 1966 4252 die

398 4289 580 4342 damni
611 4291 753 4359 ejus.
786 4291 839 4346 '5.
867 4289 943 4346 Ne
964 4293 1168 4357 tendat,
1217 4291 1311 4360 qui
1371 4289 1545 4345 tendit
1574 4304 1763 4343 arcum
1787 4304 1970 4353 suum,

2074 3185 2168 3254 qui
2202 3194 2361 3255 parat
2393 3185 2584 3240 orbem
2620 3185 2975 3240 habitabilem
3005 3187 3060 3240 in
3095 3187 3360 3254 sapientia
3419 3203 3544 3252 sua,
3599 3189 3653 3240 in

2074 3278 2430 3348 intelligentia
2457 3293 2554 3332 sua
2585 3278 2831 3333 extendit
2862 3279 3062 3333 coelum
3083 3317 3099 3342 ,
3134 3279 3216 3332 l6.
3251 3281 3306 3332 in
3336 3294 3521 3334 vocem
3548 3295 3655 3348 po-

2075 3371 2184 3423 suit
2212 3368 2619 3426 multitudinem
2644 3371 2905 3439 strepitus
2927 3386 3084 3440 aquaa
3111 3371 3166 3425 in
3188 3372 3349 3436 cmlo,
3373 3381 3428 3426 et
3463 3372 3657 3425 eduxit

2073 3460 2246 3515 nubes
2273 3461 2344 3514 ab
2370 3471 2618 3515 extremo
2641 3471 2820 3525 terrae,
2857 3461 3074 3533 fulgura
3123 3464 3177 3517 in
3227 3463 3462 3532 pluviam
3497 3462 3652 3526 fecit,

2073 3560 2127 3606 et
2148 3551 2336 3607 eduxit
2361 3553 2432 3623 (δ)
2478 3553 2662 3608 lumen
2715 3567 2748 3607 e
2780 3553 3058 3608 thesauris
3124 3555 3260 3609 suis.
3317 3553 3406 3607 17.
3441 3552 3658 3608 Stultus

2073 3642 2252 3700 factus
2290 3655 2374 3700 est
2405 3646 2586 3700 omnis
2636 3645 2802 3700 homo
2845 3661 2876 3699 a
2909 3647 3168 3710 scientia,
3207 3645 3529 3716 pudefactus
3571 3658 3661 3701 est

2073 3735 2254 3790 omnis
2279 3735 2525 3790 conﬂatis
2553 3751 2748 3790 aurum
2775 3753 2805 3791 a
2830 3737 3173 3807 sculptilibus
3206 3739 3343 3804 suis,
3365 3739 3495 3808 quia
3511 3738 3656 3793 falsa

2073 3823 2404 3889 conﬂarunt,
2431 3840 2541 3879 non
2581 3834 2669 3880 est
2702 3827 2928 3895 spiritus
2972 3827 3025 3882 in
3068 3827 3172 3893 eis,
3226 3829 3314 3882 18.
3355 3844 3494 3882 vana
3529 3841 3660 3884 sunt

2073 3933 2238 3988 Opera
2269 3923 2332 3988 (ι)
2382 3919 2634 3983 ridicula,
2672 3921 2724 3973 in
2779 3929 3022 3990 tempore
3086 3921 3418 3977 visitationis
3455 3937 3653 3977 eorum

2073 4012 2348 4081 peribunt.
2379 4013 2464 4066 l9.
2496 4011 2617 4067 Non
2652 4013 2777 4068 talis
2805 4029 2931 4082 pars
2981 4012 3193 4078 Jacobi,
3232 4015 3362 4084 quia
3388 4015 3499 4080 ille,
3557 4017 3655 4085 qui

2073 4101 2328 4156 formavit
2365 4105 2571 4168 omnia,
2603 4104 2720 4173 ipse
2743 4114 2828 4158 est
2857 4103 2934 4173 (ει)
2967 4115 3023 4159 et
3053 4105 3280 4160 baculus
3308 4106 3654 4161 htereditatis

2072 4196 2212 4265 ejus,
2245 4195 2508 4249 Dominus
2529 4195 2788 4250 virtutum
2819 4212 3016 4251 nomen
3073 4197 3144 4251 ei.
3190 4197 3282 4252 20.
3319 4197 3399 4267 (x)
3432 4197 3654 4267 Disper~

2073 4291 2156 4360 gis
2184 4289 2318 4342 mihi
2349 4304 2476 4343 vasa
2510 4288 2658 4353 belli,
2687 4287 2763 4359 (y)
2813 4297 2868 4342 et
2904 4289 3218 4360 dispergam
3266 4288 3320 4342 iu
3358 4297 3409 4343 te
3440 4300 3653 4358 gentes,

399 4395 576 4449 neque
605 4381 806 4451 alliget,
835 4383 923 4436 cui
962 4391 1090 4437 sunt
1147 4397 1298 4435 arma
1347 4398 1361 4433 :
1403 4397 1471 4436 ne
1521 4382 1756 4450 parcatis
1809 4396 1971 4450 super
2002 4413 2046 4468 υ
2073 4391 2128 4436 et
2147 4382 2334 4435 tollam
2365 4382 2438 4452 (π)
2467 4397 2562 4450 per
2593 4389 2648 4436 te
2687 4396 2862 4451 reges.
2900 4380 2993 4434 21.
3026 4379 3094 4434 Et
3125 4381 3437 4450 dispergam
3489 4381 3547 4434 in
3603 4391 3656 4434 te

393 4471 622 4540 juvenes
643 4474 787 4542 ejus,
817 4483 870 4527 et
904 4475 978 4544 (b)
1030 4475 1239 4529 abolete
1300 4489 1519 4528 omnem
1575 4474 1647 4544 (ο)
1708 4474 1965 4528 virtutem
2074 4491 2299 4544 equum,
2334 4485 2389 4528 et
2419 4489 2765 4529 ascensorem
2795 4473 2936 4542 ejus,
2960 4473 3050 4527 22.
3077 4483 3133 4527 et
3164 4473 3473 4542 dispergam
3519 4474 3574 4526 in
3605 4483 3654 4526 te

397 4563 536 4632 ejus.
569 4563 622 4620 4.
653 4565 716 4619 Et
743 4566 939 4620 cadent
985 4565 1155 4621 occisi
1207 4566 1262 4620 in
1312 4575 1453 4620 terra
1487 4565 1889 4628 Chaldaeorum,
1917 4577 1972 4620 et
2075 4580 2292 4630 currus,
2317 4574 2371 4620 et
2403 4579 2726 4620 ascensores
2767 4579 2957 4618 eorum
2990 4605 3004 4628 ,
3055 4573 3110 4619 et
3154 4565 3462 4634 diSperg-am
3514 4565 3571 4618 in
3605 4574 3656 4620 te

464 4766 539 4833 (It)
575 4765 662 4829 Α.,
693 4773 746 4819 et
775 4766 1137 4836 perturbabit.
1214 4765 1276 4836 (i)
1309 4763 1517 4836 Reliqui
1552 4785 1564 4818 :
1608 4766 1904 4835 sapientes.
1966 4766 2040 4836 (k)
2093 4765 2179 4828 Α.,
2203 4765 2470 4818 adversus
2491 4764 2714 4825 electos,
2745 4765 3104 4821 etinsanient.
3136 4764 3218 4829 8.,
3244 4780 3410 4836 super
3431 4765 3652 4818 brachia

397 4837 536 4905 ejus,
589 4843 644 4906 et
697 4833 1156 4898 dcfatigabuntur.
1225 4833 1316 4906 “(1)
1372 4833 1645 4906 Reliqui;
1676 4833 1880 4890 fortes.
1977 4833 2080 4906 (in)
2109 4836 2225 4906 Qua
2258 4837 2603 4906 conl'isaiest,
2651 4844 2705 4906 et
2748 4845 3045 4906 exarescct.
3123 4833 3394 4906 (n)A.,in
3423 4835 3652 4906 simula-

399 4903 528 4962 cris.
588 4903 673 4970 8.,
717 4906 768 4977 [η
805 4905 1051 4962 fortibus.
1129 4906 1203 4977 (ο)
1236 4903 1580 4971 Α.,διιιιίἱηι.
1611 4905 1770 4970 Heh.,
1823 4903 2003 4960 Siim.‘
2057 4903 2131 4976 (ρ)
2177 4905 2264 4970 Α.,
2299 4905 2890 4977 struthiocamelorum.
2932 4903 3015 4971 8.,
3066 4903 3306 4977 sirenum
3338 4920 3462 4959 cum
3495 4904 3655 4958 forti-

398 4977 521 5031 bus.
599 4977 672 5046 (ᾳ)
709 4973 791 5039 8.,
820 4987 874 5027 ct
899 4993 1004 5028 non
1039 4973 1368 5031 habitabitur
1397 4977 1630 5046 amplius
1661 4978 1713 5028 iu
1739 4977 2039 5042 victoriam,
2068 4973 2175 5031 nec
2204 4976 2536 5046 habitabitur
2577 4976 2630 5028 in
2657 4989 2717 5028 ea
2761 4991 2936 5046 usque
2978 4977 3030 5027 in
3069 4975 3446 5044 generationes
3479 4984 3534 5026 et
3562 4991 3653 5043 ge—

398 5043 774 5118 nerationes,
835 5049 912 5118 _(r)
981 5047 1069 5113 A.,
1127 5046 1210 5114 8.,
1257 5043 1505 5118 scutum:
1608 5047 1675 5118 (ε)
1738 5047 1825 5110 Α.,
1892 5050 2146 5118 elatione.
2203 5043 2285 5118 8.,
2350 5045 2562 5118 ειοιήει.Δ
2611 5046 2718 5118 _(t_)
2763 5043 2863 5111 S.,’
2906 5043 3093 5118 super:
3132 5046 3509 5118 habitaculum
3554 5060 3656 5098 an-

399 5113 629 5186 tiquum.
711 5117 785 5186 (u)
834 5115 890 5169 In
957 5127 1120 5171 terra.
1197 5113 1315 5184 '(x)
1378 5117 1464 5183 A.,
1511 5113 1851 5172 inveheutur.
1908 5113 2457 5186 S.,deridebunteos
2494 5114 2705 5168 minimi
2749 5131 2996 5186 gregum.
3074 5114 3150 5185 (y)
3190 5116 3494 5186 tibaldzeos.
3579 5117 3652 5185 (ε)

398 5184 488 5250 Α,
519 5187 601 5252 8.,
633 5184 1002 5254 ventilatores,
1051 5198 1102 5241 et
1156 5190 1678 5255 ventilabunteatn.
1759 5186 1834 5256 (al
1885 5186 1972 5252 Α.,
2029 5197 2113 5256 et_
2147 5185 2798 5256 humcCIahuntterram
2828 5185 2968 5256 ejus,
3009 5184 3138 5254 quia
3206 5184 3428 5239 fuerunt
3490 5184 3654 5256 super

397 5273 516 5311 eam
575 5259 626 5311 in
681 5259 958 5329 circuitu.~
1010 5258 1086 5329 (ὁ)
1145 5258 1345 5327 Reliqui
1388 5279 1398 5311 :
1445 5254 1716 5329 devbtinni
1757 5254 1898 5329 (_late.
1979 5257 2048 5329 (c)
2082 5254 2168 5321 A.,
2230 5255 2699 5329 ittilitiam_ejtts._
2743 5255 2820 5323 (ά)
2889 5254 2978 5329 Α.,
3039 5257 3385 5329 inexitibus.
3469 5255 3649 5329 (e)A.,

400 5330 739 5382 militiarum.
819 5327 885 5398 (f)
924 5322 1453 5399 S.,‘tihniutesratis.
1533 5330 1602 5399 (g)
1631 5327 1720 5394 Α.,
1746 5325 1828 5394 8.,
1863 5329 1970 5399 _ulul

2091 5342 2254 5399 super
2274 5341 2358 5399 ea.
2436 5325 2514 5393 (lt)
2542 5323 2634 5399 Α.,
2661 5322 2756 5389 8.,
2779 5327 2972 5399 extulit
3002 5341 3078 5380 se.
3157 5327 3220 5395 (ἱ)
3250 5326 3327 5378 Ad
3353 5327 3654 5399 con_nive_n-

402 5400 529 5452 tiam
581 5393 876 5473 nubium."
919 5398 990 5468 (Ιί)
1026 5397 1114 5465 Α.,
1151 5399 1394 5473 _justi_t.ias
1426 5393 1661 5473 nostras.
1739 5399 1800 5473 (ι)
1837 5397 2072 5473 Α.,-8.,.
2115 5393 2372 5473 cogitatio
2408 5411 2529 5473 ejus
2567 5397 2656 5473 ad.
2689 5395 3020 5473 perdendum
3060 5393 3202 5473 eam.
3237 5466 3247 5473 _
3291 5399 3386 5462 tm)
3433 5394 3521 5472 4.,
3547 5393 3649 5473 ,8.,

405 5478 586 5523 tenete
613 5462 935 5524 Custodiam:
972 5462 979 5467 ’
1018 5462 1215 5537 (MAI,
1255 5468 1338 5536 8.,
1377 5469 1623 5533 insidias,
1669 5462 1796 5537 quia
1844 5469 2101 5537 cogitavit
2147 5466 2432 5537 Dominus.
2470 5464 2584 5537 _(o)
2623 5462 3047 5531 A.,.multitudo
3116 5467 3170 5519 in
3211 5466 3485 5537 thesauris
3507 5468 3648 5537 ejus.

403 5539 478 5608 ῳ)
517 5539 605 5604 Α.,
636 5537 719 5600 8.,
756 5540 993 5593 cubitus.
1022 5533 1103 5606 Sf,
1145 5533 1449 5594 decisi’tui.
1523 5542 1598 5608 (q)
1628 5533 1714 5602 Αἱ,
1755 5536 1837 5602 8.,
1883 5533 2026 5592 sicut
2061 5538 2312 5608 brucho.
2365 5533 2542 5604 (r)S.‘,
2569 5533 2648 5608 et
2681 5537 3099 5608 respondebunt
3143 5545 3387 5608 superkte
3442 5535 3648 5608 Hadad,

403 5602 602 5676 Hidlel.
661 5607 906 5662 Scholion
937 5625 953 5660 :
979 5623 1060 5664 est
1091 5602 1386 5676 cantilena,
1440 5619 1498 5662 ut
1521 5602 1734 5672 eorum,
1765 5609 1856 5675 qui
1895 5609 2104 5661 calcant.
2146 5602 2427 5660 torcular.
2480 5609 2551 5673 (δ)
2595 5602 2837 5673 Reliqui:
2894 5616 3133 5662 ventum.
3208 5602 3372 5676 (t)S.,
3423 5605 3649 5659 erroris.

407 5679 485 5746 tu)
519 5675 649 5732 Pars
671 5678 902 5734 Israelis.
979 5681 1058 5747 (ας)
1091 5677 1178 5746 Α.,
1206 5681 1470 5736 concutis.
1552 5682 1626 5749 (υ)
1659 5677 1745 5744 Α.,
1775 5689 1826 5731 ct
1855 5693 1970 5732 cont

2076 5693 2182 5732 nm.
2264 5677 2337 5747 (κ)
2365 5678 2403 5728 Α
2443 5685 2511 5728 tc.
