3782 6222
120 329 275 386 2589

1423 326 1742 384 JEREML‘E
1783 327 2012 384 CAPUT
2048 327 2135 382 LI.
3237 326 3379 381 2590

121 449 337 509 virum,
364 454 418 500 et
455 446 759 512 mulierem,
800 456 854 502 et
903 447 1212 519 dispergam
1249 449 1300 501 in
1343 457 1395 501 te
1441 462 1624 502 senem
1657 456 1710 500 et
1737 450 1787 508 Α
1813 446 1919 499 culi
1949 445 2002 498 in
2032 446 2403 501 habitaculum
2435 447 2512 514 (ιι)
2545 447 2868 508 draconum,
2897 444 2949 498 in
2971 442 3220 508 exitium,
3240 450 3294 496 et
3323 443 3378 498 iu

117 538 407 605 juvenem,
438 545 494 592 et
535 538 842 607 dispergam
884 540 940 594 in
983 549 1036 595 te
1079 541 1312 596 electum
1334 551 1390 593 et
1419 539 1707 610 virginem.

123 629 221 684 25.
261 638 317 683 et
339 629 644 700 dispergam
677 631 731 684 in
783 637 837 685 te
885 643 1182 701 pastorem,
1231 642 1283 687 et
1321 646 1535 702 gregem
1567 630 1709 700 ejus,

124 728 184 775 et
207 720 520 792 dispergam
563 723 616 776 in
647 731 700 777 te
757 723 1074 793 agricolam,
1107 725 1184 794 (a)
1225 733 1279 779 et
1318 724 1708 792 agriculturam

124 811 354 881 ejus,et
381 814 690 884 dispergam
727 816 784 868 in
814 823 868 870 te
893 815 1060 871 duces
1089 825 1144 870 et
1169 814 1479 885 prafectos.
1515 814 1610 868 24.
1643 813 1712 868 Et

126 905 434 959 retribuam
470 904 734 977 Babyloni
789 915 842 961 et
893 907 1296 963 habitatoribus
1322 907 1400 979 (b)
1442 906 1710 962 Chaldmis

128 997 322 1050 omnia
361 997 503 1050 mala
539 1011 750 1062 eorum,
792 1015 914 1070 quae
942 1000 1188 1056 fecerunt
1239 1001 1295 1055 in
1328 999 1494 1055 Sione
1522 1014 1707 1054 coram

127 1088 311 1144 oculis
368 1090 589 1156 vestris,
623 1091 756 1146 dicit
798 1091 1084 1148 Dominus.
1127 1092 1218 1147 25.
1250 1091 1391 1148 Ecce
1411 1107 1511 1162 ego
1533 1093 1601 1148 ad
1637 1101 1709 1157 te,

130 1190 376 1236 montem
414 1181 486 1252 (ε)
521 1195 838 1254 corruptum
866 1225 881 1251 ,
936 1185 1069 1240 dicit
1123 1185 1412 1251 Dominus,
1457 1200 1710 1240 corrum-

132 1284 354 1342 pentem
383 1291 600 1330 onmem
625 1287 847 1343 terram,
880 1287 933 1333 et
966 1278 1254 1333 extendam
1283 1293 1504 1333 manum
1533 1292 1710 1333 meam

132 1380 303 1443 super
335 1377 406 1431 te,
437 1375 492 1421 et
517 1368 798 1422 devolvam
839 1379 889 1422 te
928 1368 994 1424 de
1029 1371 1233 1439 petris,
1277 1377 1333 1424 et
1380 1370 1525 1425 dabo
1565 1378 1620 1425 te
1653 1378 1714 1424 ut

133 1468 376 1513 montem
407 1461 756 1516 combustum
779 1460 913 1516 :26.
941 1470 996 1516 et
1024 1477 1128 1517 non
1157 1463 1372 1532 capient
1400 1463 1467 1518 de
1505 1471 1557 1518 te
1578 1463 1714 1532 lapi-

133 1549 260 1603 dem
287 1549 346 1604 in
368 1553 652 1620 angulum,
683 1561 736 1606 et
764 1551 998 1622 lapidem
1033 1553 1089 1608 in
1123 1551 1560 1620 fundamentum,
1583 1555 1713 1624 quia

135 1641 217 1712 (d)
271 1641 326 1697 in
374 1643 602 1697 exitium
655 1643 708 1698 in
745 1654 1009 1700 aeternum
1054 1645 1201 1710 eris,
1240 1645 1376 1700 dicit
1419 1646 1710 1703 Dominus.

1812 539 2056 603 sibilum,
2086 556 2192 594 non
2231 540 2584 595 habitabitur.
2616 542 2705 596 58.
2727 540 2806 608 (τε)
2835 539 3007 595 Simul
3027 539 3166 594 sicut
3191 537 3381 596 leones

1809 629 2030 684 excitati
2059 640 2185 685 sunt
2209 630 2271 702 (')
2296 631 2436 686 servi
2465 647 2677 692 eorum.
2707 640 2762 686 et
2783 631 2926 686 sicut
2952 629 3118 685 catuli
3139 627 3378 683 leonum.

1810 721 1902 776 59.
1936 719 1994 775 ln
2019 723 2202 777 calore
2227 739 2415 778 eorum
2445 724 2586 778 dabo
2612 725 2680 792 >εί
2707 723 2783 793 (y)
2807 723 2942 791 τὸνζ
2978 731 3166 791 potum
3197 719 3300 784 eis,
3330 727 3386 774 et

1809 813 2091 869 inebriaho
2103 830 2221 878 eos,
2255 822 2316 869 ut
2344 815 2418 886 (τι)
2444 832 2502 870 re
2525 816 2682 884 quasi
2711 814 3045 884 cauponaria
3069 820 3382 884 graventur,

1808 912 1865 960 et
1892 906 2169 960 dormiant
2216 921 2474 962 somnum
2513 907 2925 977 sempiternum,
2974 913 3163 959 etnon
3197 918 3384 958 resur-

1807 1006 1958 1068 gant,
1987 998 2120 1053 dicit
2163 998 2446 1055 Dominus.
2474 999 2564 1054 40.
2597 998 2934 1055 Descendere
2967 995 3054 1052 fac
3092 1011 3210 1061 eos,
3245 996 3387 1050 sicut

1810 1104 1984 1160 agnos
2015 1090 2083 1145 ad
2111 1091 2520 1159 mactationem,
2549 1101 2603 1148 et
2626 1092 2770 1147 sicut
2796 1091 2996 1145 arietes
3029 1088 3105 1158 (a)
3131 1103 3255 1143 eum
3279 1087 3388 1142 hae-

1811 1179 1920 1236 dis.
1955 1180 2044 1234 41.
2072 1179 2360 1248 Quomodo
2391 1192 2550 1251 capta
2597 1184 2766 1249 estx
2815 1181 2974 1237 Sisac
2999 1179 3059 1248 ζ,
3087 1188 3141 1234 et
3162 1193 3257 1248 per
3291 1193 3386 1232 ve—

1811 1271 2092 1327 nationem
2124 1282 2390 1342 occupata
2413 1281 2497 1328 est
2519 1272 2778 1344 gloriatio
2815 1273 2994 1327 omnis
3020 1272 3217 1328 terrae?
3241 1270 3385 1337 Quo-

1813 1365 1976 1420 modo
2005 1364 2148 1420 faeta
2185 1373 2273 1420 est
2292 1365 2348 1418 in
2377 1364 2607 1420 exitium
2638 1364 2804 1420 Babel
2851 1365 2907 1418 in
2935 1363 3192 1419 omnibus
3213 1363 3390 1435 genti-

1811 1455 1948 1510 bus?
1969 1455 2058 1509 42.
2082 1456 2341 1511 Ascendit
2366 1471 2531 1526 super
2564 1455 2897 1528 Babylonem
2927 1471 3098 1520 mare,
3125 1455 3181 1508 in
3207 1454 3388 1510 sonitu

1814 1544 2078 1601 fluctuum
2112 1545 2232 1616 ejus
2299 1546 2515 1602 obtecta
2561 1554 2662 1601 est.
2714 1546 2808 1601 45.
2835 1544 3016 1601 Factae
3059 1554 3190 1601 sunt
3225 1545 3391 1599 urbes

1815 1635 1935 1706 ejus
1964 1639 2034 1705 Χ
2065 1636 2138 1708 (b)
2181 1637 2235 1691 in
2266 1637 2672 1706 corruptionem
2709 1637 2769 1706 ζ,
2809 1645 2950 1691 terra
2997 1637 3115 1691 sine
3137 1652 3305 1706 aqua,
3338 1644 3392 1690 et

130 1735 224 1788 27.
260 1733 454 1790 Tollite
482 1736 698 1806 signum
734 1752 898 1807 super
930 1746 1096 1804 terra,
1123 1737 1363 1809 clangite
1395 1739 1466 1811 (e)
1494 1741 1624 1795 tuba
1654 1741 1708 1794 in
1741 1789 1787 1811 ﬁ
1817 1742 1930 1781 ηοῐι
1959 1727 2187 1793 οδιωιει,
2217 1730 2286 1796 Χ
2308 1737 2453 1782 terra
2485 1727 2507 1796 ἶ
2533 1768 2548 1792 ν
2576 1743 2685 1798 qua
2710 1743 2818 1782 “0"
2854 1728 3119 1782 habilab“
3149 1728 3204 1782 in
3235 1743 3300 1783 ea
3321 1743 3393 1782 ηθ

134 1829 412 1897 gentibus,
455 1829 794 1885 sanctificate
843 1845 1008 1900 super
1043 1845 1165 1886 eam
1200 1841 1411 1903 gentes,
1447 1789 1627 1903 imper:

1897 1833 1958 1873 us
1987 1789 2298 1889 quidemeae
2325 1789 2782 1890 homo'i,.neque
2809 1821 3041 1874 divertet
3075 1821 3127 1873 in
3151 1820 3234 1875 eis
3249 1820 3390 1873 filius

131 1934 298 1989 super
319 1935 440 1974 eam
471 1935 634 1991 regna
671 1920 737 1992 (Γ)
769 1923 1003 1977 Ararath
1026 1938 1058 1978 a
1084 1939 1192 1989 me,
1223 1940 1256 1979 e
1281 1924 1357 1996 (g)
1392 1926 1706 1981 Canazaais:

132 2011 451 2066 constituite
486 2027 650 2081 super
681 2027 804 2067 eam
853 2016 1145 2070 stationem
1186 2016 1550 2086 jaculantium
1581 2019 1707 2083 tela,

140 2100 431 2156 ascendere
459 2099 625 2156 facite'
648 2117 712 2158 σι»-
747 2117 910 2172 super
935 2119 1056 2160 eam
1085 2106 1106 2175 ζ
1146 2120 1342 2175 equos,
1364 2106 1507 2162 sicut
1532 2108 1712 2164 multi-

137 2192 380 2246 tudinem
413 2192 490 2263 (It)
520 2195 880 2250 locustarum.
902 2195 993 2252 28.
1025 2195 1368 2254 Sanctificate
1395 2213 1561 2270 super
1588 2215 1710 2256 eam

134 2292 324 2350 gentes
350 2282 656 2348 Medorum,
684 2285 746 2354 (ί)
780 2285 1052 2355 principes
1081 2284 1222 2353 ejus,
1252 2294 1308 2342 et
1351 2301 1544 2343 omnes
1570 2303 1711 2358 pra:-

135 2373 307 2429 fectos
322 2373 461 2444 ejus,
487 2385 542 2430 et
564 2377 746 2431 omnis
762 2385 922 2432 teme
936 2377 1164 2439 dominii
1180 2377 1319 2448 ejus.
1349 2377 1438 2433 29.
1459 2378 1531 2450 (Ic)
1548 2378 1712 2434 Com-

137 2475 285 2521 mota
319 2475 402 2522 est
431 2477 596 2534 terra,
627 2478 683 2524 et
717 2470 907 2526 dolore
934 2470 1124 2526 affecta
1165 2479 1285 2539 est;
1316 2471 1446 2542 quia
1472 2473 1712 2529 surrexit

138 2577 304 2632 super
341 2559 673 2634 Babylonem
716 2561 976 2634 cogitatio
1020 2561 1260 2630 Domini,
1307 2565 1374 2619 ad
1402 2565 1710 2634 ponendum

140 2664 336 2709 terram
385 2653 682 2726 Babylonis
731 2657 784 2710 in
844 2657 1097 2723 exitium,
1135 2667 1190 2713 et
1217 2673 1330 2714 non
1357 2656 1708 2715 habitabitur.

134 2745 228 2800 50.
252 2744 459 2800 Defecit
489 2756 759 2816 pugnator
794 2747 1089 2819 Babylonis
1145 2765 1176 2802 a
1227 2749 1515 2806 bellando:
1558 2754 1712 2807 sede-

137 2839 275 2894 bunt
315 2839 370 2892 in
427 2839 701 2894 claustro:
757 2855 1019 2909 percussa
1057 2851 1143 2897 est
1192 2845 1435 2913 potentia
1486 2859 1709 2899 eorum:

131 2928 262 2985 facti
295 2939 442 2996 sunt,
468 2932 611 2986 sicut
637 2932 933 2989 mulieres:
966 2936 1255 2991 combusta
1294 2945 1424 2992 sunt
1457 2939 1712 2993 taberna-

132 3022 255 3074 cuia
272 3021 428 3091 ejus:
456 3026 703 3080 contrita:
723 3036 851 3080 sunt
877 3037 1057 3084 vestes
1083 3029 1224 3099 ejus.
1247 3030 1337 3084 51.
1369 3030 1712 3101 Persequens

1809 1910 2075 1966 hominis.
2099 1910 2190 1965 44.
2232 1910 2298 1966 Et
2326 1912 2560 1968 ulciscar
2585 1927 2750 1982 super
2787 1911 2880 1967 Bel
2923 1912 2976 1966 in
3024 1911 3315 1983 Babylone,
3338 1920 3394 1967 et

1810 2001 2030 2056 efferam
2058 2003 2130 2073 (ο)
2147 2019 2270 2074 quae
2285 2004 2562 2074 absorpsit
2581 2020 2648 2060 ex
2671 2020 2766 2060 ore
2789 2004 2929 2074 ejus,
2950 2013 3005 2060 et
3029 2020 3139 2060 non
3161 2004 3238 2074 (ά)
3262 2018 3393 2060 con-

1811 2095 2260 2164 gregabunturad
2278 2112 2398 2151 eam
2418 2097 2654 2166 amplius
2668 2104 2876 2167 gentes:
2895 2106 2948 2152 et
2961 2100 3031 2165 ὶι(
3047 2097 3264 2167 quidem
3280 2111 3394 2149 mu-

1811 2201 1907 2240 rus
1925 2184 2222 2257 Babylonis
2242 2187 2420 2242 cadet.
2440 2187 2530 2244 45.
2555 2186 2712 2242 Exite
2735 2203 2766 2243 e
2800 2187 2979 2242 medio
3011 2188 3154 2257 ejus,
3195 2187 3395 2257 popule

1810 2277 1910 2343 mi,
1927 2287 1981 2332 ct
1997 2278 2205 2334 salvate
2222 2281 2602 2350 unusquisque
2617 2280 2857 2334 animam
2876 2295 3031 2335 suam
3050 2295 3080 2334 a
3097 2279 3282 2335 furore
3301 2281 3396 2334 ire

1811 2369 2222 2437 Domini,46.ne
2237 2371 2375 2427 forte
2393 2379 2775 2427 eonsternetur
2793 2386 2888 2426 cor
2901 2381 3161 2437 vestrum,
3174 2379 3230 2427 et
3240 2371 3396 2427 timo-

1812 2467 1920 2522 atis
1941 2465 2014 2520 ob
2029 2466 2392 2535 famam,quae
2409 2464 2734 2520 audieturin
2773 2472 3028 2521 terrazet
3055 2465 3396 2537 ingredietur
3458 2527 3463 2532 _

1813 2557 1868 2612 in
1885 2573 2030 2612 anno
2045 2557 2272 2627 fama,et
2287 2565 2408 2629 post
2421 2571 2625 2614 annum
2639 2556 2783 2614 fama
2793 2559 2888 2625 ,eti
2899 2558 3143 2628 njustitia
3158 2559 3212 2612 in
3229 2567 3393 2623 terra,

1813 2652 2150 2724 (ejpatabola
2185 2669 2350 2724 super
2380 2653 2718 2723 parabolam.
2761 2653 2853 2707 47.
2878 2652 3107 2723 Propter
3139 2652 3245 2707 hoc
3268 2666 3397 2707 ecce

1815 2743 1937 2800 dies
1969 2745 2217 2810 veniunt,
2250 2747 2319 2814 Χ
2347 2745 2480 2800 dicit
2518 2744 2780 2799 Dominus
2812 2743 2835 2814 ζ
2861 2784 2876 2810 ,
2905 2756 2962 2799 et
2981 2744 3214 2799 visitabo
3233 2759 3398 2814 super

1812 2836 2086 2905 scnlptilia
2129 2837 2470 2908 Babylonis:
2518 2844 2573 2892 et
2616 2836 2800 2893 omnis
2843 2844 2987 2892 terra
3031 2837 3152 2905 ejus
3188 2835 3399 2906 pudore

1812 2926 2094 2996 afﬁcietur,
2117 2938 2172 2984 et
2197 2944 2391 2985 omnes
2413 2929 2581 2986 occisi
2605 2929 2727 3000 ejus
2755 2929 2954 2985 cadent
2983 2929 3035 2983 in
3063 2929 3395 2999 medioejus.

1811 3020 1904 3075 48.
1924 3020 1990 3075 Et
2006 3021 2072 3093 (τ’)
2091 3023 2422 3077 laetabuntur
2452 3037 2618 3092 super
2643 3020 2975 3095 Babylonem
2993 3021 3117 3077 caeli
3144 3030 3200 3076 et
3231 3031 3397 3087 terra,

131 3114 188 3166 in
225 3125 515 3167 occursum
565 3115 946 3184 persequentis
991 3126 1373 3188 persequetur,
1411 3127 1468 3174 et
1498 3135 1712 3174 annun—
1738 3136 1782 3196 (ς
1814 3121 1872 3167 ει
1893 3115 2098 3180 omnia,
2124 3129 2249 3184 quae
2289 3115 2346 3170 in
2373 3116 2455 3171 eis
2478 3132 2494 3183 ;
2519 3116 2646 3186 quia
2697 3131 2730 3170 a
2779 3116 3150 3185 septentrione
3180 3115 3401 3170 venient

133 3204 281 3257 tians
315 3203 370 3256 in
429 3217 720 3260 occursum
759 3207 1102 3262 annuntiatis
1154 3209 1224 3263 ad
1269 3210 1710 3265 annuntiandum

133 3295 248 3363 regi
268 3293 581 3365 Babylonis,
604 3297 748 3366 quod
779 3297 1070 3368 subjugata
1098 3300 1170 3354 sit
1201 3301 1336 3356 urbs
1366 3302 1507 3373 ejus,
1533 3302 1622 3357 52.
1645 3303 1716 3357 ab

131 3395 382 3442 extremo
413 3385 477 3457 (ι)
503 3387 829 3443 transituum
856 3388 977 3457 ejus
1005 3388 1148 3458 capti
1181 3388 1312 3454 sint,
1339 3397 1394 3444 et
1417 3405 1715 3459 congrega-

135 3478 317 3532 tiones
345 3492 536 3532 eorum
568 3477 929 3533 incendantur
955 3476 1011 3532 in
1045 3479 1190 3548 igne,
1214 3486 1269 3533 et
1287 3478 1390 3532 viri
1410 3478 1532 3548 ejus
1553 3479 1714 3534 bella-

131 3578 287 3624 tores
318 3568 414 3640 (m)
439 3568 808 3638 egrediantur.
845 3569 934 3624 55.
969 3567 1109 3637 Quia
1141 3569 1256 3625 hac
1286 3568 1422 3625 dicit
1446 3568 1713 3626 Dominus

133 3663 402 3716 virtutum
442 3659 582 3715 Deus
611 3661 826 3716 lsraelis
858 3679 872 3716 :
911 3659 988 3734 (ιι)
1018 3661 1222 3717 Domus
1245 3660 1534 3733 Babylonis
1573 3662 1717 3718 sicut

133 3767 266 3807 area
298 3751 373 3822 (ο)
402 3751 622 3822 pinguis
646 3751 1078 3807 triturabuntur:
1103 3752 1284 3808 adhuc
1303 3768 1521 3824 parum,
1546 3761 1602 3809 et
1629 3769 1717 3810 ve-

134 3847 252 3900 niet
271 3847 348 3915 (p)
387 3845 581 3900 messis
603 3844 744 3914 ejus.
772 3844 862 3900 54.
897 3844 1148 3900 Comedit
1181 3861 1289 3912 me,
1319 3859 1384 3903 οι-
1409 3847 1717 3918 apprehen-

134 3939 219 3994 dit
251 3954 336 3993 me
365 3938 387 4006 ζ
414 3938 511 4008 (q),
551 3938 622 4008 (τ)
665 3936 854 3992 divisit
893 3952 982 3992 me
1019 3955 1034 3991 :
1066 3935 1571 3994 Nabuchodonosor
1617 3955 1715 3996 rex

134 4032 431 4103 Babylonis
469 4032 750 4087 constituit
790 4047 877 4087 me
925 4031 1069 4086 sicut
1100 4045 1198 4087 vas
1240 4046 1498 4099 vacuum,
1529 4032 1717 4103 deglu-

138 4125 263 4179 tivit
289 4139 394 4188 me,
427 4125 571 4180 sicut
599 4125 784 4188 draco,
809 4123 1052 4194 implevit
1095 4132 1341 4180 ventrem
1388 4138 1550 4181 suum
1577 4124 1716 4180 deli-

137 4216 246 4271 ciis
280 4217 451 4271 meis:
488 4216 581 4270 55.
616 4215 942 4286 expulerunt
988 4229 1078 4270 me
1127 4215 1343 4272 labores
1387 4217 1495 4271 mei
1539 4225 1594 4272 et
1642 4217 1714 4287 (a)

136 4307 482 4362 calamitates
538 4322 672 4362 mea:
727 4307 782 4360 in
832 4306 1186 4378 Babylonem,
1234 4307 1368 4364 dicit
1421 4308 1716 4364 babitatrix

139 4397 366 4453 Sionis:
414 4407 468 4452 et
513 4398 738 4469 sanguis
775 4413 931 4454 meus
971 4413 1139 4469 super
1176 4399 1508 4456 habitatores
1556 4399 1717 4456 Chal-

1815 3203 1885 3258 ad
1921 3219 2043 3258 eam
2078 3205 2155 3276 (g)
2177 3216 2457 3272 vexantes,
2486 3207 2620 3262 dicit
2645 3205 2954 3262 Dominus:
2989 3216 3044 3261 et
3088 3207 3312 3277 quidem
3342 3206 3400 3262 in

1815 3293 2092 3366 Babylone
2113 3295 2182 3350 ad
2199 3296 2504 3352 cadendum
2517 3297 2734 3352 occisos
2749 3297 2968 3352 Israelis
2993 3297 3041 3364 ζ,
3058 3297 3128 3351 49
3153 3297 3320 3352 etiam
3344 3297 3400 3351 in

1813 3385 2089 3457 Babylone
2117 3387 2314 3442 cadent
2340 3389 2506 3443 occisi
2543 3388 2723 3444 omnis
2763 3399 2943 3443 terrae.
2969 3389 3059 3442 50.
3091 3388 3242 3443 Salvi
3264 3404 3294 3443 a
3319 3389 3398 3459 (Ιι)

1813 3479 2016 3550 gladio,
2059 3479 2156 3546 ite,
2192 3489 2340 3534 etne
2377 3480 2737 3536 eonsistatis:
2779 3481 3173 3546 recordamini,
3211 3481 3306 3551 qui
3333 3481 3402 3534 de

1813 3569 2134 3641 longinquo,
2164 3569 2385 3626 Domini
2423 3589 2438 3624 :
2480 3581 2534 3628 et
2578 3571 2884 3629 Jerusalem
2935 3574 3195 3629 ascendat
3236 3588 3402 3644 super

1815 3675 1912 3715 cor
1936 3671 2204 3717 vestrum.
2249 3663 2340 3718 51.
2375 3661 2740 3731 Erubuimus,
2793 3665 2922 3736 quia
2967 3666 3278 3721 audivimus
3307 3681 3402 3736 op-

1812 3754 2098 3826 probrium
2153 3755 2677 3812 nostrummbtexit
2729 3756 3029 3826 ignominia
3065 3754 3260 3811 faciem
3303 3772 3404 3811 no-

1816 3855 2029 3914 stram;
2097 3847 2228 3917 quia
2279 3846 2556 3902 intrarunt
2616 3847 2931 3918 alienigenae
2971 3849 3028 3902 in
3091 3848 3403 3904 sanctuaria

1814 3947 2030 4005 nostra,
2066 3938 2123 3994 in
2161 3938 2386 3994 domum
2440 3937 2683 3994 Domini.
2707 3940 2797 3995 52.
2843 3938 3076 4010 Propter
3119 3941 3224 3996 hoc
3274 3955 3405 3995 ecce

1816 4029 1932 4085 dies
1962 4030 2210 4098 veniunt,
2241 4031 2376 4088 dicit
2405 4028 2694 4096 Dominus,
2729 4042 2783 4088 et
2811 4032 3050 4087 ulciscar
3077 4047 3240 4098 super
3254 4031 3405 4087 sculn-

1815 4123 1968 4192 ptilia
1990 4123 2131 4194 ejus,
2187 4135 2242 4180 et
2281 4125 2338 4180 in
2367 4125 2518 4180 omni
2551 4133 2694 4180 terra
2722 4124 2843 4195 ejus
2888 4124 2952 4194 (ξ)
2985 4126 3182 4179 cadent
3211 4123 3403 4179 occisi.

1827 4217 1918 4273 55.
1956 4215 2092 4284 Quia
2125 4217 2174 4273 si
2215 4218 2528 4274 ascenderit
2580 4217 2768 4285 Babel,
2831 4220 2976 4274 sicut
3025 4218 3248 4283 cmlum,
3271 4224 3326 4272 et
3359 4217 3406 4271 si

1818 4308 2120 4363 muniverit
2143 4309 2419 4364 excelsum
2450 4309 2788 4366 fortitudinis
2818 4324 2966 4377 suae;
3013 4323 3044 4363 a
3071 4324 3156 4365 me
3185 4309 3409 4364 venient

1817 4399 1867 4454 ei
1900 4399 2190 4464 deletores,
2235 4401 2372 4456 dicit
2420 4400 2710 4458 Dominus.
2757 4403 2848 4458 54.
2897 4400 3014 4457 Vox
3066 4402 3324 4458 clamoris
3349 4401 3404 4455 in

135 4493 311 4555 dacos,
341 4490 475 4545 dicit
534 4489 860 4546 Jerusalem.
891 4491 981 4547 56.
1030 4490 1260 4562 Propter
1299 4493 1406 4548 hoc
1433 4493 1550 4548 haec
1587 4494 1721 4548 dicit
1749 4487 1796 4544 D
1823 4489 2120 4562 Babylone,
2146 4503 2201 4547 et
2221 4493 2526 4550 confractio
2547 4509 2744 4564 magna
2762 4495 2814 4550 in
2839 4504 2983 4551 terra
3005 4494 3404 4559 Chaldaeorum;

137 4582 408 4636 Dominus
435 4600 448 4636 :
481 4581 620 4638 Ecce
639 4599 741 4654 ego
769 4584 1027 4652 judicabo
1050 4585 1114 4656 (ι)
1149 4584 1520 4640 adversariam
1542 4594 1714 4652 tuam,

136 4683 200 4729 et
224 4674 461 4748 ulciscar
483 4674 743 4730 ultionem
794 4684 966 4743 tuam,
1007 4684 1063 4732 et
1091 4676 1354 4733 desolabo
1394 4691 1545 4732 mare
1573 4678 1714 4748 ejus,

134 4776 198 4818 et
223 4765 518 4821 arefaciam
550 4766 755 4822 fontem
779 4769 900 4838 ejus
930 4787 944 4824 :
995 4769 1084 4824 57.
1117 4777 1173 4826 et
1211 4769 1317 4824 erit
1358 4769 1522 4826 Babel
1550 4769 1718 4826 fonti-

215 4922 292 4992 (α)
320 4922 408 5004 ᾼ.,
435 4921 518 4990 8.,
539 4932 594 5008 et
617 4923 808 5050 jugum
831 4924 970 4994 ejus.
1012 4925 1089 4998 (ὁ)
1109 4927 1197 4996 A.,
1221 4926 1305 4995 8.,
1335 4924 1620 5008 Chaldaeae.

136 4995 256 5050 lum
273 5009 400 5047 ens.
438 4994 506 5064 (e)
543 4993 631 5060 A.,
716 5036 750 5059 .,
785 5010 838 5047 tn
871 5011 1062 5050 cornu.
1107 4999 1173 5064 (Γ)
1197 4996 1285 5064 Α.,
1319 4998 1532 5064 Ararat,
1556 4995 1620 5052 M1

1823 4585 1917 4641 55.
1953 4585 2085 4656 quia
2111 4585 2312 4641 delevit
2341 4585 2611 4643 Dominus
2635 4588 2985 4661 Babylonem,
3007 4595 3061 4641 et
3083 4585 3320 4657 perdidit
3340 4600 3406 4640 ex

1823 4693 1886 4736 ea
1921 4694 2112 4736 vocem
2145 4695 2400 4751 magnam
2433 4680 2855 4736 tumultuantem
2881 4681 2949 4747 x
2972 4676 3172 4733 ﬂuctus
3199 4677 3319 4748 ejus
3343 4680 3366 4749 ζ
3391 4718 3406 4742 ,

1829 4773 1974 4828 sicut
2002 4786 2158 4843 aquae
2195 4772 2404 4838 multm,
2465 4773 2730 4829 dederunt
2752 4771 2824 4844 (It)
2857 4772 3185 4829 deletionem
3215 4788 3406 4829 vocem

1675 4925 1746 4998 (ο)
1771 4927 1859 4995 Α.,
1901 4936 2300 4998 corruptorem.
2353 4926 2433 4997 (ά)
2463 4927 2554 4995 Α.,
2576 4926 2656 4996 8.,
2699 4927 2755 4983 in
2777 4928 2967 4994 exitia,
2993 4941 3115 4998 quae
3146 4927 3162 4983 i

1915 4936 2300 4998 :orruptorem.
2353 4926 2433 4997 (ά)
2463 4927 2554 4995 Α.,
2576 4926 2656 4996 8.,
2699 4927 2755 4983 in
2777 4928 2967 4994 exitia,
2993 4941 3115 4998 quae
3146 4927 3200 4983 in
3231 4943 3408 4984 saecu-

785 4995 838 5047 in
871 4995 1079 5050 cornu;
1107 4999 1173 5068 (Γ)
1197 4996 1285 5065 Α.,
1319 4998 1532 5070 Ararat,
1556 4995 1746 5065 Minui,
1765 5007 1821 5053 et
1839 4995 2194 5054 Aschchénaz
2228 5018 2242 5053 :
2268 4995 2526 5070 praeﬁcite
2558 4995 2720 5069 super
2740 5014 2884 5055 eam.
2927 4995 3295 5070 (g)"faphsar.
3323 4999 3408 5062 8.,

136 5075 368 5150 electos.
399 5059 998 5150 (h')'_A_._,S._,_bruchum_._
1036 5079 1095 5148 (ἱ)
1114 5059 1412 5146 ’Ᾰηῠῆωκὸ
1424 5059 1528 5131 vos
1550 5076 1623 5131 mi

1942 5079 2193 5150 quam,sj
2211 5059 2409 5150 placet,
2437 5059 2686 5150 conferas
2705 5092 2828 5134 cum
2844 5059 3008 5144 mea“),
3035 5059 3236 5144 Λὼτός,
3265 5059 3410 5150 apud

139 5145 464 5197 Castellum.
496 5143 751 5215 [Liquida
793 5153 940 5215 patet
966 5143 1162 5218 Syrum
1197 5143 1491 5203 librarium
1528 5143 1791 5204 mendose
1846 5143 2133 5220 scripsisse
2157 5143 2310 5220 syris
2343 5143 2630 5205 elementis
2653 5148 2900 5206 Grtecum
2939 5151 3150 5220 Aquila:
3180 5143 3408 5205 verbum

140 5223 410 5304 ἀριστεῖς,
427 5214 724 5304 optimates.
747 5214 810 5304 in
833 5234 978 5280 textu
1008 5214 1177 5297 igitur
1201 5227 1406 5304 codicis
1425 5228 1599 5282 nostri
1629 5243 1849 5295 repone,
1874 5214 2164 5304 pﬁn—an'q,
2187 5214 2242 5284 et
2261 5230 2444 5284 omnia
2479 5230 2648 5300 probe
2676 5214 3042 5304 quadrabunt.
3065 5228 3408 5304 puemjsg

141 5291 595 5374 commotionem.
637 5291 830 5374 (k)_S._,
885 5305 940 5350 et
975 5291 1360 5374 contrem‘iscet
1400 5307 1566 5374 terra,
1601 5307 1656 5374 et
1685 5291 1969 5374 parturiet.
2012 5298 2074 5369 (Ι)
2106 5291 2194 5374 AL,
2225 5311 2282 5354 et
2317 5291 2582 5374 transitus
2612 5291 2863 5372 occupati
2890 5303 3025 5374 sint.
3053 5300 3136 5374 S_.,
3160 5291 3408 5374 palu'des.

143 5363 250 5434 (nt)
279 5361 368 5439 A_.,
403 5361 488 5439 8.,
511 5361 826 5439 perturbati
854 5376 1008 5439 sunt.
1086 5367 1165 5439 (η)
1195 5366 1286 5439 A.,
1315 5367 1398 5435 8.,
1430 5361 1561 5423 ﬁlia.

1639 5367 1713 5440 (of)
1754 5367 1842 5434 Α.,
1886 5367 2100 5438 tempus
2128 5373 2197 5425 ad
2248 5371 2570 5426 calcandum
2615 5367 2757 5427 eam.

2833 5373 2929 5444 (p),
2949 5372 3038 5444 Α.,
3071 5369 3178 5439 8,
3195 5382 3410 5442 tempus

155 5433 426 5526 messis.ﬂ
453 5433 674 5526 (qu‘An
725 5435 892 5526 erosit
929 5453 1050 5526 ‘me.
1095 5433 1201 5509 '(r)
1244 5433 2134 5526 Si_cut_teneb[at'subtiles.1(5).
2154 5440 2624 5526 A.,“earoh_r¥nea.
2702 5443 2768 5526 (ι)
2792 5433 3183 5526 gymnasii.
3226 5433 3406 5526 tuum.

145 5505 231 5570 (a)
255 5500 353 5585 βπ,
385 5500 760 5585 S.,Sirenum:
805 5510 882 5577 (π)
911 5507 1000 5576 Α.,
1032 5525 1091 5566 se
1118 5500 1335 5585 acuent,
1358 5518 1431 5585 _ut
1466 5510 1638 5585 catuli

1918 5500 2241 5585 serviejus.’
2261 5511 2326 5581 (‘)
2355 5500 3026 5585 τπγιιτμπδεῌεωὶῖιαιῖςῖωιι,
3061 5529 3164 5585 pro
3183 5521 3411 5585 mmor:

142 5573 413 5652 excitatus
437 5585 536 5642 est,
564 5573 1049 5652 legendu‘t'nppto.
1117 5580 1191 5652 (y)
1232 5573 1599 5648 A.,'ﬂumina.
1638 5573 1864 5652 '_(_a)'._S.,
1905 5573 2317 5652 debilitérttut'.’
2359 5573 2818 5652 (a)iA.,S.,cum
2850 5573 3056 5652 pilosis.

143 5586 413 5628 excitatus
437 5586 536 5642 est,
564 5586 848 5646 legendum
882 5590 1036 5648 puto.
1117 5586 1191 5652 (y)
1232 5586 1322 5648 Α.,
1352 5586 1599 5635 ﬂumina.

143 5646 592 5700 contemtionem.
669 5651 741 5718 (ο)
774 5647 862 5715 Α.,
894 5646 979 5716 8.,
1005 5651 1410 5721 absorptionem
1429 5652 1571 5720 ejus.

144 5724 266 5765 star
292 5713 526 5775 ﬂuminis
559 5730 890 5773 concurrent.
969 5720 1041 5775 (el
1077 5719 1166 5775 Α..
1190 5723 1498 5775 dominator
1529 5736 1636 5775 sun

1918 5586 2280 5637 iebilitentur.
2359 5586 2436 5652 (a)
2482 5586 2572 5649 A.,
2595 5586 2818 5650 S.,cum
2850 5586 3056 5652 pilosis.
3238 5586 3411 5666 A.,.in

1918 5650 2176 5707 onﬂuent.
2207 5649 2290 5717 8.,
2318 5651 2590 5775 Xroﬂuet.
2635 5653 3102 5709 ΠΟΤΑΜΩΘΗΣΟ
3200 5654 3293 5720 ΔΙ,
3331 5671 3411 5709 ut-

1918 5731 2141 5775 llorem.
2220 5722 2290 5775 (fl
2371 5763 2409 5775 ..
2442 5734 2662 5775 canent.
2741 5724 2816 5775 {nl
2849 5724 2938 5775 Δ.-
2963 5727 3206 5775 nrmdam
3243 5739 3411 5775 naen-

144 5724 266 5765 star
291 5713 526 5792 ﬂuminis
559 5713 890 5792 concurrent.
963 5713 1041 5792 '(e)
1077 5713 1692 5792 A.,'dominat6rgsuper
1710 5713 2141 5792 dominatorem.
2220 5713 2290 5790 (fl
2318 5713 2384 5778 Ᾱ.

149 5794 252 5838 tes.
332 5785 408 5856 (lt)
437 5785 626 5841 Terra.
702 5788 763 5861 (ξ)
823 5789 911 5856 Α.,
979 5785 1161 5862 gemet
1193 5791 1325 5849 dum
1379 5785 1665 5850 occiditur.
1746 5791 1821 5864 (lt)
1849 5790 2052 5862 A.,S.,

3289 5624 3326 5651 .,
3357 5585 3412 5638 itt

2101 5737 2141 5777 ι.
2220 5724 2290 5790 (Ῑ)
2318 5724 2409 5788 A.,
2442 5734 2662 5780 canent.
2741 5724 2816 5797 (g)
2849 5724 2940 5793 Δ.,
2963 5727 3206 5799 praedam
3243 5739 3412 5799 agen-

2101 5795 2388 5848 tumultus.
2420 5793 2538 5849 ΤΙι..
2567 5795 2747 5849 elatio.
