3834 6224
445 331 582 388 2391

1623 319 1850 378 CODEX
1891 319 2566 378 SYRO-HEXAPLARIS.

3532 352 3539 359 -
3552 327 3694 382 3392

445 449 586 518 ejus.
619 445 706 500 56.
738 443 876 510 Quia
914 442 1065 497 venit
1093 455 1257 511 super
1293 439 1618 510 Babylonem
1654 440 1717 509 (ι)
1762 441 2020 495 miseria:
2053 449 2097 505 Α
2128 442 2269 497 inter
2317 458 2534 496 murum
2581 450 2634 495 et
2668 442 3019 508 antemurale,
3062 441 3208 513 quod
3235 452 3352 496 erat
3385 442 3690 499 adhortum

442 539 591 610 capti
640 545 770 594 sunt
811 543 1144 608 pugnatores
1177 535 1318 604 ejus,
1363 533 1548 588 tremit
1597 549 1760 588 arcus
1787 548 2018 596 eorum;

442 633 542 705 (m)
573 632 701 702 quia
734 631 877 684 Deus
915 626 1192 683 retribuit.
1230 627 1320 682 57.
1356 624 1624 680 Dominus
1672 626 1928 680 retribuet
1968 625 2020 680 ei

441 723 858 780 retributionem
902 759 918 782 ,
979 727 1032 773 et
1076 715 1368 773 inebriabit
1428 717 1692 772 ebrietate
1747 717 2020 787 sapientes

440 816 582 885 ejus,
609 813 686 884 (η)
735 820 788 866 et
842 811 1009 865 duces
1063 809 1314 878 ejus,)t(
1354 817 1407 863 et
1431 816 1668 864 rectores
1720 808 1919 877 ejus:,
1965 818 2021 864 et

425 893 726 977 'prrel'ectos
751 902 894 972 ejus,
921 910 977 956 et
1014 900 1181 955 fortes
1201 899 1344 968 ejus,
1367 903 1441 967 Χ·
1455 909 1510 955 et
1555 899 1831 955 dormient
1866 915 2018 954 som-

438 1014 569 1054 num
597 997 1012 1066 sempiternum,
1043 1001 1098 1048 et
1126 1008 1234 1047 non
1257 993 1641 1048 excitabuntur
1674 991 1735 1060 ζ,
1770 992 1904 1046 dicit
1922 1007 2018 1047 rex

435 1090 722 1155 Dominus,
751 1088 1096 1157 omnipotens
1129 1100 1324 1140 nomen
1347 1086 1419 1140 ei.
1451 1083 1544 1140 58.
1591 1082 1719 1139 Haec
1745 1084 1883 1139 dixit
1910 1083 2017 1164 Do-

436 1183 621 1237 minus
647 1199 660 1238 :
685 1179 875 1235 Murus
907 1178 1198 1250 Babylonis
1231 1178 1304 1249 (ο)
1327 1178 1586 1232 dilatatus
1613 1186 1715 1242 est,
1750 1177 2015 1232 diruendo

434 1276 704 1339 diruetur,
734 1282 788 1328 et
819 1281 989 1342 portae
1023 1271 1144 1341 ejus
1199 1270 1431 1325 excelsa:
1481 1271 1549 1338 )t(
1582 1269 1636 1324 in
1666 1271 1788 1339 igne
1815 1269 1836 1337 ζ
1868 1285 2016 1324 com-

434 1365 739 1420 burentur:
779 1371 834 1416 et
893 1360 1224 1414 laborabunt
1275 1359 1462 1429 populi
1501 1359 1577 1428 (p)
1633 1359 1685 1412 in
1715 1367 2014 1422 vanum,et

433 1465 621 1527 gentes
664 1455 718 1508 in
758 1452 1026 1524 principio
1083 1451 1358 1507 deﬁcient.
1409 1451 1502 1505 59.
1563 1449 1827 1516 Verbum,
1865 1451 2012 1521 quod

431 1545 689 1616 praacepit
720 1558 782 1600 +
809 1542 1073 1598 Dominus
1099 1543 1122 1612 ζ
1157 1541 1406 1597 Jeremia:
1451 1542 1750 1612 prophetae,
1781 1551 1841 1597 ut
1864 1543 2013 1598 dice-

428 1647 516 1694 ret
538 1636 732 1692 Sarmas
762 1635 873 1690 tilio
929 1633 1104 1689 Neria;
1129 1634 1239 1688 {ilio
1254 1633 1490 1698 Maasite,
1516 1649 1640 1687 cum
1681 1635 1856 1688 abiret
1882 1635 1955 1706 (q)
1979 1650 2010 1689 a

430 1727 654 1785 Sedecia
703 1741 828 1798 rege
859 1726 1014 1781 Juda:
1045 1727 1100 1780 in
1153 1724 1483 1798 Babylonem
1541 1726 1595 1779 in
1626 1741 1774 1780 anno
1813 1736 2010 1796 quarto

427 1822 579 1891 regni
605 1820 762 1890 ejus:
792 1827 846 1873 et
878 1818 1063 1874 Saraaa
1089 1817 1343 1888 princeps
1371 1817 1442 1888 (r)
1490 1815 1784 1874 donorum.
1821 1818 1909 1872 60.
1938 1817 2006 1874 Et
2036 1801 2080 1861 Β
2109 1816 2252 1886 regis
2299 1814 2590 1887 Babylonis
2635 1819 2658 1888 ζ
2703 1858 2718 1882 ,

425 1912 646 1982 scripsit
676 1909 908 1966 Jeremia
959 1910 1145 1965 omnia
1197 1909 1361 1973 mala,
1415 1925 1537 1977 quae
1567 1909 1785 1963 venient
1843 1924 2008 1978 super

425 2005 777 2074 Babylonem,
813 2004 866 2058 in
893 2003 1034 2057 libro
1076 2016 1206 2067 uno,
1242 2000 1424 2055 omnia
1455 2000 1616 2055 verba
1646 1999 1760 2054 haec
1806 2002 2005 2068 scripta

424 2111 590 2166 super
617 2095 972 2164 Babylonem.
999 2093 1089 2148 61.
1118 2092 1184 2146 Ει
1207 2092 1345 2148 dixit
1367 2092 1603 2148 Jeremia
1631 2094 1697 2147 ad
1723 2091 1963 2148 Sarmam
1988 2112 2003 2148 :

428 2187 568 2242 Cum
598 2187 818 2242 veneris
867 2187 920 2240 in
953 2186 1306 2256 Babylonem,
1363 2195 1418 2240 et
1465 2184 1688 2249 videris,
1720 2195 1774 2239 et
1810 2186 2006 2254 legeris

423 2280 608 2335 omnia
638 2280 804 2336 verba
834 2282 966 2344 haec,
1006 2280 1094 2334 63.
1122 2289 1176 2333 et
1197 2279 1348 2333 dices
1383 2294 1396 2329 :
1430 2277 1678 2344 Domine,
1704 2287 1760 2332 tu
1789 2278 2004 2333 locutus

421 2387 485 2427 es
511 2385 677 2442 super
699 2371 876 2426 locum
908 2371 1072 2434 hunc,
1124 2369 1190 2424 ad
1235 2368 1524 2423 delendum
1547 2383 1694 2433 eum,
1719 2379 1774 2424 et
1802 2376 1862 2424 ut
1895 2385 2001 2424 non

422 2465 495 2520 sit
518 2465 574 2520 in
601 2479 668 2520 eo
691 2465 949 2520 habitans
994 2463 1062 2517 ab
1110 2463 1334 2518 homine
1361 2477 1538 2532 usque
1562 2461 1630 2516 ad
1655 2461 2000 2531 jumentum;

417 2557 552 2626 quia
581 2557 806 2611 exitium
833 2557 888 2611 in
919 2557 1181 2611 saculum
1203 2553 1327 2610 erit.
1347 2553 1440 2610 65.
1480 2551 1548 2608 Et
1574 2553 1700 2621 erit,
1730 2568 1857 2608 cum
1886 2569 2004 2609 ces-

420 2648 630 2705 saveris
662 2648 842 2718 legere
894 2648 1096 2703 librum
1137 2648 1304 2712 hunc,
1339 2655 1394 2702 et
1446 2645 1642 2716 ligabis
1689 2660 1854 2715 super
1875 2661 2000 2700 eum

419 2741 675 2811 lapidem,
717 2749 773 2796 et
823 2740 1080 2811 projicies
1131 2754 1256 2794 eum
1289 2739 1342 2793 in
1377 2738 1616 2794 medium
1679 2736 1998 2808 Euphratis,

417 2834 509 2889 64.
533 2842 588 2888 et
613 2832 766 2888 dices
792 2851 808 2887 :
843 2830 936 2888 Sic
965 2833 1346 2903 submergetur
1370 2830 1554 2895 Babel,
1580 2838 1635 2885 et
1671 2845 1779 2884 non
1815 2844 2001 2886 resur-

413 2933 507 2994 get
537 2923 607 2978 ab
641 2931 768 2978 ante
799 2921 994 2977 faciem
1019 2921 1312 2986 malorum,
1338 2935 1460 2990 quae
1483 2934 1585 2991 ego
1611 2919 1812 2975 induco
1838 2934 2002 2990 super

412 3031 562 3070 eam.
583 3017 652 3084 Ἀ(
683 3013 823 3086 (s)Et
852 3022 1125 3070 steterunt
1161 3014 1446 3082 hucusque
1468 3012 1631 3066 verba
1668 3010 1916 3067 Jeremia:
1949 3013 1996 3081 ζ.

487 3107 622 3179 Cap.
656 3106 772 3162 ιη.
801 3137 874 3148 -ς
893 3107 946 3161 1.
976 3105 1113 3160 Cum
1141 3113 1290 3195 esset,
1305 3113 1478 3195 natus
1505 3103 1707 3195 viginti
1723 3111 1779 3158 et
1825 3119 1993 3195 unum
2022 3137 2064 3195 ο

418 3214 623 3254 annum
651 3196 902 3261 Sedecia,
941 3211 1168 3266 regnum
1207 3193 1362 3259 adiit,
1417 3200 1474 3248 et
1516 3192 1768 3248 undecim
1835 3192 1996 3248 annis

417 3292 665 3360 regnavit
693 3290 748 3344 in
773 3287 1075 3344 Jerusalem
1113 3304 1128 3341 :
1160 3295 1216 3341 et
1266 3299 1484 3340 nomem
1529 3284 1691 3338 matri
1730 3283 1850 3354 ejus
1885 3283 1997 3336 Ha-

416 3381 610 3447 matnl,
647 3380 756 3436 ﬁlia
781 3379 1030 3436 Jeremia:
1046 3379 1112 3434 de
1139 3377 1451 3432 Lobena.2.
1473 3375 1620 3445 )KEt
1654 3375 1994 3430 fecitmalum

417 3475 472 3530 in
531 3473 706 3530 oculis
763 3473 1024 3538 Domini,
1073 3471 1538 3542 quemadmodum
1589 3468 1718 3523 fecit
1763 3465 1991 3522 Joacim.

415 3568 470 3621 3.
513 3564 656 3632 Quia
687 3580 851 3635 super
883 3563 1126 3619 furorem
1177 3562 1393 3618 Domini
1427 3570 1546 3616 erat
1576 3558 1902 3625 Jerusalem,
1943 3568 1998 3614 et

415 3655 578 3722 Juda,
615 3671 788 3726 usque
816 3656 946 3710 dum
985 3655 1215 3726 proiecit
1243 3669 1339 3710 eos
1370 3670 1401 3708 a
1438 3652 1576 3708 facie
1612 3667 1734 3715 sua,
1767 3661 1822 3706 et
1842 3651 1996 3706 elon-

415 3749 630 3822 gavitse
650 3746 874 3802 Sedecia
893 3745 957 3818 (ι)
978 3761 1006 3799 a
1029 3761 1153 3817 rege
1173 3745 1462 3816 Babylonis
1480 3745 1527 3814 ζ.
1543 3744 1596 3796 4.
1611 3742 1674 3797 Ει
1697 3742 1898 3797 factum
1911 3749 1998 3796 est

415 3841 472 3895 in
501 3853 646 3895 anno
677 3852 826 3893 nono
849 3837 1000 3907 regni
1033 3837 1174 3907 ejus,
1214 3838 1269 3891 in
1302 3851 1491 3891 mense
1512 3835 1746 3902 decimo,
1784 3834 1996 3890 decimo

413 3931 639 3996 mensis,
655 3927 1309 3988 venitNabuchodonosor
1320 3943 1415 3982 rex
1426 3927 1738 3998 Babylonis,
1754 3933 1809 3981 et
1817 3926 1996 3981 omnis

412 4022 659 4094 potentia
688 4024 810 4092 ejus
839 4036 1003 4090 super
1031 4018 1360 4085 Jerusalem,
1405 4020 1486 4090 (ιι)
1528 4029 1595 4075 et.
1636 4017 1997 4074 circumdedit

413 4129 535 4168 eam
570 4113 742 4179 fossa,
775 4122 830 4168 et
863 4113 1154 4168 aediﬁcavit
1191 4113 1360 4168 cinxit
1401 4128 1522 4168 eam
1566 4111 1826 4168 oneribus
1858 4111 1996 4181 lapi-

411 4204 499 4260 dis
532 4203 910 4260 circumcirca.
943 4205 996 4259 5.
1023 4203 1089 4258 Et
1135 4207 1284 4260 venit
1314 4205 1446 4260 urbs
1489 4204 1567 4275 (a3)
1601 4203 1655 4258 in
1688 4203 1994 4271 angustiam

411 4309 585 4365 usque
603 4295 672 4348 ad
697 4310 904 4349 annum
930 4296 1281 4352 undecimum
1311 4296 1456 4366 regis
1476 4295 1736 4360 Sedecia,
1765 4293 1819 4348 6.
1847 4296 1914 4361 Χ
1939 4293 1995 4346 in

411 4399 604 4441 mense
633 4393 833 4454 quarto
857 4387 881 4456 ζ
909 4387 962 4441 in
1009 4402 1158 4443 nono
1205 4388 1430 4455 mensis,
1482 4397 1538 4444 et
1562 4388 1792 4442 invaluit
1821 4387 1993 4442 fames

411 4479 466 4533 in
495 4478 653 4544 urbe,
714 4487 772 4534 et
823 4493 930 4532 non
989 4489 1145 4534 erant
1175 4495 1344 4550 panes
1387 4481 1590 4551 populo
1638 4491 1815 4535 terrae.
1838 4480 1892 4534 7.
1929 4479 1995 4534 Et
2025 4471 2068 4527 0

409 4572 662 4640 disrupta
711 4578 798 4626 est
826 4569 982 4635 urbs,
1031 4579 1087 4626 et
1119 4585 1314 4628 omnes
1351 4573 1455 4627 viri
1503 4572 1800 4627 bellatores
1833 4569 1988 4641 fuge-

411 4675 563 4730 runt,
587 4672 644 4720 et
671 4663 958 4720 exiverunt
980 4679 1048 4720 ex
1077 4665 1216 4720 urbe
1239 4674 1400 4722 nocte
1419 4682 1516 4738 per
1549 4667 1692 4721 viam
1727 4666 1988 4738 porta:(y)

447 4887 510 4958 (ι)
530 4887 978 4961 A.,depra2dans.
1020 4889 1115 4961 (m)
1139 4889 1226 4958 8.,
1254 4892 1382 4961 quia
1413 4891 1573 4945 fortis
1602 4889 2280 4961 remuneratorDominus.

2123 534 2292 605 regis,
2323 543 2378 588 et
2409 533 2646 588 Chaldaei
2673 548 2837 605 super
2865 535 3000 590 urbe
3031 535 3086 589 in
3120 534 3372 599 circuitu,
3395 544 3450 590 et
3475 536 3693 591 iveruut

2124 627 2380 691 viam,ad
2428 625 2500 694 (ι)
2528 626 2729 680 Araba.
2780 626 2832 680 8.
2879 625 2945 680 Et
2989 637 3270 689 persecuta
3312 635 3396 682 est
3450 631 3691 697 potentia

2123 717 2506 774 Chaldaeorum
2530 727 2652 788 post
2674 731 2878 788 regem,
2901 727 2954 771 et
2980 719 3453 786 apprehenderunt
3472 736 3598 774 eum
3625 735 3691 773 +-

2121 825 2304 880 regem
2338 809 2618 864 Sedeciam
2648 810 2772 880 :(a)
2816 819 2968 865 trans
3015 808 3259 877 Jericho,
3291 811 3364 880 (ὁ)
3413 826 3468 869 et
3498 827 3691 867 omnes

2119 901 2263 956 servi
2291 900 2412 970 ejus
2454 901 2685 971 dispersi
2737 910 2867 955 sunt
2892 901 2961 955 ab
2994 917 3080 954 eo.
3123 901 3174 956 9.
3207 900 3274 956 Et
3322 912 3583 972 ceperunt
3605 917 3690 957 re-

2118 1009 2264 1065 gem,
2293 1003 2353 1048 et
2381 994 2656 1048 duxerunt
2679 1007 2804 1047 eum
2852 993 2920 1047 ad
2963 1008 3142 1062 regem
3171 992 3458 1064 Babylonis
3493 993 3548 1046 in
3582 991 3688 1046 De-

2117 1085 2306 1139 blatha
2359 1093 2560 1139 terram
2605 1081 2836 1137 Hamth
2865 1101 2879 1137 :
2909 1092 2964 1138 et
3007 1085 3224 1139 locutus
3263 1095 3349 1140 est
3378 1085 3427 1138 ei
3455 1099 3579 1138 cum
3602 1084 3690 1152 ju-

2115 1177 2284 1232 dicio.
2313 1175 2402 1230 to.
2438 1177 2509 1245 (r)
2537 1175 2604 1230 Et
2643 1176 2914 1247 jugulavit
2962 1193 3054 1231 rex
3099 1176 3388 1246 Babylonis
3412 1177 3551 1232 ﬁlios
3585 1158 3688 1230 s'e-

2116 1269 2283 1323 decia:
2312 1283 2500 1323 coram
2528 1267 2703 1322 oculis
2731 1267 2850 1336 ejus
2875 1287 2886 1320 :
2921 1279 2976 1322 et
3017 1282 3208 1322 omnes
3239 1268 3511 1338 principes
3534 1265 3691 1322 Juda:

2111 1359 2386 1432 jugulavit
2411 1362 2462 1414 in
2498 1360 2782 1415 Deblatha.
2817 1361 2901 1414 11.
2938 1359 3004 1414 Ει
3039 1362 3228 1418 oculos
3255 1363 3492 1418 Sedeciae
3515 1375 3689 1418 excar-

2115 1453 2279 1517 cavit,
2311 1463 2365 1507 et
2390 1453 2576 1522 ligavit
2603 1468 2728 1508 eum
2759 1453 2841 1525 (εἰ)
2871 1452 2927 1508 in
2955 1454 3345 1522 compedibus:
3380 1454 3448 1527 (ε)
3471 1456 3688 1510 etdedit

2112 1559 2237 1598 eum
2269 1544 2323 1597 in
2345 1543 2567 1598 domum
2595 1544 2662 1613 (f)
2693 1544 2930 1614 pistrini,
2956 1545 3199 1614 usquein
3222 1545 3388 1613 diem,
3411 1563 3520 1617 quo
3537 1563 3684 1602 mor-

2113 1643 2244 1690 tuus
2275 1645 2378 1691 est.
2414 1637 2501 1690 12.
2533 1636 2599 1690 Et
2630 1638 2685 1691 in
2731 1652 2919 1693 mense
2953 1638 3167 1708 quinto,
3217 1639 3425 1694 decimo
3454 1641 3681 1704 mensis,

2116 1726 2300 1794 )(hic
2345 1742 2523 1783 annus
2583 1729 2826 1784 decimus
2883 1743 3062 1783 nonus
3128 1727 3685 1787 Nabuchodonosoris

2778 1819 2924 1874 venit
2993 1817 3351 1876 Nabuzardan
3408 1821 3480 1891 (g)
3526 1823 3684 1891 ιιι-ἰη-

2107 1921 2237 1976 ceps
2267 1921 2590 1975 coquorum,
2621 1921 2774 1962 stans
2799 1917 2925 1963 ante
2971 1908 3164 1964 faciem
3194 1911 3336 1982 regis
3363 1909 3680 1982 Babylonis,

2106 1996 2161 2051 in
2196 1995 2499 2052 Jerusalem
2535 2017 2548 2052 :
2582 1999 2668 2054 15.
2693 2007 2750 2054 et
2795 1999 3035 2055 incendit
3079 2000 3300 2056 domum
3350 2001 3590 2068 Domini,
3627 2015 3686 2057 et

2105 2091 2330 2146 domum
2359 2091 2522 2161 regis,
2555 2090 2632 2162 (Ii)
2661 2100 2714 2145 et
2743 2106 2935 2147 omnes
2955 2093 3145 2148 domos
3173 2094 3343 2159 urbis,
3369 2103 3424 2150 et
3462 2109 3683 2151 omnem

2104 2183 2330 2238 domum
2380 2201 2633 2254 magnam
2683 2186 2928 2241 incendit
2972 2187 3028 2241 in
3061 2187 3226 2258 igne:
3265 2189 3352 2242 16.
3383 2199 3440 2243 et
3464 2204 3682 2244 omnem

2105 2290 2322 2329 murum
2357 2273 2660 2331 Jerusalem
2692 2277 3052 2332 circumcirca
3081 2279 3429 2346 destruxitx
3454 2281 3678 2348 omnis:

2104 2367 2346 2436 potentia
2366 2366 2774 2433 Chaldaaorum,
2792 2383 2915 2440 quae
2935 2384 3059 2424 cum
3084 2370 3326 2441 principe
3353 2388 3679 2442 coquorum.

2104 2457 2192 2510 15.
2213 2460 2281 2526 3K
2306 2458 2380 2513 De
2399 2469 2579 2515 autem
2608 2461 2942 2530 pauperibus
2969 2463 3174 2532 populi,
3209 2463 3302 2534 qui
3353 2465 3525 2519 relicti
3565 2468 3685 2521 fuer-

2103 2560 2232 2604 runt
2260 2553 2313 2605 in
2346 2551 2501 2617 urbe,
2531 2560 2588 2607 et
2615 2552 2675 2623 (ἰ)
2703 2551 3000 2618 dedititios,
3033 2554 3126 2624 qui
3149 2569 3209 2609 se
3249 2555 3577 2611 dediderunt
3613 2559 3682 2611 ad

2104 2655 2284 2710 regem
2313 2641 2606 2713 Babylonis
2634 2645 2692 2712 ζ,
2714 2652 2769 2698 et
2800 2642 3039 2715 reliquos
3073 2647 3278 2717 populi,
3310 2649 3531 2720 reliquit
3577 2649 3685 2705 Na-

2100 2731 2378 2788 buzardan
2403 2735 2658 2806 princeps
2679 2751 2981 2808 coquorum
3006 2756 3022 2794 :
3078 2739 3166 2794 16.
3190 2742 3257 2808 Χ
3286 2752 3342 2796 et
3372 2758 3438 2796 ex
3478 2758 3686 2813 paupe—

2101 2827 2253 2882 ribus
2283 2838 2442 2885 terra:
2487 2830 2709 2901 reliquit
2753 2829 3121 2887 Nabuzardan
3172 2833 3424 2903 princeps
3468 2849 3684 2904 coquo-

2099 2935 2222 2972 rum
2255 2920 2279 2989 ζ
2316 2919 2369 2974 in
2396 2930 2713 2991 oporatores
2749 2921 3054 2988 vinearum,
3087 2923 3165 2993 (k)
3193 2933 3247 2978 et
3295 2925 3350 2978 in
3380 2927 3679 2995 agricolas.

2102 3010 2188 3065 17.
2224 3010 2287 3064 Ει
2313 3013 2602 3069 columnas
2631 3013 2779 3079 aeris,
2812 3029 2934 3084 qua:
2964 3015 3020 3069 in
3053 3015 3221 3070 domo
3260 3015 3517 3083 Domini,
3545 3018 3610 3088 (ι)
3631 3030 3686 3072 et

2099 3102 2281 3166 bases,
2317 3112 2372 3157 et
2401 3119 2552 3158 mare
2583 3105 2731 3170 teris,
2754 3106 2901 3174 quod
2945 3106 2999 3160 in
3034 3106 3198 3162 domo
3236 3107 3474 3174 Domini,
3509 3109 3687 3182 frege-

2097 3205 2226 3248 runt
2249 3193 2591 3260 Chaldaei,et
2626 3208 2888 3266 ceperunt
2927 3201 2993 3267 Ἀ(
3031 3213 3194 3254 omne
3241 3201 3264 3269 ζ
3295 3217 3371 3255 :es
3397 3216 3590 3257 eorum
3626 3208 3680 3256 in

2097 3284 2425 3356 Babylonem
2455 3305 2470 3342 :
2509 3288 2591 3341 18.
2627 3290 2695 3358 λ(
2723 3288 2819 3359 (m)
2848 3297 2902 3344 et
2936 3292 3190 3356 cacabos,
3206 3301 3260 3346 et
3293 3292 3372 3362 (η)
3401 3309 3598 3363 scopas
3620 3297 3640 3363 ζ
3663 3336 3680 3357 .

2096 3387 2150 3433 et
2180 3393 2461 3443 coronam,
2506 3389 2562 3435 et
2599 3380 2675 3449 (ο)
2724 3381 2955 3450 phialas,
3018 3390 3074 3437 et
3119 3382 3361 3438 luscinas
3390 3387 3596 3449 carnis,
3628 3399 3683 3441 et

2096 3469 2280 3523 omnia
2298 3483 2428 3524 vasa
2447 3470 2594 3533 aeris,
2611 3469 2811 3538 quibus
2833 3469 3220 3526 ministrabant
3239 3473 3291 3526 in
3320 3474 3420 3538 eis,
3449 3477 3686 3541 Xsum-

2097 3571 2287 3616 serunt
2319 3562 2341 3630 ζ
2365 3580 2377 3614 :
2406 3563 2490 3617 19.
2516 3571 2572 3616 et
2599 3563 2677 3633 (p)
2713 3561 2982 3632 Saphoth,
3018 3569 3085 3633 Β(
3111 3577 3164 3620 et
3193 3564 3268 3635 (q)
3316 3564 3681 3632 Mazmeroth,

2094 3663 2150 3708 et
2187 3653 2258 3724 (r)
2291 3655 2632 3720 Mazracoth,
2658 3663 2713 3710 et
2748 3652 3066 3722 sutl‘us'oria,
3100 3668 3156 3713 et
3181 3658 3510 3715 candelabra
3547 3664 3604 3730 ζ,
3626 3675 3684 3716 et

2095 3744 2437 3816 paropsides,
2463 3755 2518 3802 et
2554 3756 2792 3816 pateras,
2821 3763 2943 3818 qua:
2975 3757 3132 3803 erant
3156 3749 3278 3803 auri
3311 3751 3455 3816 auri,
3481 3760 3538 3806 et
3558 3768 3684 3822 qua;

2094 3843 2254 3890 erant
2285 3837 2493 3907 argenti
2518 3839 2748 3908 argenti,
2778 3839 2977 3894 sumsit
3029 3839 3282 3910 princeps
3341 3855 3677 3912 coquorum.

2094 3927 2184 3983 20.
2220 3930 2289 3984 Et
2323 3931 2594 3985 columna:
2621 3929 2765 3995 duae,
2793 3942 2849 3986 et
2871 3945 3026 3986 mare
3054 3948 3248 3998 unum,
3279 3943 3333 3988 et
3348 3933 3516 3989 boves
3537 3935 3681 3989 duo-

2095 4020 2272 4076 decim
2306 4020 2454 4086 azris,
2485 4023 2550 4086 >ε<
2597 4021 2689 4076 isti
2721 4022 2743 4091 ζ
2789 4022 2892 4091 qui
2929 4031 3089 4078 erant
3141 4023 3214 4094 (s)
3243 4025 3345 4080 sub
3369 4025 3531 4088 mari,
3557 4041 3683 4094 quae

2095 4111 2228 4167 fecit
2259 4127 2355 4168 rex
2387 4112 2648 4168 Salomon
2677 4113 2730 4168 in
2759 4113 2984 4169 domum
3004 4113 3244 4180 Domini,
3274 4132 3383 4171 non
3403 4127 3522 4172 erat
3549 4132 3684 4187 pon-

2095 4203 2198 4258 dus
2228 4205 2354 4259 aeris
2379 4207 2445 4272 >3<
2469 4204 2721 4260 omnium
2767 4221 3024 4262 vasorum
3065 4207 3260 4262 horum
3289 4209 3312 4278 ζ
3339 4226 3354 4261 :
3391 4209 3483 4262 21.
3508 4217 3564 4263 et
3586 4224 3684 4264 co-

2097 4294 2299 4350 lumna:
2335 4297 2398 4365 (ε)
2450 4295 2670 4366 triginta
2706 4308 2760 4352 et
2791 4299 3036 4369 quinque
3073 4299 3384 4354 cubitorum
3441 4299 3681 4354 altitudo

2095 4391 2366 4444 columna:
2389 4389 2573 4457 unius,
2616 4399 2671 4446 et
2698 4391 2850 4446 ﬁlum
2897 4391 3188 4448 duodecim
3223 4393 3532 4448 cubitorum
3559 4395 3683 4449 ein-

2097 4483 2258 4552 gebat
2281 4496 2424 4546 eam,
2454 4490 2511 4538 et
2538 4484 2820 4539 crassities
2847 4484 2971 4550 ejus
3008 4493 3252 4555 quatuor
3269 4484 3568 4556 digitorum
3596 4484 3681 4554 (υ)

2097 4573 2454 4630 circumcirca
2489 4585 2506 4628 :
2534 4575 2624 4630 22.
2654 4575 2732 4645 (π)
2767 4584 2824 4631 et
2861 4576 3176 4648 epistylium
3220 4592 3385 4647 super
3412 4578 3494 4633 eis
3525 4579 3682 4641 aeris,

2098 4679 2154 4722 et
2184 4667 2506 4738 magnitudo
2551 4667 2789 4738 epistylii
2836 4669 3001 4725 unius
3054 4668 3300 4740 quinque
3325 4669 3639 4725 cubitorum
3661 4689 3680 4727 :

2343 4891 2422 4959 (η)
2445 4889 2534 4956 Α.,
2560 4889 2644 4956 8.,
2667 4899 2722 4944 et
2745 4890 3040 4960 principes.
3081 4889 3155 4960 (ο)
3180 4890 3268 4972 ᾼ.,
3302 4887 3388 4954 8.,
3411 4889 3574 4944 latus.
3592 4891 3681 5013 gi)

2346 4999 2381 5013 ..
2411 4959 2494 5013 8..
2523 4977 2668 5013 cum.
2708 4960 2779 5013 (rl
2811 4959 2893 5013 8..
2929 4976 3092 5013 super
3122 4974 3326 5013 aurcte.
3367 4961 3439 5013 (sl
3468 4960 3558 5013 A..
3639 5002 3679 5013 ..

411 4957 500 5025 A.,
536 4973 634 5027 pro
659 4957 985 5016 sufﬁcientia
1006 4957 1161 5027 vana,
1187 4957 1242 5016 et
1260 4957 1480 5017 familia:
1497 4977 1607 5082 Xro
1635 4960 1959 5017 sufﬁcientia
1983 4960 2143 5030 ignis.
2187 4961 2260 5030 (q)
2294 4957 2381 5026 Αζ,
2411 4959 2494 5025 8.,
2523 4977 2668 5015 cum.
2708 4957 2779 5031 (ἱ)
2811 4959 2893 5026 8.,
2928 4957 3100 5030 super
3122 4957 3326 5030 quiete.
3367 4961 3439 5028 (ε)
3468 4960 3558 5023 Α.,

411 5041 464 5082 et
505 5027 892 5082 dissolventur.
935 5031 1000 5082 (tl
1035 5029 1119 5082 8..
1152 5047 1342 5082 areae.
1386 5033 1464 5082 (ul
1551 5071 1586 5082 ..
1619 5042 1672 5082 et
1694 5040 1875 5082 castra
1908 5040 2141 5082 metatus
2170 5040 2253 5082 est
2280 5046 2443 5082 super
2458 5047 2600 5082 eam.
2625 5041 2680 5082 et
2695 5031 2964 5082 exstruxit
2988 5047 3152 5082 suner
3175 5046 3291 5082 eam
3335 5030 3521 5082 iugum
3557 5048 3558 5051 η

409 5041 464 5082 et
505 5027 892 5102 dissolventur.
935 5031 1000 5102 (ι)
1035 5029 1119 5096 8.,
1152 5047 1342 5102 ελτεεθ.
1386 5033 1464 5101 (u)

412 5097 557 5168 veris
582 5097 992 5156 circumcirca]
1047 5104 1128 5168 (az)
1167 5097 1345 5166 S.,'in
1372 5097 1760 5156 inclusionem.

409 5167 615 5240 labilis.
692 5168 769 5240 (a)
792 5170 889 5240 7A.,
917 5171 968 5224 in
988 5167 1350 5240 iplanitiebus.
1379 5169 1462 5236 8.,
1485 5172 1539 5223 in
1561 5172 1800 5227 deserto.

1976 5170 2018 5222 Α

1573 5074 1586 5098 ,
1619 5042 1672 5086 et
1694 5040 1875 5086 castra
1908 5040 2141 5085 metatus
2170 5040 2253 5084 est
2280 5046 2443 5098 super
2458 5047 2600 5095 eam,
2625 5041 2680 5084 et
2695 5031 2964 5085 exstruxit
2988 5047 3152 5098 super
3175 5046 3291 5099 eam
3327 5031 3521 5099 jugum
3557 5032 3680 5099 pul-

1838 5101 1915 5170 (y)
1947 5099 2035 5165 A.,
2077 5101 2218 5155 inter
2250 5099 2389 5154 duos
2405 5116 2616 5156 muros.

1881 5171 1955 5241 (ὁ)
1976 5170 2004 5222 Α

2104 5170 2474 5241 8.,ίθιίοηι-ηἰβ
2505 5168 2918 5240 potentiaejus.
2957 5168 2974 5170 “
2995 5173 3064 5241 (c)
3096 5170 3189 5236 Α.,
3216 5168 3455 5241 S.,ATh.,
3489 5177 3548 5222 et
3576 5171 3680 5222 im-

2699 5102 2774 5170 (κ)
2802 5100 2892 5166 Α.,
2956 5098 3492 5170 ριθῆὶιίθί.8.,γιιοιι
3521 5098 3682 5153 habi-

410 5237 662 5322 molavit.
704 5237 822 5320 '.(d)
857 5241 944 5308 Α.,
970 5237 1055 5322 8.,
1080 5242 1223 5295 aeris.
1288 5241 1374 5322 λίς)
1397 5253 1452 5322 et
1485 5242 1780 5322 duxiteum
1815 5237 1912 5322 rex
1939 5237 2236 5322 Babylonis
2270 5240 2322 5322 i_n
2370 5237 2741 5322 Babylonem.-
2797 5237 3261 5322 Inrisitationis.
3289 5237 3374 5322 8.,
3406 5242 3675 5322 carceris.

409 5308 487 5378 (g)
509 5307 598 5373 A.,
625 5307 904 5365 lanionum
931 5307 1204 5381 princeps.
1281 5307 1362 5381 (li)
1391 5312 1482 5373 A.,
1512 5319 1566 5364 et
1599 5327 1787 5367 omnes
1838 5311 2030 5366 domos
2048 5307 2410 5381 Jerusalem.

1056 5379 1135 5449 (Iri
1177 5379 1351 5444 A.,et
1398 5382 1457 5450 in,
1498 5393 1744 5450 pastores
1797 5381 1984 5434 boum.
2044 5379 2168 5450 ΤΙι..
2233 5381 2448 5434 Gabirn.
2499 5379 2591 5448 ’(1)
2622 5382 2711 5445 Α.,
2765 5391 2818 5435 et
2871 5379 3067 5435 fulcra.
3126 5379 3285 5450 Heln,
3321 5379 3675 5434 Machenoth.

1148 5460 1226 5522 (τι)
1292 5451 1383 5516 Α.,
1416 5449 1695 5522 forcipes,
1756 5460 1811 5506 et
1844 5465 2004 5520 scopa

2118 5449 2202 5513 8.,
2243 5450 2480 5522 forcipes
2504 5459 2562 5522 et
2589 5453 2853 5522 citharas.
2914 5453 3008 5522 7(0)
3045 5452 3138 5514 A.,
3187 5449 3272 5512 8.,

408 5385 609 5450 derunt
637 5382 979 5450 semetipsos.

409 5450 505 5516 (νη)
539 5447 627 5508 Α..
686 5446 768 5511 8.,
827 5446 880 5506 et
913 5451 1068 5505 ollas.

2488 5309 2549 5381 (ἰ)
2588 5310 2674 5370 8..
2709 5309 2985 5381 dedititios
3015 5310 3485 5381 suaispoute,_qui
3519 5309 3675 5363 deiti—

3328 5449 3674 5519 paropsides.

409 5490 505 5584 ἰὶὲἵ
519 5490 799 5578 imas.
823 5490 1383 5591 Ᾰ“.,”ἑι’ξι‹ἷὲίειὲ’ἕ‹ιυέὶῖ’
1405 5490 1811 5589 δ’.“ξίἷιίῗξῖ⁷ἑε.”
1827 5490 2004 5592 (ἷῆνὶῐί

413 5585 506 5637 Α..
550 5582 634 5637 8..
663 5595 718 5637 et
747 5590 1029 5637 verucula-
1072 5601 1127 5637 et
1146 5592 1318 5637 nalas-
1347 5589 1466 5637 ΤΙι.-
1500 5600 1555 5637 et
1584 5591 1856 5637 Iihatnria-
1935 5590 2003 5637 (εὶ

2104 5490 2480 5584 sapisti:
2492 5490 3008 5586 ἑῖξὲἴίῖῖἶὶἓῖὺυιὶὙ
3045 5490 3138 5592 ’ἃς
3170 5490 3671 5575 Χάὶδίὲἵέἓῖἑῖιὸξ

2112 5629 2126 5637 .
2161 5591 2263 5637 sub
2290 5591 2536 5637 hasihus-
2616 5592 2788 5637 (11.1--
2827 5591 2911 5637 Ω--
2948 5594 3272 5637 nntmlecim-
3353 5590 3433 5637 lui
3457 5591 3550 5637 Α--
3585 5589 3670 5637 8--

491 5625 506 5643 .
550 5582 634 5648 8.,
663 5595 718 5641 et
747 5582 1030 5651 verucula,
1072 5601 1127 5645 et
1146 5582 1318 5660 palas.
1347 5582 1555 5657 Th.,'ét
1583 5582 1856 5646 libatoria‘.

1935 5590 2003 5660 (ε)

2112 5629 2127 5654 ,
2161 5591 2263 5646 sub
2288 5591 2536 5645 basibus.
2616 5592 2788 5660 (0A.,
2827 5591 2913 5658 8.,
2948 5589 3272 5647 octodecim.
3353 5590 3433 5658 (ιι)
3456 5591 3550 5650 Α..
3585 5589 3670 5652 8.,

410 5666 543 5704 cava
585 5663 682 5709 :et
716 5673 777 5712 ca
819 5660 964 5714 itella
991 5675 1155 5730 super
1179 5676 1243 5713 ea
1270 5661 1412 5726 acris,
1446 5669 1500 5714 et
1532 5662 1759 5715 altitudo
1777 5661 2010 5727 capitelli
2045 5661 2210 5715 unius
2239 5662 2484 5730 quinque
2505 5663 2818 5718 cubitorum
2853 5680 2866 5718 :
2900 5677 3126 5720 corona.
3165 5661 3362 5716 KPUK
3376 5660 3670 5714 ΥΦΔΝΤΩο

410 5719 574 5776 ΤΟΝ.
651 5723 732 5784 (πὶ
893 5731 1342 5784 canutcolumnaa
1371 5745 1534 5784 super
1564 5746 1886 5784 unaauauuc
1906 5747 1971 5784 cx
2003 5730 2104 5784 eis.
2147 5731 2406 5784 ΓΕΙΣΟΣ.
2447 5732 2772 5784 epistulium.

399 5719 574 5787 from.
651 5723 732 5800 (π)

814 5768 855 5797 .,
893 5740 1055 5800 caput
1076 5731 1342 5786 columnae
1371 5745 1534 5801 super
1564 5746 1886 5801 unaquaque
1906 5747 1971 5786 ex
2003 5730 2104 5788 eis.
2147 5731 2406 5798 ΓΕΙΣΟΣ,
2447 5732 2772 5804 epistylium.
